2302 3938
118 145 181 218 218
462 157 493 207 c.
516 156 613 205 runnu
632 155 782 206 succum

89 333 103 372 a
119 317 147 378 A
162 315 368 380 Neocaesarea
382 331 469 393 supra
486 312 561 374 dicta
580 313 720 376 minorem
743 311 908 372 Armeniam
924 308 1017 388 byeus
1038 311 1122 372 amnis

120 402 308 473 disterminat.
346 407 392 460 est
410 407 440 460 et
455 395 605 458 Coeranus
627 398 703 456 intus
719 395 825 458 clarus.
860 399 888 458 in
912 415 963 456 ora
984 403 1073 455 autern
1089 395 1123 454 ab

122 485 224 546 Amiso
241 483 377 564 oppidum
393 491 423 544 et
438 481 543 544 llumen
559 477 710 560 Chadisia,
724 479 894 560 Lycastum,
911 498 927 541 a
945 497 1002 562 quo
1017 478 1125 540 Themi·

120 587 244 647 acyrana
262 571 355 646 regio.
442 630 448 639 ,

70 657 104 712 10
182 652 243 734 (4.)
273 652 328 712 lris
352 652 457 714 humen
483 651 622 714 delerens
646 647 762 728 Lycum.
805 652 907 712 civitas
934 647 1015 710 Ziela
1041 649 1150 725 intus,

121 737 229 799 nobilis
242 737 324 798 clade
338 735 430 796 Triari
439 745 469 798 et
481 737 604 798 victoria
618 732 649 796 C.
666 735 811 798 Caesaris.
833 737 863 796 in
875 753 926 796 ora
939 735 1028 794 amnis
1042 732 1129 793 Ther-

120 822 226 883 modon
242 829 322 882 ortus
338 819 373 880 ad
387 820 537 882 castellum
555 819 633 900 quod
653 830 759 882 vocant
774 819 934 882 Phanorian
955 827 1130 898 praeterque

120 906 234 966 radices
249 905 389 965 Amazoni
404 906 511 966 montis
529 905 639 984 lapsus.
678 905 732 965 luit
748 904 883 984 oppidum
899 903 1003 966 eodem
1018 905 1131 963 nominc

122 999 151 1050 et
168 990 225 1050 alia
245 991 389 1068 quinque,
410 989 617 1068 Amazonium,
641 985 845 1066 Themiscyra,
870 988 982 1064 Sotira,
1004 987 1132 1062 Amasin,

70 1078 101 1132 11
121 1072 264 1152 Comana,
290 1092 365 1134 nunc
389 1073 514 1136 Matium.
557 1071 588 1136 4.
621 1072 730 1135 Gentes
754 1071 931 1150 Caeuarum,
961 1068 1133 1146 Chalybum,

122 1159 258 1239 oppidum
273 1155 443 1236 Cotyorum,
459 1166 566 1237 gentes
581 1155 730 1236 Tibareni,
745 1156 872 1236 lilassyni
888 1159 965 1218 notis
982 1158 1134 1234 signantes

98 1315 104 1324 ,Ἴ
122 1261 259 1324 corpora,
274 1261 348 1320 gens
366 1241 748 1324 Macrocephali„oppidum
764 1239 905 1321 Cerasus,
920 1249 1025 1322 portus
1045 1238 1135 1300 Chor-

121 1329 204 1406 dule,
221 1336 326 1406 gentes
342 1327 496 1404 Bechires,
514 1327 640 1404 Buxeri,
655 1327 760 1389 llumcu
775 1326 879 1405 Helas,
893 1345 967 1404 gens
980 1323 1136 1386 blachem-

121 1433 190 1490 nes,
213 1411 314 1472 Sidoni
336 1411 499 1490 flumenque
521 1411 658 1472 Sidenum
679 1429 737 1491 quc
753 1411 877 1472 adluitur
896 1410 1035 1490 oppidum
1050 1409 1137 1470 Pele·

121 1498 246 1556 monium
263 1497 298 1556 ab
315 1495 417 1556 Amiso
434 1495 514 1556 CXX
529 1495 558 1556 Μ
576 1514 718 1576 passuum.
757 1495 825 1557 inde
844 1495 959 1556 llumina
977 1494 1137 1568 Iasonium,

120 1576 326 1658 Melanthium,
342 1588 372 1641 et
389 1580 423 1640 ab
440 1580 541 1641 Amiso
556 1579 704 1640 LXXXll
719 1599 856 1660 passuum
870 1579 1039 1642 Pharnacea
1057 1579 1139 1658 oppi-

121 1666 202 1744 mun,
225 1664 355 1744 Tripolis
371 1666 522 1726 castelium
547 1673 577 1726 et
593 1663 714 1742 lluvius,
734 1667 805 1724 item
820 1663 996 1742 Philoealia,
1021 1673 1054 1724 et
1078 1665 1139 1724 siue

122 1751 210 1812 lluvic
226 1752 296 1812 item
310 1749 490 1830 Liuiopolis,
520 1758 550 1811 et
571 1749 766 1810 aPharnaeea
783 1747 848 1810 CH
867 1765 1003 1828 passuum
1028 1747 1140 1826 Trape-

71 1842 104 1896 12
122 1855 172 1896 nus
188 1835 311 1896 liberum
328 1843 427 1896 monte
443 1843 526 1896 vasto
548 1833 684 1896 clausum.
720 1833 796 1894 ultra
811 1833 888 1914 quod
902 1852 977 1914 gens
992 1832 1142 1894 Armeno-

122 1920 278 1998 chalybes,
306 1927 337 1979 et
358 1921 450 1980 maior
473 1919 612 1980 Armenia
632 1916 717 1978 XXX
738 1917 767 1979 Μ
787 1936 923 1998 passuum
943 1917 1070 1979 distans.
1111 1917 1141 1976 ln

123 2023 173 2064 cra
192 2013 258 2064 ante
275 2002 457 2083 Trapezunta
475 2005 580 2066 flumen
596 2002 735 2081 Pyxites,
759 2001 833 2066 ultra
847 2019 921 2064 vero
936 2021 1012 2080 gens
1029 2002 1143 2062 Sanno-

123 2107 184 2148 rum
200 2085 423 2148 Henicchorum.
447 2087 552 2149 llumen
567 2087 728 2148 Absarrum
746 2107 810 2148 curn
825 2085 947 2149 castello
961 2091 1142 2165 cognomine

123 2175 150 2230 in
166 2173 297 2232 lancibus
314 2189 331 2232 a
348 2171 532 2252 Trapezunte
550 2169 664 2234 CXLH
678 2190 822 2250 passuum.
854 2171 925 2232 liius
941 2171 1000 2232 loci
1019 2191 1036 2232 a
1056 2179 1143 2250 tergo

121 2258 258 2316 montium
270 2254 389 2316 Hiberia
405 2265 467 2334 est,
483 2259 513 2317 in
527 2275 578 2318 cra
590 2274 663 2317 vero
675 2255 836 2336 Heniochi,
850 2256 1047 2336 Ampreutae,
1062 2257 1144 2334 Laui,

122 2341 237 2400 llumina
249 2340 445 2420 Acampseon,
462 2339 529 2419 lsis,
541 2341 674 2418 Mogrus,
691 2341 811 2420 Rathys,
827 2350 932 2420 gentes
949 2338 1144 2403 Colchorum.

123 2425 259 2506 oppidum
273 2423 405 2504 Matium,
430 2424 535 2486 llumen
550 2425 724 2486 Heracleum
742 2435 772 2486 et
787 2425 1021 2506 promunturium
1037 2427 1146 2488 eodem

72 2516 105 2571 13
123 2511 254 2588 nomine,
270 2509 507 2588 clarissimusque
523 2510 607 2570 Ponti
623 2509 735 2572 Phasis.
775 2512 868 2572 oritur
881 2512 910 2570 in
926 2509 1082 2590 Moschis,
1100 2531 1147 2572 na·

122 2596 237 2673 rigatur
248 2594 408 2674 quamlibet
419 2595 531 2672 magnis
544 2595 670 2670 navigiis
684 2593 1068 2674 XXXVllllleassuum,
1079 2597 1148 2657 inde

121 2679 281 2741 minoribus
298 2677 389 2756 lengo
410 2681 524 2758 spatio,
551 2679 690 2758 pentibus
707 2677 787 2741 CXX
808 2683 936 2758 pervius.
982 2681 1103 2760 oppida
1120 2685 1147 2740 in

121 2765 193 2842 ripis
222 2763 322 2823 habuit
351 2763 510 2842 conplura,
540 2763 733 2824 celeberrima
765 2763 944 2842 Tyndarida,
974 2763 1149 2826 Circaeum.

123 2845 253 2924 Cygnum
266 2855 297 2908 et
311 2849 341 2907 in
354 2848 485 2908 faucibus
503 2847 626 2910 Phasim.
660 2849 783 2910 maxime
799 2857 894 2916 autem
908 2847 1049 2910 inclaruit
1069 2851 1149 2925 Aea,

121 2929 177 2990 XV
192 2929 222 2990 Μ
237 2949 372 3010 passuum
387 2949 403 2992 a
423 2934 513 3010 mari,
536 2931 585 2994 ubi
606 2931 719 3012 Hippos
741 2941 772 2994 ct
788 2931 923 3010 Cyaneos
945 2935 1026 2994 vasti
1043 2951 1149 2996 amne:

123 3013 274 3076 ediverso
293 3017 323 3076 in
345 3034 409 3078 eum
427 3017 584 3076 conlluunt.
619 3035 694 3076 nunc
712 3016 802 3078 habet
826 3017 938 3078 Surium
960 3026 1099 3098 tantum,
1123 3041 1150 3080 ε·

121 3100 215 3178 ipsum
231 3099 267 3160 ab
283 3117 365 3162 amne
380 3100 521 3162 influente
533 3100 574 3162 ibi
590 3103 824 3178 cognominatum
840 3121 932 3180 usque
948 3121 1008 3181 quo
1025 3121 1139 3184 magua

122 3201 184 3242 rum
205 3185 318 3244 navium
341 3203 477 3265 capacem
498 3203 566 3246 csse
588 3185 721 3247 diximus.
762 3195 793 3248 et
815 3186 888 3248 alios
905 3189 1014 3266 accipit
1035 3188 1148 3252 lluvic.

121 3267 317 3346 magnitudine
339 3287 519 3350 numeroque
540 3269 708 3348 mirabiles,
732 3271 810 3332 inter
833 3289 906 3351 quos
930 3269 1088 3334 Glaucum.
1124 3279 1132 3334 i

72 3361 105 3414 14
123 3371 175 3414 ore
191 3353 254 3413 eius
269 3353 381 3415 insulae
397 3355 460 3416 sine
476 3356 591 3416 nomine
607 3356 643 3416 ab
660 3355 792 3418 Absarro
807 3354 886 3418 LXX
901 3353 936 3416 Μ,
972 3355 1048 3418 lude
1068 3360 1133 3420 aliu

123 3436 228 3500 humen
244 3436 387 3520 Charien,
411 3458 485 3518 gens
507 3439 617 3502 Saltiae
637 3443 762 3520 antiquis
777 3440 988 3522 Phthirophagi
1015 3441 1095 3504 dicti
1123 3465 1150 3505 er
