2364 3930
179 161 245 226 212
539 161 568 216 0.
586 161 686 216 PLINI
705 161 859 218 SECUNDI

179 311 311 395 mollius,
334 314 365 374 in
388 311 511 392 reliquis
533 311 669 393 partibus
693 315 786 374 tutius
808 329 876 372 vere
900 327 990 390 quam
1012 309 1115 372 dunos.
1144 319 1164 368 et

179 401 236 463 hoo
259 401 356 464 solum
378 403 416 462 iis
443 410 502 484 est,
529 420 585 464 nec
612 409 765 482 praeterea
793 399 880 462 aliud.
925 398 1000 460 nihii
1026 399 1101 459 intus
1124 399 1165 456 nisi

128 498 162 548 10
182 490 341 554 admodum
372 494 475 572 paucis
505 493 680 553 intestinum
709 491 890 572 inplicatam.
940 491 1041 568 itaque
1069 487 1165 548 divulsis

178 583 340 661 praecipua
362 583 501 642 vivacitas
524 589 555 642 et
577 583 707 661 partium
730 579 913 660 singularum
935 577 1096 658 palpitatio,
1115 578 1166 655 quia

179 687 385 750 quaecumque
409 677 455 731 est
477 672 553 732 ratio
576 669 673 731 vitalis
691 669 740 732 illa
758 689 819 731 non
837 670 928 730 certis
945 669 1026 728 inest
1043 665 1166 742 membris,

179 759 232 822 sed
254 767 319 821 toto
342 762 374 821 in
397 778 532 840 corpore,
555 762 676 821 minime
700 769 799 822 tamen
822 761 931 838 capite,
954 757 1105 834 solumque
1124 771 1165 814 non

179 857 316 910 movetur
339 851 397 910 nisi
420 867 490 910 oum
512 855 634 930 pectore
657 849 799 911 avurlsum.
839 849 871 909 in
893 846 975 908 nullo
999 863 1102 925 genere
1121 843 1166 923 plu·

177 955 226 998 res
250 945 321 998 sunt
342 939 447 1020 pedes,
479 947 509 1000 et
532 937 641 1019 quibus
664 957 700 1000 ex
723 938 770 1000 his
792 937 925 1018 plurimi,
952 936 1067 998 diutius
1090 936 1164 994 siunt

178 1024 304 1108 divulsa,
329 1030 416 1089 utin
439 1027 643 1108 scolopendris
666 1029 809 1090 videmus.
845 1026 955 1088 habent
974 1032 1074 1087 autem
1090 1021 1166 1084 oculos

176 1123 356 1196 praeterque
380 1135 396 1178 e
425 1116 563 1180 sensibus
591 1126 704 1180 tactum
731 1125 820 1198 atque
847 1123 1013 1198 gustatum,
1042 1114 1167 1192 aliquant

178 1203 349 1286 odoratum,
371 1225 465 1286 pauca
489 1215 519 1267 et
542 1208 685 1268 auditum.
1009 1210 1012 1218 ’

126 1300 159 1351 11
247 1287 281 1356 5.
306 1288 359 1376 (4)
384 1295 443 1356 Sed
465 1297 545 1357 inter
568 1299 667 1358 omnia
690 1315 724 1357 ea
746 1297 930 1376 principatus
949 1293 1060 1375 'apibus
1080 1301 1107 1352 et
1121 1294 1166 1350 iure

176 1385 337 1463 praecipua
365 1384 534 1468 admiratio,
563 1385 634 1446 solis
661 1405 698 1446 ex
725 1403 761 1446 eo
789 1403 898 1464 genere
925 1383 1080 1444 hominum
1104 1397 1166 1441 causa

176 1473 293 1550 genitis
340 1473 426 1534 mella
454 1474 650 1556 contrahunt,
679 1493 845 1554 sucumque
873 1473 1079 1535 dulcissimum
1103 1477 1166 1548 atquo

177 1559 405 1623 subtilissimum
428 1581 462 1624 ac
482 1563 719 1625 saluberrimum.
756 1565 837 1624 savos
861 1563 1037 1642 confingunt
1059 1569 1168 1621 etseras

176 1648 256 1713 mitte
284 1649 320 1711 ad
353 1669 427 1712 usus
455 1653 545 1733 vitae,
576 1651 709 1714 lahorem
736 1653 876 1734 tolerant,
905 1669 998 1736 opera
1029 1651 1170 1740 conficiunt,

176 1741 415 1819 rempublicam
434 1738 554 1822 habent,
573 1741 696 1802 consilia
713 1744 852 1823 privatim
871 1760 904 1802 ac
927 1741 1023 1801 duces
1045 1739 1167 1819 gregao'ut

107 1833 157 1885 ta
177 1835 223 1908 et,
251 1827 330 1908 quod
354 1831 481 1890 maxime
509 1832 620 1891 mirum
649 1833 701 1912 sit,
734 1849 834 1892 mores
862 1829 982 1891 habent.
1034 1836 1168 1909 praeterea,

177 1933 246 1978 oum
269 1919 330 1979 sint
357 1937 455 1998 neque
484 1921 633 1982 mansueti
659 1922 778 1999 generis
808 1937 905 2000 neque
936 1920 1007 2000 ieri,
1038 1925 1114 1979 tanto
1137 1923 1167 1976 est

176 2013 283 2068 natura
301 2025 405 2069 rorum
424 2016 458 2070 ut
475 2027 570 2088 prope
594 2028 631 2070 ex
653 2007 761 2070 umbra
783 2011 904 2071 minima
927 2007 1063 2070 animalis
1083 2007 1169 2080 incon

175 2094 307 2173 parabile
335 2098 470 2159 effecerit
497 2097 646 2177 quiddam.
692 2117 768 2178 quos
795 2099 943 2162 efficaciae
971 2097 1169 2171 industriaequ'

176 2189 280 2246 tantae
302 2202 510 2265 comparemus
534 2205 656 2270 nervos,
679 2205 754 2268 quas
776 2184 878 2250 vires?
904 2207 981 2269 quos
1004 2187 1110 2248 rationo¹
1118 2107 1169 2332 [pp]

176 2269 244 2332 dius
268 2271 357 2334 fidius
380 2271 482 2362 viros?
514 2274 574 2338 hoc
598 2284 680 2340 certe
702 2277 987 2358 praestantioribus,
1014 2277 1096 2356 quoti
1134 2271 1162 2284 ''

175 2376 287 2421 novere
306 2363 364 2422 nisi
383 2380 550 2427 commune.
584 2369 704 2428 nonsit
727 2367 764 2428 de
787 2369 884 2428 anima
907 2367 1056 2447 quaestio,
1078 2369 1168 2424 constet

175 2447 261 2510 etde
285 2452 438 2534 sanguine,
462 2455 639 2533 quantulum
662 2463 762 2517 tamen
786 2474 852 2518 esse
875 2458 907 2518 in
930 2455 1053 2517 tantulis
1074 2441 1166 2534 potest?

175 2538 367 2602 aestimemus
390 2549 494 2621 postea
516 2545 679 2623 ingenium.

123 2628 157 2680 13
245 2623 280 2710 6.
305 2623 358 2714 (5)
387 2630 492 2694 Hieme
520 2633 691 2694 conduntur
720 2665 762 2680 -
792 2633 872 2695 unde
901 2635 980 2695 enim
1008 2631 1046 2693 ad
1072 2631 1164 2710 pruina.

175 2718 319 2798 nivesque
343 2726 373 2780 et
396 2719 569 2799 aquilonum
591 2721 679 2783 flatus
708 2723 906 2802 perferendos
936 2717 1034 2782 vires?
1057 2753 1096 2762 —
1116 2731 1167 2775 scut

175 2813 205 2865 et
228 2809 342 2868 insecta
365 2810 477 2890 omnia,
510 2809 562 2870 sed
591 2812 689 2872 minuas
718 2811 770 2873 diu
798 2830 875 2894 quae
898 2809 1061 2892 parietibus
1082 2807 1165 2868 nostri:

247 3086 261 3134 1
281 3081 370 3137 tumus
384 3084 428 3138 12².
447 3087 534 3142 totius
548 3087 622 3142 11².
645 3088 726 3144 istius
740 3107 763 3144 r.
783 3089 886 3145 tostius
899 3089 968 3144 coni.
983 3087 1093 3142 Felsina
1104 3087 1166 3160 pii«

172 3150 237 3206 inde
256 3152 290 3206 ab
309 3153 359 3208 hoo
378 3156 435 3210 ioco
454 3162 475 3208 r
493 3174 550 3213 non
568 3161 690 3228 amplios
709 3161 826 3216 collatam
844 3166 890 3216 est.
963 3159 1091 3228 sitaque
1107 3151 1166 3223 inihi

174 3223 270 3276 catum
282 3227 317 3277 Ι.
393 3231 426 3280 10
445 3243 461 3280 e
479 3229 538 3284 edd.
554 3229 613 3285 Get.
639 3247 690 3286 om.
706 3232 734 3286 u.
752 3232 756 3301 Ι
772 3233 883 3287 tectum
896 3235 920 3286 ti.
946 3232 976 3286 ei
993 3232 1085 3286 actum
1097 3243 1117 3308 r,
1142 3293 1152 3305 η

174 3297 208 3346 14
222 3311 261 3348 oo
275 3311 372 3350 sucum
386 3298 577 3368 missoque?
634 3306 677 3356 15.
688 3309 722 3358 16
737 3319 816 3358 ceros
831 3303 910 3358 mille
924 3305 976 3358 itm
996 3303 1087 3356 cetere
1100 3308 1163 3351 ειωυ·τι

172 3368 224 3418 Da.
299 3371 332 3421 17
346 3368 564 3438 rempublicam
578 3388 602 3425 o.
622 3389 734 3444 semper
748 3375 776 3429 ll.
793 3375 797 3444 Ι
813 3374 999 3445 privatimque
1012 3379 1065 3426 Do.
1080 3373 1084 3440 Ι
1098 3369 1158 3448 eti·

173 3433 209 3488 sd
227 3453 250 3489 r.
325 3443 358 3493 aa
377 3439 458 3493 tanta
475 3457 501 3494 v.
529 3443 603 3496 -tum
621 3444 650 3498 u.
734 3451 767 3500 se
787 3447 888 3502 tantae
905 3463 930 3501 o.
955 3447 1009 3502 -tos
1028 3445 1056 3499 u.
1071 3443 1076 3510 Ι
1090 3445 1165 3496 muoz.

171 3506 212 3560 ed.
223 3505 281 3562 Get.
302 3525 378 3563 -nem
391 3510 435 3564 ι’.
455 3526 501 3565 -ue
515 3529 538 3565 r.
612 3520 646 3568 23
665 3517 882 3585 praestantioris
900 3533 960 3573 mom
977 3532 1031 3572 ros.
1045 3519 1070 3568 ὰ
1092 3527 1136 3564 -res
1147 3511 1165 3572 Tr

173 3573 275 3649 (quod
292 3595 348 3648 epo.
381 3598 436 3650 quo
456 3583 513 3636 lto.
600 3590 636 3639 24
658 3603 716 3641 non
734 3589 795 3642 lic.
829 3605 921 3646 nonne
939 3589 1032 3659 potius
1048 3583 1099 3641 ne?

171 3651 205 3698 28
224 3647 405 3716 perferendos
423 3669 447 3706 o.
476 3653 559 3708 -forre
578 3655 606 3708 u.
