2302 3938
190 225 270 307 mnu'.
288 259 381 309 mrsu.
400 259 466 308 1111.
492 253 608 308 ta-ta.
633 244 773 328 (ao-at.)
929 243 990 312 1t5

14 411 88 492 uaspi.
113 406 178 474 ilos
192 411 318 494 Riphaei
334 421 448 475 montes
470 423 500 475 et
515 413 634 476 adsiduo
657 416 733 476 nisus
754 431 822 476 casu
839 415 988 496 planarum

15 497 164 559 similitudine
174 497 379 579 Pterophoros
394 499 537 578 appellata
549 500 646 578 regio,
663 517 731 580 pars
746 499 841 561 mundi
859 501 988 564 damnata

14 601 112 648 arcuum
126 592 223 644 natura
245 592 277 644 et
292 581 383 646 densa
397 601 491 644 mersa
508 583 649 662 caligine,
673 600 768 664 neque
784 587 813 645 in
831 586 888 648 alio
905 604 987 665 quam

14 669 91 744 rigoris
105 685 193 746 opere
213 667 382 748 gelidisque
397 667 551 747 Aquilonis
568 669 793 748 conceptaculis.
832 669 914 732 Pcno
934 689 988 733 ecs
1005 673 1041 729 89

14 754 89 812 noutls
105 752 235 833 ultraque
257 751 435 832 Aquilonem
455 771 531 832 gens
551 751 624 814 felix
648 754 689 834 (si
716 755 888 835 oredimus),
915 771 988 836 quos

13 837 187 922 dpperboreos
205 835 408 918 appellavere,
424 855 535 898 annoso
552 837 635 916 degit
652 855 738 916 aevo,
753 839 896 900 sabulosis
911 841 989 902 cele·

14 921 230 985 bratamiraoulls.
260 921 304 983 Ibi
326 922 482 982 creduntur
498 941 566 983 esse
581 922 714 983 cardines
736 924 831 983 mundi
853 927 988 986 extremi-

13 1023 48 1083 que
60 1005 173 1071 siderum
192 1007 339 1067 amblinus
357 1009 511 1068 semenstri
528 1007 594 1068 lucc
611 1015 641 1068 et
655 1025 711 1068 uua
725 1005 772 1069 die'
791 1007 863 1069 solis
880 1013 989 1089 auersi,

13 1107 61 1166 unu,
74 1098 101 1150 ut
117 1092 239 1170 inperiti
257 1089 378 1170 dixere,
393 1091 428 1151 ab
448 1091 636 1170 aequinoctio
651 1109 745 1152 veruo
767 1094 796 1153 in
817 1103 986 1156 autumnum.

14 1174 74 1235 semel
90 1176 117 1235 iu
138 1193 216 1237 anno
236 1176 365 1236 solstitio
385 1177 518 1236 oriuntur
538 1176 583 1236 Itis
601 1175 699 1254 soles,
722 1177 880 1256 brumaque
896 1179 989 1240 semol

14 1257 117 1319 occidunt.
145 1261 235 1340 regio
257 1261 373 1340 aprica,
394 1259 472 1320 felici
491 1262 651 1340 temperie,
675 1263 751 1320 omni
771 1261 876 1323 addaiu
898 1265 988 1324 morio

14 1359 91 1405 careus.
120 1344 243 1406 domuus
257 1345 295 1404 iis
310 1361 429 1405 nemora
440 1343 574 1424 lucique,
592 1353 622 1405 et
636 1345 756 1406 deornm
772 1346 867 1407 cultus
882 1349 988 1408 uiritim

13 1431 191 1508 gregatimque,
209 1428 358 1490 discordia
372 1431 472 1508 ignota
489 1437 520 1489 et
535 1430 686 1508 aegritudo
705 1431 806 1490 cmuis.
837 1447 915 1492 mors
932 1449 989 1492 non

13 1513 46 1570 uisi
58 1514 181 1574 satietate
201 1516 283 1575 vitae
300 1513 425 1594 epulatis
441 1513 631 1594 delibutoque
647 1515 731 1575 senio
749 1514 819 1576 luxu
834 1535 851 1577 e
868 1517 988 1595 quadam

13 1615 58 1673 upe
72 1599 96 1657 in
107 1616 186 1660 mare
203 1599 379 1660 salientium.
409 1597 465 1659 boo
480 1617 575 1676 gersus
593 1599 762 1677 sepulturae
780 1600 985 1663 beatlssimum.

13 1677 97 1750 buldam
115 1699 168 1744 eos
190 1685 223 1743 im
245 1683 337 1763 prlma
351 1675 441 1762 ‘parte
463 1681 554 1744 Asiae
569 1682 686 1744 litorum
707 1700 852 1763 posuero,
879 1701 938 1746 non
959 1688 988 1745 in
1004 1697 1041 1751 90

13 1761 109 1845 Europa,
135 1767 203 1847 qula
226 1775 295 1828 sumt
316 1765 357 1828 ibi
378 1767 564 1829 similitudine
587 1775 617 1828 et
635 1770 729 1829 situas
745 1768 915 1830 Attacorum
937 1785 989 1831 nc·

12 1851 66 1910 uiue.
93 1851 138 1912 alii
153 1851 272 1914 medios
287 1851 389 1914 locere
411 1871 463 1914 eus
481 1853 558 1912 inter
572 1859 726 1932 utrumque
746 1853 855 1934 solem,
877 1855 990 1934 antipo-

13 1931 51 1994 lun
63 1953 197 1999 occeanus
217 1937 461 2016 exorientemque
476 1946 623 2015 nostrum,
638 1938 716 2017 quod
731 1939 794 1999 lleri
809 1938 988 2000 nullomodo
1085 1987 1088 1994 .

12 2028 77 2096 ptest
96 2029 149 2083 tam
173 2029 263 2084 vasto
280 2021 351 2084 mari
372 2021 598 2084 Interveniente.
634 2025 682 2101 qui
701 2022 770 2084 alibi
791 2041 874 2104 quarn
897 2025 926 2084 in
943 2041 988 2084 se·

11 2107 93 2166 monstri
113 2106 179 2168 luce
203 2109 387 2169 constituere
403 2125 473 2184 eos,
491 2123 594 2168 serere
616 2109 779 2185 matutinis,
793 2107 914 2169 meridie
929 2125 988 2168 me·

11 2195 62 2266 tere,
80 2191 232 2254 occidente
250 2193 349 2253 lctous
367 2192 503 2253 arborum
518 2191 702 2272 decerpere,
721 2193 854 2254 noctibus
873 2193 902 2253 in
921 2210 987 2272 spe·

11 2289 53 2331 suus
65 2276 140 2336 cnudi
158 2275 353 2339 tradiderunt.
384 2275 447 2338 Nec
462 2275 533 2337 licet
554 2276 687 2338 dubitare
709 2275 851 2355 degente
872 2295 924 2356 ea,
944 2285 988 2337 tot
1004 2285 1037 2340 tit

10 2366 107 2420 unctores
135 2361 269 2441 produnt
292 2360 407 2439 frugum
432 2361 574 2440 primitias
600 2361 706 2422 solitos
738 2361 841 2422 Delum
871 2363 987 2422 mittere

10 2437 102 2518 lpclllui
124 2462 214 2525 quem
236 2445 397 2526 praecipue
421 2444 526 2505 colunt.
567 2445 697 2524 uirgines
720 2445 855 2506 terebant
871 2465 923 2506 eas
937 2445 988 2506 lrc·

10 2525 72 2602 spitits
84 2532 215 2606 gendum
233 2545 290 2609 per
305 2547 396 2590 anuos
413 2529 524 2607 allquot
543 2528 748 2607 uenerabiles,
770 2529 864 2591 donec
880 2530 988 2590 violata

10 2607 42 2668 ide
56 2613 78 2672 lu
95 2615 240 2692 proximis
262 2613 427 2674 accolarum
450 2613 555 2672 linibus
576 2613 727 2692 deponere
746 2629 828 2674 sacra
849 2631 885 2674 ea
906 2613 988 2673 iusti·

10 2695 75 2774 luere,
87 2696 173 2777 bique
190 2699 229 2760 ad
242 2699 440 2759 conterminos
456 2695 575 2758 delerre
583 2742 592 2773 ,
605 2706 693 2776 atque
709 2700 749 2758 ita
764 2698 867 2758 Delum
884 2715 985 2775 usqne.

10 2793 50 2837 nur
71 2789 97 2842 et
120 2783 179 2844 boc
211 2785 308 2863 ipsum
337 2781 478 2844 exolevit.
524 2781 700 2860 Sarmatiae,
733 2781 885 2861 Scytblae,
915 2780 988 2842 Tau·

10 2859 72 2940 rime,
104 2869 259 2947 cmulsque
294 2885 311 2928 a
340 2865 525 2946 Borysthene
556 2885 639 2926 amne
676 2875 804 2927 tracturus
835 2865 987 2944 longitudo

10 2941 208 3014 ttttctxxx
235 2949 281 3030 II,
307 2950 430 3012 latitudo
455 2948 603 3012 bccxvt
620 2949 651 3011 II
671 2969 687 3010 a
709 2950 744 3011 Μ.
770 2951 903 3030 Agrippa
932 2959 987 3010 tra·

10 3025 44 3174 litha
64 3045 110 3096 est.
153 3055 215 3116 ego
241 3035 382 3097 incertam
410 3036 439 3096 lu
467 3033 688 3097 baeterrarum
718 3043 802 3114 parte
826 3053 988 3096 mensuram

10 3119 108 3180 aritror.
647 3161 649 3165 .
831 3147 835 3156 ’

47 3201 115 3286 (il.)
136 3205 251 3268 Verum
272 3207 404 3268 instituto
422 3204 523 3266 crdlne
540 3204 654 3284 reliqua
672 3204 755 3265 buius
772 3206 870 3264 sinuus
893 3205 987 3266 dican·

10 3287 49 3361 itt,
63 3297 87 3348 et
98 3293 185 3352 maria
200 3289 319 3371 quidem
335 3291 398 3352 eius
412 3291 647 3369 nuncupavimus.

51 3371 89 3434 13.
107 3375 321 3457 Hellespontus
336 3374 452 3435 insulas
466 3391 524 3435 non
541 3374 630 3436 habet
647 3376 680 3434 in
700 3372 819 3452 Europa
839 3371 985 3434 dicendas.
1002 3379 1036 3432 92

13 3451 118 3519 itlooto
140 3459 234 3539 dirae,
259 3457 288 3521 Μ
306 3459 333 3520 D
352 3477 430 3538 pass.
458 3457 494 3518 ab
515 3457 649 3538 Europa,
675 3457 757 3519 XIIII
782 3456 811 3517 Μ
832 3457 867 3517 ab
897 3457 986 3534 ostio,

15 3529 129 3624 itureae,
142 3544 178 3606 ab
195 3544 260 3606 aliis
278 3543 490 3625 Symplegades
507 3541 693 3624 appellatae,
708 3543 888 3669 traditapque
904 3539 985 3600 iabu-
