2302 3938
108 243 169 310 190
457 258 488 308 o.
507 258 603 308 surm
620 257 770 308 sueonos

105 414 150 476 his
170 415 206 476 ad
229 411 414 494 Trogodytas
436 413 549 474 hiberni
574 431 715 475 oocasuus
739 412 826 494 plaga
848 411 960 476 dierum
976 412 1037 476 vtr
1057 417 1128 494 iter,

105 517 168 560 oum
190 499 294 578 quibus
311 499 512 560 commercium
529 505 659 575 gemmae
681 505 790 558 tantum
811 514 895 577 qnam
917 498 1129 560 carbunculum

54 591 87 645 35
104 601 241 644 vocamus
265 601 304 644 ex
329 581 487 663 Aethiopia
511 584 655 643 invectae.
695 581 857 644 Intervenit
883 583 919 644 od
944 581 1129 644 solitudines

106 667 226 728 Africae
257 682 344 748 supra
367 669 507 728 minorem
525 667 633 744 Syrtim
656 662 749 727 dictas
774 683 862 728 versa
881 665 1052 746 Phacuuia,
1080 668 1129 728 ubi

104 762 222 830 gentem
245 751 470 830 Phazaniornm,
496 749 637 852 urbisque
658 750 766 812 Aleion
793 759 823 812 et
844 749 979 813 Cillibam
1003 752 1131 830 subegi·

104 851 183 913 mus,
198 839 267 897 item
284 833 440 912 Cydamum
456 835 772 915 cregioneSabratae.
802 835 852 895 Ab
868 835 913 896 his
928 849 1014 896 mons
1033 835 1130 914 longo

105 923 200 1000 spatio
215 921 248 980 'in
270 937 405 982 occasum
427 921 463 981 ab
480 929 547 981 ortu
570 919 662 982 tendit
683 919 759 980 riter
776 921 886 981 nostris
902 920 1022 998 dictus,
1048 937 1131 980 anu·

54 1012 87 1064 36
104 1014 186 1082 tura,
201 1005 303 1066 adusto
320 1004 421 1066 similis
438 1013 486 1066 aut
507 1005 580 1066 solis
597 1018 775 1084 repercussu
789 1016 924 1066 accenso.
962 1004 1047 1065 ultra
1064 1023 1131 1066 eum

104 1089 243 1168 deserta,
258 1107 327 1150 mox
342 1087 471 1168 Thelgue
488 1087 623 1169 oppidum
636 1088 852 1165 Garamantum,
865 1090 995 1167 itemque
1012 1087 1130 1150 Debris

104 1172 206 1235 adfuso
223 1175 306 1235 lonte
329 1174 454 1235 amedio
474 1173 522 1234 dia
539 1171 574 1233 ad
590 1171 712 1234 mediam
735 1181 851 1233 noctem
876 1174 958 1250 aquis
975 1173 1130 1234 ferventi·

103 1258 157 1318 bus
181 1259 361 1338 totidemque
376 1258 458 1318 horis
481 1257 516 1318 ad
536 1257 659 1318 medium
682 1256 758 1317 diem
781 1255 963 1334 rigentibus,
990 1257 1132 1318 clarissi-

103 1361 235 1422 mumque
258 1341 377 1404 Garama
400 1351 486 1422 caput
510 1339 726 1420 Garamantum,
753 1343 847 1402 omnia
867 1342 954 1402 armis
978 1339 1131 1402 Romanis

104 1437 240 1506 superata
258 1425 316 1487 etri
334 1424 473 1487 Cornelio
485 1425 577 1487 Balbo
594 1425 779 1506 triumphata,
791 1427 874 1486 unlus
889 1427 1020 1486 omnium
1039 1445 1132 1488 curru

104 1520 228 1572 externo
253 1520 284 1571 et
305 1508 459 1584 Quiritium
484 1513 547 1571 iure
574 1511 693 1572 donato.
734 1512 842 1589 quippo
861 1507 989 1570 Gadibus
1018 1515 1131 1589 genito

102 1596 205 1656 civitas
225 1594 354 1657 Romana
372 1614 435 1656 cum
456 1593 547 1656 Balbo
566 1597 675 1657 maiore
698 1603 801 1675 patruo
821 1593 885 1655 data
900 1602 956 1655 est.
1000 1593 1050 1656 Et
1073 1597 1151 1657 hoc²

102 1681 218 1758 mirum,
232 1699 319 1760 supra
339 1679 415 1740 dicta
430 1679 536 1760 oppida
552 1679 587 1741 ab
605 1697 642 1742 co
658 1687 743 1760 capta
759 1685 894 1740 auctores
909 1675 1041 1740 nostros
1061 1700 1132 1760 pro·

101 1763 228 1844 didisse,
256 1766 350 1844 ipsum
373 1766 402 1824 iu
424 1764 570 1845 triumpho
594 1771 713 1842 practer
736 1761 890 1839 Cydamum
912 1771 941 1823 et
966 1763 1132 1826 Garamam

103 1849 226 1908 omnium
251 1849 368 1910 aliarum
394 1851 524 1928 gentium
555 1848 724 1927 urbiumque
752 1851 866 1909 nomina
898 1866 932 1908 ac
962 1847 1132 1911 simulacra

51 1938 83 1996 37
101 1933 240 2009 duxisse,
262 1950 336 2013 quae
353 1933 623 1996 ierehocordine.
644 1931 803 1994 Tabudium
824 1931 980 2032 oppidum,
1004 1929 1132 1996 Niteris

102 2019 180 2076 natio
189 1977 313 2096 ,lliglis
333 2017 463 2079 Gemella
481 2018 633 2098 oppidum,
648 2013 788 2078 Bubeium
806 2018 884 2078 natio
900 2015 948 2076 rel
965 2019 1150 2097 oppidum

100 2099 186 2179 Enipi
205 2104 301 2179 natio,
317 2101 439 2163 Thuben
455 2103 607 2182 oppidum,
622 2119 705 2162 mons
720 2103 836 2162 nomine
849 2099 954 2178 Niger,
968 2100 1131 2164 Nitibrum
1149 2131 1150 2182 p

100 2178 197 2263 Rapsa
214 2185 336 2266 oppida,
352 2182 587 2267 Timocreontis,
603 2186 691 2248 Decri
711 2185 864 2266 oppidum,
887 2185 995 2246 humen
1012 2185 1131 2250 Natha-

101 2267 171 2345 bur,
197 2267 379 2350 Thapsagum
408 2269 560 2351 oppidum,
587 2269 715 2349 Tamiagi
742 2272 840 2347 natio,
866 2267 939 2330 Boin
964 2274 1131 2352 oppidum,

100 2349 180 2430 Pege
197 2353 351 2434 oppidum,
369 2353 473 2418 homeri
489 2353 641 2432 Dasibari,
657 2371 726 2414 mox
745 2355 852 2433 oppida
873 2355 1015 2416 contiuua
1036 2357 1130 2418 Bara-

101 2453 180 2514 cum,
195 2437 304 2499 Buluba
313 2441 449 2518 ‚Alasit,
472 2438 570 2516 Galia,
592 2437 688 2516 Bnlla,
711 2436 852 2517 hlaxalla,
871 2437 1009 2517 Giuauia,
1037 2461 1131 2502 mous

48 2529 81 2582 38
100 2519 193 2598 Gyri
184 2541 214 2583 ru
229 2541 286 2601 quo
301 2541 428 2603 gemmas
444 2527 523 2585 nasci
539 2523 640 2584 titulus
655 2523 846 2602 praecessit'
864 2522 910 2582 Ad
926 2521 1132 2586 Garamantas

98 2607 156 2666 iter
176 2607 383 2687 inexplicabile
404 2609 496 2670 adhuc
518 2609 572 2670 luit
599 2607 762 2668 latronibus
787 2609 886 2685 gentis
913 2607 979 2668 eius
1008 2620 1132 2687 puteos

100 2691 163 2769 (qui
182 2701 247 2752 sunt
262 2712 320 2754 non
339 2693 397 2756 alte
413 2693 557 2768 fodiendi,
579 2694 603 2752 si
620 2691 751 2753 locorum
767 2693 869 2753 notitia
884 2691 977 2769 adsit)
994 2692 1131 2756 harenis

81 2777 307 2854 operientibus.
336 2795 477 2858 proxumo
499 2736 597 2856 hello,
613 2776 691 2856 quod
713 2795 776 2838 cum
794 2775 959 2837 Oeensibus
985 2789 1131 2854 gessere

97 2861 187 2919 initiis
214 2860 388 2942 Vespasiani
417 2863 622 2943 imperatoris,
655 2861 847 2940 conpendium
873 2861 937 2920 viae
965 2866 1130 2940 quatridui

97 2941 311 3021 deprehensum
326 2957 380 3008 est
409 2947 488 3008 hcc
480 2956 537 3008 rter
553 2955 676 3008 vocatur
690 2945 812 3007 Praeter
826 2953 912 3024 caput
927 2946 1001 3004 saxi
1039 2947 1130 3009 Finis

98 3023 274 3104 Cyrenaicus
287 3029 491 3093 Catabathmus
505 3031 679 3110 appellatur,
693 3030 829 3110 oppidum
841 3038 871 3089 et
884 3027 968 3089 vallis
984 3044 1147 3132 repente

96 3129 238 3174 convexa.
267 3113 301 3174 ad
320 3135 384 3176 eum
398 3117 549 3178 terminum
566 3113 727 3193 Cyrenaica
742 3114 843 3176 Africa
867 3131 883 3174 a
898 3113 979 3188 Syrti
995 3113 1147 3178 minore

94 3213 127 3264 Χ
145 3195 195 3256 LX
210 3197 239 3257 hl
257 3216 391 3277 passuum
405 3201 435 3262 in
457 3199 667 3279 longitudinem
683 3207 781 3280 patet,
806 3200 836 3259 in
851 3197 1041 3260 latitudinem
1070 3222 1131 3282 quo

95 3283 239 3360 cognitum
259 3292 304 3343 est
319 3282 458 3346 DGGCX

44 3375 77 3429 39
158 3362 247 3430 6.6
211 3364 247 3446 (6
250 3367 273 3445 .)
302 3363 383 3440 Quae
405 3371 535 3450 sequitur
558 3371 642 3450 regio
664 3367 805 3430 Mareotis
827 3367 917 3446 Libya
940 3367 1127 3447 appellatur

94 3452 232 3530 Aegypto
261 3457 447 3516 contermina.
493 3463 594 3516 tenerit
626 3453 831 3531 Marmaridae,
863 3453 1127 3529 Adyrmachidae,

94 3534 334 3601 deiuhlareotae.
355 3559 488 3602 mensura
507 3559 522 3600 a
542 3537 727 3601 Catabathmo
740 3538 940 3600 Paraetonium
954 3535 1125 3602 lxxxvi
