<?xml version="1.0" encoding="UTF-8"?>
<!DOCTYPE html PUBLIC "-//W3C//DTD XHTML 1.0 Transitional//EN"
    "http://www.w3.org/TR/xhtml1/DTD/xhtml1-transitional.dtd">
<html xmlns="http://www.w3.org/1999/xhtml" xml:lang="en" lang="en">
 <head>
  <title>
</title>
<meta http-equiv="Content-Type" content="text/html;charset=utf-8" />
  <meta name='ocr-system' content='tesseract 3.04.00' />
  <meta name='ocr-capabilities' content='ocr_page ocr_carea ocr_par ocr_line ocrx_word'/>
</head>
<body>
  <div class='ocr_page' id='page_1' title='image "./naturalishistor02plingoog_0496.png"; bbox 0 0 2340 3934; ppageno 0'>
   <div class='ocr_carea' id='block_1_1' title="bbox 144 157 814 230">
    <p class='ocr_par' dir='ltr' id='par_1_1' title="bbox 144 157 814 230">
     <span class='ocr_line' id='line_1_1' title="bbox 144 157 814 230; baseline -0.021 0"><span class='ocrx_word' id='word_1_1' title='bbox 144 164 208 230; x_wconf 80' lang='lat'><strong>116</strong></span> <span class='ocrx_word' id='word_1_2' title='bbox 491 157 814 216; x_wconf 70' lang='lat' dir='ltr'><strong>eminenciorem</strong></span> 
     </span>
    </p>
   </div>
   <div class='ocr_carea' id='block_1_2' title="bbox 81 307 1169 3106">
    <p class='ocr_par' dir='ltr' id='par_1_2' title="bbox 81 307 1169 3106">
     <span class='ocr_line' id='line_1_2' title="bbox 144 307 1162 396; baseline -0.005 -21"><span class='ocrx_word' id='word_1_3' title='bbox 144 319 318 396; x_wconf 78' lang='lat' dir='ltr'><strong>spectantur</strong></span> <span class='ocrx_word' id='word_1_4' title='bbox 346 331 380 373; x_wconf 92' lang='lat' dir='ltr'><strong>ea</strong></span> <span class='ocrx_word' id='word_1_5' title='bbox 406 311 520 392; x_wconf 86' lang='lat' dir='ltr'><strong>proelia</strong></span> <span class='ocrx_word' id='word_1_6' title='bbox 548 330 604 371; x_wconf 90' lang='lat' dir='ltr'><strong>ceu</strong></span> <span class='ocrx_word' id='word_1_7' title='bbox 632 312 708 371; x_wconf 90' lang='lat' dir='ltr'><strong>mari</strong></span> <span class='ocrx_word' id='word_1_8' title='bbox 730 311 787 390; x_wconf 92' lang='lat' dir='ltr'><strong>ipsi</strong></span> <span class='ocrx_word' id='word_1_9' title='bbox 813 307 871 370; x_wconf 90' lang='lat' dir='ltr'><strong>sibi</strong></span> <span class='ocrx_word' id='word_1_10' title='bbox 892 309 986 394; x_wconf 85' lang='lat' dir='ltr'><strong>irato,</strong></span> <span class='ocrx_word' id='word_1_11' title='bbox 1015 309 1109 372; x_wconf 87' lang='lat' dir='ltr'><strong>nullis</strong></span> <span class='ocrx_word' id='word_1_12' title='bbox 1134 313 1162 370; x_wconf 91' lang='lat' dir='ltr'><strong>in</strong></span> 
     </span>
     <span class='ocr_line' id='line_1_3' title="bbox 141 398 1164 484; baseline -0.007 -20"><span class='ocrx_word' id='word_1_13' title='bbox 141 405 209 464; x_wconf 92' lang='lat' dir='ltr'><strong>sinu</strong></span> <span class='ocrx_word' id='word_1_14' title='bbox 232 404 341 484; x_wconf 88' lang='lat' dir='ltr'><strong>ventis,</strong></span> <span class='ocrx_word' id='word_1_15' title='bbox 371 400 514 462; x_wconf 90' lang='lat' dir='ltr'><strong>lluctibus</strong></span> <span class='ocrx_word' id='word_1_16' title='bbox 536 419 607 460; x_wconf 86' lang='lat' dir='ltr'><strong>vero</strong></span> <span class='ocrx_word' id='word_1_17' title='bbox 636 399 673 460; x_wconf 91' lang='lat' dir='ltr'><strong>ad</strong></span> <span class='ocrx_word' id='word_1_18' title='bbox 696 398 843 460; x_wconf 80' lang='lat' dir='ltr'>anhelitus</span> <span class='ocrx_word' id='word_1_19' title='bbox 866 401 1008 480; x_wconf 83' lang='lat' dir='ltr'><strong>ictusque</strong></span> <span class='ocrx_word' id='word_1_20' title='bbox 1038 409 1164 480; x_wconf 78' lang='lat' dir='ltr'><strong>quantm</strong></span> 
     </span>
     <span class='ocr_line' id='line_1_4' title="bbox 88 487 1162 568; baseline -0.005 -13"><span class='ocrx_word' id='word_1_21' title='bbox 88 505 122 555; x_wconf 78' lang='grc'><strong>14</strong></span> <span class='ocrx_word' id='word_1_22' title='bbox 140 492 214 555; x_wconf 91' lang='lat' dir='ltr'><strong>nulli</strong></span> <span class='ocrx_word' id='word_1_23' title='bbox 236 491 372 553; x_wconf 85' lang='lat' dir='ltr'><strong>turbines</strong></span> <span class='ocrx_word' id='word_1_24' title='bbox 395 490 519 551; x_wconf 89' lang='lat' dir='ltr'><strong>volvant.</strong></span> <span class='ocrx_word' id='word_1_25' title='bbox 562 507 632 554; x_wconf 87' lang='lat' dir='ltr'><strong>orca</strong></span> <span class='ocrx_word' id='word_1_26' title='bbox 655 491 740 550; x_wconf 90' lang='lat' dir='ltr'><strong>etin</strong></span> <span class='ocrx_word' id='word_1_27' title='bbox 762 496 851 568; x_wconf 91' lang='lat' dir='ltr'><strong>portu</strong></span> <span class='ocrx_word' id='word_1_28' title='bbox 873 487 1010 552; x_wconf 85' lang='lat' dir='ltr'><strong>Ostiensi</strong></span> <span class='ocrx_word' id='word_1_29' title='bbox 1033 491 1102 550; x_wconf 85' lang='lat' dir='ltr'><strong>visa</strong></span> <span class='ocrx_word' id='word_1_30' title='bbox 1124 499 1162 550; x_wconf 80' lang='lat' dir='ltr'><strong>est</strong></span> 
     </span>
     <span class='ocr_line' id='line_1_5' title="bbox 140 578 1163 664; baseline -0.009 -20"><span class='ocrx_word' id='word_1_31' title='bbox 140 589 309 664; x_wconf 80' lang='lat' dir='ltr'><strong>oppugnata</strong></span> <span class='ocrx_word' id='word_1_32' title='bbox 332 600 348 643; x_wconf 89' lang='lat' dir='ltr'><strong>a</strong></span> <span class='ocrx_word' id='word_1_33' title='bbox 372 579 494 641; x_wconf 85' lang='lat' dir='ltr'><strong>Claudio</strong></span> <span class='ocrx_word' id='word_1_34' title='bbox 517 581 662 660; x_wconf 78' lang='lat' dir='ltr'><strong>prinpre.</strong></span> <span class='ocrx_word' id='word_1_35' title='bbox 709 585 830 640; x_wconf 92' lang='lat' dir='ltr'><strong>venerat</strong></span> <span class='ocrx_word' id='word_1_36' title='bbox 857 586 923 640; x_wconf 91' lang='lat' dir='ltr'><strong>tum</strong></span> <span class='ocrx_word' id='word_1_37' title='bbox 947 578 1163 641; x_wconf 80' lang='lat' dir='ltr'><strong>exaedificante</strong></span> 
     </span>
     <span class='ocr_line' id='line_1_6' title="bbox 140 667 1165 752; baseline -0.005 -19"><span class='ocrx_word' id='word_1_38' title='bbox 140 689 176 733; x_wconf 90' lang='lat' dir='ltr'><strong>ec</strong></span> <span class='ocrx_word' id='word_1_39' title='bbox 190 679 311 752; x_wconf 89' lang='lat' dir='ltr'><strong>portum</strong></span> <span class='ocrx_word' id='word_1_40' title='bbox 329 672 452 732; x_wconf 87' lang='lat' dir='ltr'><strong>inritata</strong></span> <span class='ocrx_word' id='word_1_41' title='bbox 471 669 632 748; x_wconf 80' lang='lat' dir='ltr'><strong>naufragiis</strong></span> <span class='ocrx_word' id='word_1_42' title='bbox 646 676 801 748; x_wconf 81' lang='lat' dir='ltr'><strong>tergorum</strong></span> <span class='ocrx_word' id='word_1_43' title='bbox 815 668 1012 732; x_wconf 86' lang='lat' dir='ltr'><strong>advectorum</strong></span> <span class='ocrx_word' id='word_1_44' title='bbox 1029 687 1049 729; x_wconf 90' lang='lat' dir='ltr'><strong>e</strong></span> <span class='ocrx_word' id='word_1_45' title='bbox 1067 667 1165 748; x_wconf 75' lang='lat' dir='ltr'><strong>Gallia,</strong></span> 
     </span>
     <span class='ocr_line' id='line_1_7' title="bbox 140 755 1164 840; baseline -0.004 -18"><span class='ocrx_word' id='word_1_46' title='bbox 140 763 309 840; x_wconf 82' lang='lat' dir='ltr'><strong>satiansque</strong></span> <span class='ocrx_word' id='word_1_47' title='bbox 334 779 366 822; x_wconf 90' lang='lat' dir='ltr'><strong>se</strong></span> <span class='ocrx_word' id='word_1_48' title='bbox 389 777 444 840; x_wconf 89' lang='lat' dir='ltr'><strong>per</strong></span> <span class='ocrx_word' id='word_1_49' title='bbox 468 758 636 839; x_wconf 80' lang='lat' dir='ltr'><strong>complures</strong></span> <span class='ocrx_word' id='word_1_50' title='bbox 657 755 722 818; x_wconf 89' lang='lat' dir='ltr'><strong>dies</strong></span> <span class='ocrx_word' id='word_1_51' title='bbox 745 757 860 819; x_wconf 86' lang='lat' dir='ltr'><strong>alveum</strong></span> <span class='ocrx_word' id='word_1_52' title='bbox 883 759 913 818; x_wconf 92' lang='lat' dir='ltr'><strong>in</strong></span> <span class='ocrx_word' id='word_1_53' title='bbox 927 759 1005 820; x_wconf 86' lang='lat' dir='ltr'><strong>vado</strong></span> <span class='ocrx_word' id='word_1_54' title='bbox 1030 757 1164 819; x_wconf 85' lang='lat' dir='ltr'><strong>sulcare·</strong></span> 
     </span>
     <span class='ocr_line' id='line_1_8' title="bbox 140 847 1163 928; baseline -0.007 -17"><span class='ocrx_word' id='word_1_55' title='bbox 140 858 187 911; x_wconf 91' lang='lat' dir='ltr'><strong>rat</strong></span> <span class='ocrx_word' id='word_1_56' title='bbox 210 849 385 910; x_wconf 88' lang='lat' dir='ltr'><strong>attumulata</strong></span> <span class='ocrx_word' id='word_1_57' title='bbox 398 847 540 910; x_wconf 77' lang='lat' dir='ltr'><strong>{luctibus</strong></span> <span class='ocrx_word' id='word_1_58' title='bbox 562 849 725 910; x_wconf 90' lang='lat' dir='ltr'><strong>intantum</strong></span> <span class='ocrx_word' id='word_1_59' title='bbox 744 855 779 908; x_wconf 93' lang='lat' dir='ltr'><strong>ut</strong></span> <span class='ocrx_word' id='word_1_60' title='bbox 792 849 954 928; x_wconf 82' lang='lat' dir='ltr'><strong>circumagi</strong></span> <span class='ocrx_word' id='word_1_61' title='bbox 972 847 1065 908; x_wconf 90' lang='lat' dir='ltr'><strong>nullo</strong></span> <span class='ocrx_word' id='word_1_62' title='bbox 1083 849 1163 908; x_wconf 86' lang='lat' dir='ltr'><strong>modo</strong></span> 
     </span>
     <span class='ocr_line' id='line_1_9' title="bbox 141 936 1165 1020; baseline -0.002 -22"><span class='ocrx_word' id='word_1_63' title='bbox 141 948 242 1020; x_wconf 90' lang='lat' dir='ltr'><strong>posset</strong></span> <span class='ocrx_word' id='word_1_64' title='bbox 265 946 305 1020; x_wconf 84' lang='lat' dir='ltr'><strong>et,</strong></span> <span class='ocrx_word' id='word_1_65' title='bbox 329 938 400 1000; x_wconf 90' lang='lat' dir='ltr'><strong>dum</strong></span> <span class='ocrx_word' id='word_1_66' title='bbox 419 939 550 1018; x_wconf 84' lang='lat' dir='ltr'><strong>saginam</strong></span> <span class='ocrx_word' id='word_1_67' title='bbox 567 938 762 1018; x_wconf 90' lang='lat' dir='ltr'><strong>persequitur</strong></span> <span class='ocrx_word' id='word_1_68' title='bbox 785 938 816 998; x_wconf 92' lang='lat' dir='ltr'><strong>in</strong></span> <span class='ocrx_word' id='word_1_69' title='bbox 830 936 900 998; x_wconf 91' lang='lat' dir='ltr'><strong>litus</strong></span> <span class='ocrx_word' id='word_1_70' title='bbox 923 936 1080 998; x_wconf 88' lang='lat' dir='ltr'><strong>fluctibus</strong></span> <span class='ocrx_word' id='word_1_71' title='bbox 1104 957 1165 1018; x_wconf 85' lang='lat' dir='ltr'><strong>pro·</strong></span> 
     </span>
     <span class='ocr_line' id='line_1_10' title="bbox 141 1026 1167 1110; baseline -0.002 -22"><span class='ocrx_word' id='word_1_72' title='bbox 141 1027 265 1110; x_wconf 84' lang='lat' dir='ltr'><strong>pulsam,·</strong></span> <span class='ocrx_word' id='word_1_73' title='bbox 288 1029 434 1089; x_wconf 87' lang='lat' dir='ltr'><strong>emineret</strong></span> <span class='ocrx_word' id='word_1_74' title='bbox 452 1027 540 1088; x_wconf 90' lang='lat' dir='ltr'><strong>dorso</strong></span> <span class='ocrx_word' id='word_1_75' title='bbox 555 1026 683 1090; x_wconf 91' lang='lat' dir='ltr'><strong>multum</strong></span> <span class='ocrx_word' id='word_1_76' title='bbox 707 1043 798 1106; x_wconf 91' lang='lat' dir='ltr'><strong>supra</strong></span> <span class='ocrx_word' id='word_1_77' title='bbox 817 1044 907 1106; x_wconf 88' lang='lat' dir='ltr'><strong>aquas</strong></span> <span class='ocrx_word' id='word_1_78' title='bbox 931 1029 1060 1088; x_wconf 87' lang='lat' dir='ltr'><strong>carinae</strong></span> <span class='ocrx_word' id='word_1_79' title='bbox 1076 1029 1167 1088; x_wconf 83' lang='lat' dir='ltr'><strong>ricem</strong></span> 
     </span>
     <span class='ocr_line' id='line_1_11' title="bbox 89 1115 1166 1197; baseline -0.005 -16"><span class='ocrx_word' id='word_1_80' title='bbox 89 1132 122 1182; x_wconf 82' lang='lat'><strong>15</strong></span> <span class='ocrx_word' id='word_1_81' title='bbox 141 1120 285 1180; x_wconf 77' lang='lat' dir='ltr'><strong>inversae.</strong></span> <span class='ocrx_word' id='word_1_82' title='bbox 331 1115 486 1197; x_wconf 88' lang='lat' dir='ltr'><strong>praetendi</strong></span> <span class='ocrx_word' id='word_1_83' title='bbox 509 1119 596 1178; x_wconf 90' lang='lat' dir='ltr'><strong>iussit</strong></span> <span class='ocrx_word' id='word_1_84' title='bbox 619 1115 728 1178; x_wconf 86' lang='lat' dir='ltr'><strong>Caesar</strong></span> <span class='ocrx_word' id='word_1_85' title='bbox 750 1115 850 1196; x_wconf 86' lang='lat' dir='ltr'><strong>plagas</strong></span> <span class='ocrx_word' id='word_1_86' title='bbox 874 1115 1066 1196; x_wconf 87' lang='lat' dir='ltr'><strong>multiplices</strong></span> <span class='ocrx_word' id='word_1_87' title='bbox 1092 1119 1166 1178; x_wconf 83' lang='lat' dir='ltr'><strong>inter</strong></span> 
     </span>
     <span class='ocr_line' id='line_1_12' title="bbox 141 1205 1136 1287; baseline 0 -19"><span class='ocrx_word' id='word_1_88' title='bbox 141 1225 193 1268; x_wconf 88' lang='lat' dir='ltr'><strong>cra</strong></span> <span class='ocrx_word' id='word_1_89' title='bbox 215 1214 329 1287; x_wconf 84' lang='lat' dir='ltr'><strong>portus,</strong></span> <span class='ocrx_word' id='word_1_90' title='bbox 352 1207 566 1286; x_wconf 87' lang='lat' dir='ltr'><strong>profectusque</strong></span> <span class='ocrx_word' id='word_1_91' title='bbox 589 1208 653 1286; x_wconf 92' lang='lat' dir='ltr'><strong>ipse</strong></span> <span class='ocrx_word' id='word_1_92' title='bbox 677 1224 748 1268; x_wconf 89' lang='lat' dir='ltr'><strong>cum</strong></span> <span class='ocrx_word' id='word_1_93' title='bbox 766 1206 964 1286; x_wconf 89' lang='lat' dir='ltr'><strong>praetorianis</strong></span> <span class='ocrx_word' id='word_1_94' title='bbox 985 1205 1136 1268; x_wconf 88' lang='lat' dir='ltr'><strong>eohortib</strong></span> 
     </span>
     <span class='ocr_line' id='line_1_13' title="bbox 140 1294 1168 1378; baseline 0.002 -22"><span class='ocrx_word' id='word_1_95' title='bbox 140 1295 251 1378; x_wconf 88' lang='lat' dir='ltr'><strong>populo</strong></span> <span class='ocrx_word' id='word_1_96' title='bbox 274 1295 407 1356; x_wconf 89' lang='lat' dir='ltr'><strong>Romano</strong></span> <span class='ocrx_word' id='word_1_97' title='bbox 435 1295 640 1376; x_wconf 86' lang='lat' dir='ltr'><strong>spectaculum</strong></span> <span class='ocrx_word' id='word_1_98' title='bbox 661 1294 801 1376; x_wconf 91' lang='lat' dir='ltr'><strong>praebuit</strong></span> <span class='ocrx_word' id='word_1_99' title='bbox 828 1295 945 1356; x_wconf 90' lang='lat' dir='ltr'><strong>lanceas</strong></span> <span class='ocrx_word' id='word_1_100' title='bbox 975 1303 1168 1376; x_wconf 86' lang='lat' dir='ltr'><strong>congerente</strong></span> 
     </span>
     <span class='ocr_line' id='line_1_14' title="bbox 141 1383 1167 1467; baseline -0.002 -19"><span class='ocrx_word' id='word_1_101' title='bbox 141 1386 234 1448; x_wconf 90' lang='lat' dir='ltr'><strong>milite</strong></span> <span class='ocrx_word' id='word_1_102' title='bbox 258 1404 274 1445; x_wconf 91' lang='lat' dir='ltr'><strong>e</strong></span> <span class='ocrx_word' id='word_1_103' title='bbox 298 1386 421 1464; x_wconf 89' lang='lat' dir='ltr'><strong>navigiis</strong></span> <span class='ocrx_word' id='word_1_104' title='bbox 444 1383 674 1467; x_wconf 88' lang='lat' dir='ltr'><strong>adsultantibus,</strong></span> <span class='ocrx_word' id='word_1_105' title='bbox 698 1403 827 1464; x_wconf 86' lang='lat' dir='ltr'><strong>quorum</strong></span> <span class='ocrx_word' id='word_1_106' title='bbox 851 1403 944 1446; x_wconf 92' lang='lat' dir='ltr'><strong>unum</strong></span> <span class='ocrx_word' id='word_1_107' title='bbox 967 1387 1077 1466; x_wconf 89' lang='lat' dir='ltr'><strong>mergi</strong></span> <span class='ocrx_word' id='word_1_108' title='bbox 1101 1385 1167 1446; x_wconf 78' lang='lat' dir='ltr'><strong>ridi-</strong></span> 
     </span>
     <span class='ocr_line' id='line_1_15' title="bbox 142 1472 749 1556; baseline -0.003 -19"><span class='ocrx_word' id='word_1_109' title='bbox 142 1493 209 1537; x_wconf 93' lang='lat' dir='ltr'><strong>mus</strong></span> <span class='ocrx_word' id='word_1_110' title='bbox 231 1473 337 1535; x_wconf 87' lang='lat' dir='ltr'><strong>rellatu</strong></span> <span class='ocrx_word' id='word_1_111' title='bbox 360 1472 464 1534; x_wconf 91' lang='lat' dir='ltr'><strong>beluae</strong></span> <span class='ocrx_word' id='word_1_112' title='bbox 488 1473 640 1556; x_wconf 90' lang='lat' dir='ltr'><strong>oppletum</strong></span> <span class='ocrx_word' id='word_1_113' title='bbox 662 1474 749 1536; x_wconf 87' lang='lat' dir='ltr'><strong>unda.</strong></span> 
     </span>
     <span class='ocr_line' id='line_1_16' title="bbox 90 1557 1169 1648; baseline -0.001 -23"><span class='ocrx_word' id='word_1_114' title='bbox 90 1592 123 1641; x_wconf 82' lang='lat' dir='ltr'><strong>le</strong></span> <span class='ocrx_word' id='word_1_115' title='bbox 209 1557 260 1648; x_wconf 82' lang='lat'><strong>(6)</strong></span> <span class='ocrx_word' id='word_1_116' title='bbox 285 1562 344 1624; x_wconf 88' lang='lat' dir='ltr'><strong>Ora</strong></span> <span class='ocrx_word' id='word_1_117' title='bbox 367 1562 516 1625; x_wconf 86' lang='lat' dir='ltr'><strong>ballaenae</strong></span> <span class='ocrx_word' id='word_1_118' title='bbox 534 1562 645 1624; x_wconf 87' lang='lat' dir='ltr'><strong>habent</strong></span> <span class='ocrx_word' id='word_1_119' title='bbox 667 1565 699 1624; x_wconf 89' lang='lat' dir='ltr'><strong>in</strong></span> <span class='ocrx_word' id='word_1_120' title='bbox 713 1561 871 1645; x_wconf 82' lang='lat' dir='ltr'><strong>frontibus,</strong></span> <span class='ocrx_word' id='word_1_121' title='bbox 894 1563 1025 1643; x_wconf 87' lang='lat' dir='ltr'><strong>ideoque</strong></span> <span class='ocrx_word' id='word_1_122' title='bbox 1049 1583 1169 1626; x_wconf 88' lang='lat' dir='ltr'><strong>summa</strong></span> 
     </span>
     <span class='ocr_line' id='line_1_17' title="bbox 145 1647 1166 1734; baseline -0.007 -18"><span class='ocrx_word' id='word_1_123' title='bbox 145 1671 220 1734; x_wconf 86' lang='lat' dir='ltr'><strong>aqua</strong></span> <span class='ocrx_word' id='word_1_124' title='bbox 236 1651 372 1717; x_wconf 85' lang='lat' dir='ltr'><strong>natantes</strong></span> <span class='ocrx_word' id='word_1_125' title='bbox 391 1654 422 1712; x_wconf 92' lang='lat' dir='ltr'><strong>in</strong></span> <span class='ocrx_word' id='word_1_126' title='bbox 441 1652 568 1714; x_wconf 89' lang='lat' dir='ltr'><strong>sublime</strong></span> <span class='ocrx_word' id='word_1_127' title='bbox 583 1651 700 1713; x_wconf 91' lang='lat' dir='ltr'><strong>nimbos</strong></span> <span class='ocrx_word' id='word_1_128' title='bbox 724 1652 834 1714; x_wconf 87' lang='lat' dir='ltr'><strong>efflant.</strong></span> <span class='ocrx_word' id='word_1_129' title='bbox 873 1647 905 1716; x_wconf 75' lang='grc'><strong>7.</strong></span> <span class='ocrx_word' id='word_1_130' title='bbox 930 1655 1056 1733; x_wconf 89' lang='lat' dir='ltr'><strong>spirant</strong></span> <span class='ocrx_word' id='word_1_131' title='bbox 1072 1663 1144 1715; x_wconf 82' lang='lat' dir='ltr'><strong>aute</strong></span> <span class='ocrx_word' id='word_1_132' title='bbox 1152 1682 1166 1709; x_wconf 85' lang='lat' dir='ltr'><strong>tt</strong></span> 
     </span>
     <span class='ocr_line' id='line_1_18' title="bbox 143 1741 1160 1822; baseline 0.001 -18"><span class='ocrx_word' id='word_1_133' title='bbox 143 1743 330 1805; x_wconf 80' lang='lat' dir='ltr'><strong>confessione</strong></span> <span class='ocrx_word' id='word_1_134' title='bbox 354 1745 486 1802; x_wconf 91' lang='lat' dir='ltr'><strong>omnium</strong></span> <span class='ocrx_word' id='word_1_135' title='bbox 517 1747 547 1802; x_wconf 92' lang='lat' dir='ltr'><strong>et</strong></span> <span class='ocrx_word' id='word_1_136' title='bbox 573 1742 752 1822; x_wconf 90' lang='lat' dir='ltr'><strong>paucissima</strong></span> <span class='ocrx_word' id='word_1_137' title='bbox 779 1741 835 1802; x_wconf 91' lang='lat' dir='ltr'><strong>alia</strong></span> <span class='ocrx_word' id='word_1_138' title='bbox 858 1745 889 1803; x_wconf 94' lang='lat' dir='ltr'><strong>in</strong></span> <span class='ocrx_word' id='word_1_139' title='bbox 912 1745 990 1803; x_wconf 91' lang='lat' dir='ltr'><strong>mari</strong></span> <span class='ocrx_word' id='word_1_140' title='bbox 1018 1746 1160 1822; x_wconf 87' lang='lat' dir='ltr'><strong>quaein</strong></span> 
     </span>
     <span class='ocr_line' id='line_1_19' title="bbox 81 1830 1165 1936; baseline 0 -42"><span class='ocrx_word' id='word_1_141' title='bbox 81 1871 91 1916; x_wconf 73' lang='lat' dir='ltr'><strong>t</strong></span> <span class='ocrx_word' id='word_1_142' title='bbox 142 1841 298 1894; x_wconf 90' lang='lat' dir='ltr'><strong>ternorum</strong></span> <span class='ocrx_word' id='word_1_143' title='bbox 331 1833 479 1892; x_wconf 85' lang='lat' dir='ltr'><strong>viscerum</strong></span> <span class='ocrx_word' id='word_1_144' title='bbox 505 1830 676 1912; x_wconf 90' lang='lat' dir='ltr'><strong>pulmonem</strong></span> <span class='ocrx_word' id='word_1_145' title='bbox 707 1831 830 1914; x_wconf 85' lang='lat' dir='ltr'><strong>habent,</strong></span> <span class='ocrx_word' id='word_1_146' title='bbox 860 1833 1004 1936; x_wconf 74' lang='lat' dir='ltr'><strong>queniam</strong></span> <span class='ocrx_word' id='word_1_147' title='bbox 1034 1834 1111 1894; x_wconf 89' lang='lat' dir='ltr'><strong>sine</strong></span> <span class='ocrx_word' id='word_1_148' title='bbox 1141 1851 1165 1894; x_wconf 77' lang='lat' dir='ltr'><strong>e»</strong></span> 
     </span>
     <span class='ocr_line' id='line_1_20' title="bbox 144 1920 1169 2026; baseline -0.001 -43"><span class='ocrx_word' id='word_1_149' title='bbox 144 1924 258 2003; x_wconf 83' lang='lat' dir='ltr'><strong>spirare</strong></span> <span class='ocrx_word' id='word_1_150' title='bbox 291 1921 397 1982; x_wconf 82' lang='lat' dir='ltr'><strong>ammai</strong></span> <span class='ocrx_word' id='word_1_151' title='bbox 429 1920 545 1982; x_wconf 93' lang='lat' dir='ltr'><strong>nullum</strong></span> <span class='ocrx_word' id='word_1_152' title='bbox 576 1940 617 2001; x_wconf 91' lang='lat' dir='ltr'><strong>pu</strong></span> <span class='ocrx_word' id='word_1_153' title='bbox 618 1928 707 1982; x_wconf 84' lang='lat' dir='ltr'><strong>t.atur</strong></span> <span class='ocrx_word' id='word_1_154' title='bbox 752 1939 808 1982; x_wconf 88' lang='lat' dir='ltr'><strong>nec</strong></span> <span class='ocrx_word' id='word_1_155' title='bbox 839 1923 969 2026; x_wconf 86' lang='lat' dir='ltr'><strong>piscium</strong></span> <span class='ocrx_word' id='word_1_156' title='bbox 1002 1920 1169 1984; x_wconf 77' lang='lat' dir='ltr'><strong>branchiae</strong></span> 
     </span>
     <span class='ocr_line' id='line_1_21' title="bbox 143 2010 1167 2091; baseline 0.002 -19"><span class='ocrx_word' id='word_1_157' title='bbox 143 2011 288 2072; x_wconf 89' lang='lat' dir='ltr'><strong>habentes</strong></span> <span class='ocrx_word' id='word_1_158' title='bbox 311 2010 473 2072; x_wconf 87' lang='lat' dir='ltr'><strong>anhelitum</strong></span> <span class='ocrx_word' id='word_1_159' title='bbox 499 2010 628 2072; x_wconf 84' lang='lat' dir='ltr'><strong>reddere</strong></span> <span class='ocrx_word' id='word_1_160' title='bbox 655 2029 689 2072; x_wconf 89' lang='lat' dir='ltr'><strong>ac</strong></span> <span class='ocrx_word' id='word_1_161' title='bbox 711 2029 767 2090; x_wconf 93' lang='lat' dir='ltr'><strong>per</strong></span> <span class='ocrx_word' id='word_1_162' title='bbox 789 2012 869 2072; x_wconf 88' lang='lat' dir='ltr'><strong>vices</strong></span> <span class='ocrx_word' id='word_1_163' title='bbox 896 2012 1039 2091; x_wconf 88' lang='lat' dir='ltr'><strong>recipere</strong></span> <span class='ocrx_word' id='word_1_164' title='bbox 1070 2015 1167 2076; x_wconf 86' lang='lat' dir='ltr'><strong>existi</strong></span> 
     </span>
     <span class='ocr_line' id='line_1_22' title="bbox 144 2099 1131 2181; baseline 0 -19"><span class='ocrx_word' id='word_1_165' title='bbox 144 2108 226 2162; x_wconf 90' lang='lat' dir='ltr'><strong>mant</strong></span> <span class='ocrx_word' id='word_1_166' title='bbox 249 2118 377 2180; x_wconf 88' lang='lat' dir='ltr'><strong>quorum</strong></span> <span class='ocrx_word' id='word_1_167' title='bbox 393 2100 467 2161; x_wconf 88' lang='lat' dir='ltr'><strong>haec</strong></span> <span class='ocrx_word' id='word_1_168' title='bbox 485 2101 586 2180; x_wconf 90' lang='lat' dir='ltr'><strong>opinio</strong></span> <span class='ocrx_word' id='word_1_169' title='bbox 605 2107 660 2181; x_wconf 86' lang='lat' dir='ltr'><strong>est,</strong></span> <span class='ocrx_word' id='word_1_170' title='bbox 683 2118 738 2160; x_wconf 90' lang='lat' dir='ltr'><strong>nec</strong></span> <span class='ocrx_word' id='word_1_171' title='bbox 757 2099 849 2162; x_wconf 82' lang='lat' dir='ltr'><strong>mrrlta</strong></span> <span class='ocrx_word' id='word_1_172' title='bbox 867 2100 922 2161; x_wconf 93' lang='lat' dir='ltr'><strong>alia</strong></span> <span class='ocrx_word' id='word_1_173' title='bbox 940 2119 1063 2180; x_wconf 89' lang='lat' dir='ltr'><strong>genera</strong></span> <span class='ocrx_word' id='word_1_174' title='bbox 1086 2106 1131 2164; x_wconf 88' lang='lat' dir='ltr'><strong>eti</strong></span> 
     </span>
     <span class='ocr_line' id='line_1_23' title="bbox 144 2147 1142 2270; baseline 0.002 -20"><span class='ocrx_word' id='word_1_175' title='bbox 144 2189 294 2250; x_wconf 85' lang='lat' dir='ltr'><strong>branchiis</strong></span> <span class='ocrx_word' id='word_1_176' title='bbox 317 2191 461 2270; x_wconf 87' lang='lat' dir='ltr'><strong>carentia,</strong></span> <span class='ocrx_word' id='word_1_177' title='bbox 491 2191 523 2250; x_wconf 92' lang='lat' dir='ltr'><strong>in</strong></span> <span class='ocrx_word' id='word_1_178' title='bbox 546 2207 605 2268; x_wconf 91' lang='lat' dir='ltr'><strong>qua</strong></span> <span class='ocrx_word' id='word_1_179' title='bbox 628 2147 776 2250; x_wconf 65' lang='lat' dir='ltr'><strong>sdntentia</strong></span> <span class='ocrx_word' id='word_1_180' title='bbox 804 2190 896 2252; x_wconf 86' lang='lat' dir='ltr'><strong>luisse</strong></span> <span class='ocrx_word' id='word_1_181' title='bbox 924 2190 1142 2254; x_wconf 80' lang='lat' dir='ltr'><strong>Aristotele</strong></span> 
     </span>
     <span class='ocr_line' id='line_1_24' title="bbox 94 2277 1158 2360; baseline -0.003 -15"><span class='ocrx_word' id='word_1_182' title='bbox 94 2297 126 2346; x_wconf 86' lang='grc' dir='ltr'><strong>ιι</strong></span> <span class='ocrx_word' id='word_1_183' title='bbox 145 2279 230 2340; x_wconf 90' lang='lat' dir='ltr'><strong>video</strong></span> <span class='ocrx_word' id='word_1_184' title='bbox 258 2286 288 2340; x_wconf 91' lang='lat' dir='ltr'><strong>et</strong></span> <span class='ocrx_word' id='word_1_185' title='bbox 311 2277 413 2342; x_wconf 89' lang='lat' dir='ltr'><strong>multis</strong></span> <span class='ocrx_word' id='word_1_186' title='bbox 439 2281 625 2359; x_wconf 91' lang='lat' dir='ltr'><strong>persuasisse</strong></span> <span class='ocrx_word' id='word_1_187' title='bbox 653 2277 789 2340; x_wconf 85' lang='lat' dir='ltr'><strong>doctrina</strong></span> <span class='ocrx_word' id='word_1_188' title='bbox 811 2278 986 2360; x_wconf 79' lang='lat' dir='ltr'><strong>insignibus</strong></span> <span class='ocrx_word' id='word_1_189' title='bbox 1037 2299 1107 2342; x_wconf 87' lang='lat' dir='ltr'><strong>nec</strong></span> <span class='ocrx_word' id='word_1_190' title='bbox 1132 2301 1158 2342; x_wconf 91' lang='lat' dir='ltr'><strong>m</strong></span> 
     </span>
     <span class='ocr_line' id='line_1_25' title="bbox 144 2367 1119 2448; baseline 0.003 -19"><span class='ocrx_word' id='word_1_191' title='bbox 144 2369 282 2448; x_wconf 90' lang='lat' dir='ltr'><strong>protinus</strong></span> <span class='ocrx_word' id='word_1_192' title='bbox 312 2367 383 2429; x_wconf 90' lang='lat' dir='ltr'><strong>huic</strong></span> <span class='ocrx_word' id='word_1_193' title='bbox 415 2369 548 2448; x_wconf 91' lang='lat' dir='ltr'><strong>opinioni</strong></span> <span class='ocrx_word' id='word_1_194' title='bbox 579 2385 685 2428; x_wconf 91' lang='lat' dir='ltr'><strong>eorum</strong></span> <span class='ocrx_word' id='word_1_195' title='bbox 717 2368 859 2430; x_wconf 87' lang='lat' dir='ltr'><strong>accedere</strong></span> <span class='ocrx_word' id='word_1_196' title='bbox 888 2367 966 2430; x_wconf 89' lang='lat' dir='ltr'><strong>hand</strong></span> <span class='ocrx_word' id='word_1_197' title='bbox 997 2368 1119 2432; x_wconf 91' lang='lat' dir='ltr'><strong>dissim</strong></span> 
     </span>
     <span class='ocr_line' id='line_1_26' title="bbox 145 2369 1168 2610; baseline 0.004 -92"><span class='ocrx_word' id='word_1_198' title='bbox 145 2459 285 2539; x_wconf 89' lang='lat' dir='ltr'><strong>quoniam</strong></span> <span class='ocrx_word' id='word_1_199' title='bbox 311 2466 341 2518; x_wconf 92' lang='lat' dir='ltr'><strong>et</strong></span> <span class='ocrx_word' id='word_1_200' title='bbox 363 2458 539 2537; x_wconf 92' lang='lat' dir='ltr'><strong>pulmonum</strong></span> <span class='ocrx_word' id='word_1_201' title='bbox 565 2459 630 2518; x_wconf 87' lang='lat' dir='ltr'><strong>vice</strong></span> <span class='ocrx_word' id='word_1_202' title='bbox 658 2456 715 2518; x_wconf 91' lang='lat' dir='ltr'><strong>alia</strong></span> <span class='ocrx_word' id='word_1_203' title='bbox 740 2459 857 2538; x_wconf 88' lang='lat' dir='ltr'><strong>possint</strong></span> <span class='ocrx_word' id='word_1_204' title='bbox 885 2456 1044 2538; x_wconf 87' lang='lat' dir='ltr'><strong>spirabilia</strong></span> <span class='ocrx_word' id='word_1_205' title='bbox 1072 2369 1168 2610; x_wconf 39' lang='lat' dir='ltr'><strong>ing}</strong></span> 
     </span>
     <span class='ocr_line' id='line_1_27' title="bbox 115 2545 1158 2628; baseline 0.004 -22"><span class='ocrx_word' id='word_1_206' title='bbox 115 2561 119 2566; x_wconf 83' lang='lat'>·</span> <span class='ocrx_word' id='word_1_207' title='bbox 145 2548 259 2608; x_wconf 85' lang='lat' dir='ltr'><strong>viscera</strong></span> <span class='ocrx_word' id='word_1_208' title='bbox 276 2548 316 2607; x_wconf 91' lang='lat' dir='ltr'><strong>ita</strong></span> <span class='ocrx_word' id='word_1_209' title='bbox 335 2545 451 2608; x_wconf 86' lang='lat' dir='ltr'><strong>volente</strong></span> <span class='ocrx_word' id='word_1_210' title='bbox 471 2554 594 2628; x_wconf 67' lang='lat' dir='ltr'><strong>natura,</strong></span> <span class='ocrx_word' id='word_1_211' title='bbox 609 2548 688 2608; x_wconf 91' lang='lat' dir='ltr'><strong>sicut</strong></span> <span class='ocrx_word' id='word_1_212' title='bbox 707 2553 737 2608; x_wconf 93' lang='lat' dir='ltr'><strong>et</strong></span> <span class='ocrx_word' id='word_1_213' title='bbox 759 2565 814 2627; x_wconf 89' lang='lat' dir='ltr'><strong>pro</strong></span> <span class='ocrx_word' id='word_1_214' title='bbox 828 2549 971 2626; x_wconf 88' lang='lat' dir='ltr'><strong>sanguine</strong></span> <span class='ocrx_word' id='word_1_215' title='bbox 993 2556 1045 2609; x_wconf 85' lang='lat' dir='ltr'><strong>est</strong></span> <span class='ocrx_word' id='word_1_216' title='bbox 1069 2551 1158 2612; x_wconf 87' lang='lat' dir='ltr'><strong>mult&#39;</strong></span> 
     </span>
     <span class='ocr_line' id='line_1_28' title="bbox 145 2635 1161 2717; baseline 0.002 -19"><span class='ocrx_word' id='word_1_217' title='bbox 145 2636 221 2698; x_wconf 88' lang='lat' dir='ltr'><strong>alius</strong></span> <span class='ocrx_word' id='word_1_218' title='bbox 244 2653 337 2698; x_wconf 89' lang='lat' dir='ltr'><strong>umor.</strong></span> <span class='ocrx_word' id='word_1_219' title='bbox 383 2639 414 2698; x_wconf 92' lang='lat' dir='ltr'><strong>in</strong></span> <span class='ocrx_word' id='word_1_220' title='bbox 438 2655 528 2717; x_wconf 87' lang='lat' dir='ltr'><strong>aquas</strong></span> <span class='ocrx_word' id='word_1_221' title='bbox 552 2635 674 2716; x_wconf 90' lang='lat' dir='ltr'><strong>quidem</strong></span> <span class='ocrx_word' id='word_1_222' title='bbox 695 2644 853 2715; x_wconf 89' lang='lat' dir='ltr'><strong>penetrare</strong></span> <span class='ocrx_word' id='word_1_223' title='bbox 872 2635 993 2698; x_wconf 88' lang='lat' dir='ltr'><strong>vitalem</strong></span> <span class='ocrx_word' id='word_1_224' title='bbox 1011 2636 1108 2700; x_wconf 89' lang='lat' dir='ltr'><strong>bunc</strong></span> <span class='ocrx_word' id='word_1_225' title='bbox 1129 2640 1161 2700; x_wconf 88' lang='grc' dir='ltr'><strong>ιιι</strong></span> 
     </span>
     <span class='ocr_line' id='line_1_29' title="bbox 144 2724 1161 2815; baseline 0 -29"><span class='ocrx_word' id='word_1_226' title='bbox 144 2726 231 2788; x_wconf 89' lang='lat' dir='ltr'><strong>litum</strong></span> <span class='ocrx_word' id='word_1_227' title='bbox 254 2727 319 2805; x_wconf 86' lang='lat' dir='ltr'><strong>quis</strong></span> <span class='ocrx_word' id='word_1_228' title='bbox 342 2725 468 2786; x_wconf 89' lang='lat' dir='ltr'><strong>miretur</strong></span> <span class='ocrx_word' id='word_1_229' title='bbox 491 2727 543 2806; x_wconf 90' lang='lat' dir='ltr'><strong>qui</strong></span> <span class='ocrx_word' id='word_1_230' title='bbox 566 2727 654 2786; x_wconf 91' lang='lat' dir='ltr'><strong>etiam</strong></span> <span class='ocrx_word' id='word_1_231' title='bbox 678 2724 763 2786; x_wconf 88' lang='lat' dir='ltr'><strong>reddi</strong></span> <span class='ocrx_word' id='word_1_232' title='bbox 785 2725 821 2786; x_wconf 90' lang='lat' dir='ltr'><strong>ab</strong></span> <span class='ocrx_word' id='word_1_233' title='bbox 843 2725 890 2787; x_wconf 94' lang='lat' dir='ltr'><strong>his</strong></span> <span class='ocrx_word' id='word_1_234' title='bbox 913 2744 985 2787; x_wconf 91' lang='lat' dir='ltr'><strong>enm</strong></span> <span class='ocrx_word' id='word_1_235' title='bbox 1005 2739 1161 2815; x_wconf 68' lang='lat' dir='ltr'><strong>cernale</strong></span> 
     </span>
     <span class='ocr_line' id='line_1_30' title="bbox 145 2816 1161 2898; baseline 0.004 -22"><span class='ocrx_word' id='word_1_236' title='bbox 145 2817 176 2876; x_wconf 91' lang='lat' dir='ltr'><strong>in</strong></span> <span class='ocrx_word' id='word_1_237' title='bbox 199 2823 294 2876; x_wconf 90' lang='lat' dir='ltr'><strong>terras</strong></span> <span class='ocrx_word' id='word_1_238' title='bbox 317 2832 436 2894; x_wconf 84' lang='lat' dir='ltr'><strong>queque</strong></span> <span class='ocrx_word' id='word_1_239' title='bbox 464 2823 546 2876; x_wconf 90' lang='lat' dir='ltr'><strong>tanto</strong></span> <span class='ocrx_word' id='word_1_240' title='bbox 574 2816 754 2894; x_wconf 79' lang='lat' dir='ltr'><strong>spiss10rem</strong></span> <span class='ocrx_word' id='word_1_241' title='bbox 775 2823 897 2877; x_wconf 88' lang='lat' dir='ltr'><strong>naturae</strong></span> <span class='ocrx_word' id='word_1_242' title='bbox 924 2821 1052 2896; x_wconf 87' lang='lat' dir='ltr'><strong>partem</strong></span> <span class='ocrx_word' id='word_1_243' title='bbox 1084 2837 1161 2898; x_wconf 85' lang='lat' dir='ltr'><strong>pene</strong></span> 
     </span>
     <span class='ocr_line' id='line_1_31' title="bbox 145 2902 1166 2988; baseline 0.001 -24"><span class='ocrx_word' id='word_1_244' title='bbox 145 2911 226 2964; x_wconf 86' lang='lat' dir='ltr'><strong>trare</strong></span> <span class='ocrx_word' id='word_1_245' title='bbox 254 2912 428 2982; x_wconf 88' lang='lat' dir='ltr'><strong>argumento</strong></span> <span class='ocrx_word' id='word_1_246' title='bbox 456 2902 625 2964; x_wconf 83' lang='lat' dir='ltr'><strong>enlmalium</strong></span> <span class='ocrx_word' id='word_1_247' title='bbox 653 2921 729 2982; x_wconf 89' lang='lat' dir='ltr'><strong>quae</strong></span> <span class='ocrx_word' id='word_1_248' title='bbox 758 2923 875 2986; x_wconf 89' lang='lat' dir='ltr'><strong>semper</strong></span> <span class='ocrx_word' id='word_1_249' title='bbox 904 2905 1025 2966; x_wconf 83' lang='lat' dir='ltr'><strong>defossa</strong></span> <span class='ocrx_word' id='word_1_250' title='bbox 1059 2910 1166 2988; x_wconf 76' lang='lat' dir='ltr'><strong>ristun</strong></span> 
     </span>
     <span class='ocr_line' id='line_1_32' title="bbox 94 2988 1166 3106; baseline -0.001 -49"><span class='ocrx_word' id='word_1_251' title='bbox 94 3009 127 3057; x_wconf 81' lang='lat'><strong>18</strong></span> <span class='ocrx_word' id='word_1_252' title='bbox 147 3011 203 3054; x_wconf 89' lang='lat' dir='ltr'><strong>ceu</strong></span> <span class='ocrx_word' id='word_1_253' title='bbox 226 2988 342 3071; x_wconf 83' lang='lat' dir='ltr'><strong>talpae?</strong></span> <span class='ocrx_word' id='word_1_254' title='bbox 376 2993 521 3055; x_wconf 87' lang='lat' dir='ltr'><strong>accedunt</strong></span> <span class='ocrx_word' id='word_1_255' title='bbox 548 2992 625 3072; x_wconf 89' lang='lat' dir='ltr'><strong>apud</strong></span> <span class='ocrx_word' id='word_1_256' title='bbox 649 3010 697 3052; x_wconf 93' lang='lat' dir='ltr'><strong>me</strong></span> <span class='ocrx_word' id='word_1_257' title='bbox 726 3001 808 3056; x_wconf 89' lang='lat' dir='ltr'><strong>certe</strong></span> <span class='ocrx_word' id='word_1_258' title='bbox 831 2995 961 3056; x_wconf 89' lang='lat' dir='ltr'><strong>eillcacia</strong></span> <span class='ocrx_word' id='word_1_259' title='bbox 986 3003 1023 3058; x_wconf 91' lang='lat' dir='ltr'><strong>ut</strong></span> <span class='ocrx_word' id='word_1_260' title='bbox 1049 2997 1166 3106; x_wconf 73' lang='lat' dir='ltr'><strong>crederp</strong></span> 
     </span>
    </p>
   </div>
   <div class='ocr_carea' id='block_1_3' title="bbox 198 3113 360 3120">
    <p class='ocr_par' dir='ltr' id='par_1_3' title="bbox 198 3113 360 3120">
     <span class='ocr_line' id='line_1_33' title="bbox 198 3113 360 3120; baseline 0 0"><span class='ocrx_word' id='word_1_261' title='bbox 198 3113 360 3120; x_wconf 47' lang='lat' dir='ltr'><strong>...m—...·—</strong></span> 
     </span>
    </p>
   </div>
   <div class='ocr_carea' id='block_1_4' title="bbox 136 3161 1125 3738">
    <p class='ocr_par' dir='ltr' id='par_1_4' title="bbox 136 3161 1125 3738">
     <span class='ocr_line' id='line_1_34' title="bbox 136 3161 1125 3236; baseline 0.007 -19"><span class='ocrx_word' id='word_1_262' title='bbox 136 3231 138 3236; x_wconf 67' lang='lat'>,</span> <span class='ocrx_word' id='word_1_263' title='bbox 220 3161 307 3234; x_wconf 88' lang='lat' dir='ltr'><strong>lipsi</strong></span> <span class='ocrx_word' id='word_1_264' title='bbox 324 3167 376 3218; x_wconf 77' lang='lat' dir='ltr'><strong>Ru</strong></span> <span class='ocrx_word' id='word_1_265' title='bbox 405 3183 487 3219; x_wconf 76' lang='lat' dir='ltr'><strong>·.eoa</strong></span> <span class='ocrx_word' id='word_1_266' title='bbox 511 3171 628 3220; x_wconf 69' lang='lat' dir='ltr'><strong>saniir.</strong></span> <span class='ocrx_word' id='word_1_267' title='bbox 683 3165 839 3220; x_wconf 83' lang='lat' dir='ltr'><strong>3uolnuni</strong></span> <span class='ocrx_word' id='word_1_268' title='bbox 855 3161 920 3220; x_wconf 74' lang='lat'><strong>121²</strong></span> <span class='ocrx_word' id='word_1_269' title='bbox 951 3167 1064 3223; x_wconf 75' lang='lat' dir='ltr'><strong>uolani</strong></span> <span class='ocrx_word' id='word_1_270' title='bbox 1085 3172 1125 3224; x_wconf 83' lang='grc' dir='ltr'><strong>ιιι</strong></span> 
     </span>
     <span class='ocr_line' id='line_1_35' title="bbox 147 3237 1125 3320; baseline 0.005 -29"><span class='ocrx_word' id='word_1_271' title='bbox 147 3239 331 3305; x_wconf 77' lang='lat' dir='ltr'><strong>Ssagenali.</strong></span> <span class='ocrx_word' id='word_1_272' title='bbox 358 3241 525 3291; x_wconf 71' lang='lat' dir='ltr'><strong>namura.</strong></span> <span class='ocrx_word' id='word_1_273' title='bbox 594 3240 610 3289; x_wconf 90' lang='lat'>8</span> <span class='ocrx_word' id='word_1_274' title='bbox 641 3237 834 3320; x_wconf 66' lang='lat' dir='ltr'><strong>repulsanti.</strong></span> <span class='ocrx_word' id='word_1_275' title='bbox 907 3242 940 3292; x_wconf 87' lang='grc'><strong>10</strong></span> <span class='ocrx_word' id='word_1_276' title='bbox 958 3254 1071 3296; x_wconf 76' lang='lat' dir='ltr'><strong>uersae</strong></span> <span class='ocrx_word' id='word_1_277' title='bbox 1092 3248 1125 3295; x_wconf 76' lang='lat' dir='ltr'><strong>B.</strong></span> 
     </span>
     <span class='ocr_line' id='line_1_36' title="bbox 136 3305 1083 3380; baseline 0.004 -18"><span class='ocrx_word' id='word_1_278' title='bbox 136 3313 183 3367; x_wconf 69' lang='lat'><strong>,20</strong></span> <span class='ocrx_word' id='word_1_279' title='bbox 201 3305 359 3362; x_wconf 81' lang='lat' dir='ltr'><strong>redderee.</strong></span> <span class='ocrx_word' id='word_1_280' title='bbox 388 3307 458 3362; x_wconf 88' lang='lat' dir='ltr'><strong>redd</strong></span> <span class='ocrx_word' id='word_1_281' title='bbox 475 3307 542 3362; x_wconf 79' lang='lat' dir='ltr'><strong>ita.</strong></span> <span class='ocrx_word' id='word_1_282' title='bbox 569 3307 620 3364; x_wconf 84' lang='lat' dir='ltr'><strong>red</strong></span> <span class='ocrx_word' id='word_1_283' title='bbox 641 3307 736 3362; x_wconf 82' lang='lat' dir='ltr'><strong>turr.</strong></span> <span class='ocrx_word' id='word_1_284' title='bbox 764 3308 921 3365; x_wconf 80' lang='lat' dir='ltr'><strong>reddituros</strong></span> <span class='ocrx_word' id='word_1_285' title='bbox 944 3314 1009 3380; x_wconf 74' lang='lat' dir='ltr'><strong>(oen.</strong></span> <span class='ocrx_word' id='word_1_286' title='bbox 1030 3314 1083 3380; x_wconf 73' lang='lat' dir='ltr'><strong>ac)</strong></span> 
     </span>
     <span class='ocr_line' id='line_1_37' title="bbox 148 3369 1101 3451; baseline 0.008 -19"><span class='ocrx_word' id='word_1_287' title='bbox 148 3381 244 3433; x_wconf 78' lang='lat' dir='ltr'><strong>Ianus.</strong></span> <span class='ocrx_word' id='word_1_288' title='bbox 315 3383 349 3432; x_wconf 78' lang='lat'><strong>23</strong></span> <span class='ocrx_word' id='word_1_289' title='bbox 368 3378 524 3434; x_wconf 78' lang='lat' dir='ltr'><strong>doctrinam</strong></span> <span class='ocrx_word' id='word_1_290' title='bbox 542 3397 566 3433; x_wconf 84' lang='grc' dir='ltr'><strong>ιι.</strong></span> <span class='ocrx_word' id='word_1_291' title='bbox 587 3377 597 3449; x_wconf 89' lang='grc' dir='ltr'>Ι</span> <span class='ocrx_word' id='word_1_292' title='bbox 621 3369 778 3451; x_wconf 82' lang='lat' dir='ltr'><strong>insignibus</strong></span> <span class='ocrx_word' id='word_1_293' title='bbox 802 3381 859 3436; x_wconf 82' lang='lat' dir='ltr'><strong>Uri.</strong></span> <span class='ocrx_word' id='word_1_294' title='bbox 877 3381 954 3436; x_wconf 82' lang='lat' dir='ltr'><strong>vind</strong></span> <span class='ocrx_word' id='word_1_295' title='bbox 972 3399 1005 3436; x_wconf 78' lang='lat' dir='ltr'><strong>n</strong></span> <span class='ocrx_word' id='word_1_296' title='bbox 1024 3387 1101 3440; x_wconf 84' lang='lat'>189.</span> 
     </span>
     <span class='ocr_line' id='line_1_38' title="bbox 147 3449 1111 3537; baseline 0.007 -34"><span class='ocrx_word' id='word_1_297' title='bbox 147 3463 209 3503; x_wconf 75' lang='lat' dir='ltr'><strong>noo</strong></span> <span class='ocrx_word' id='word_1_298' title='bbox 228 3449 317 3517; x_wconf 83' lang='lat' dir='ltr'><strong>lucp</strong></span> <span class='ocrx_word' id='word_1_299' title='bbox 321 3455 389 3506; x_wconf 84' lang='grc'><em>.95.</em></span> <span class='ocrx_word' id='word_1_300' title='bbox 414 3449 644 3521; x_wconf 77' lang='lat' dir='ltr'><strong>indignibuellr.</strong></span> <span class='ocrx_word' id='word_1_301' title='bbox 670 3451 825 3526; x_wconf 65' lang='lat' dir='ltr'><strong>indigniss&#39;ls</strong></span> <span class='ocrx_word' id='word_1_302' title='bbox 841 3458 872 3506; x_wconf 80' lang='grc' dir='ltr'><strong>ιι.</strong></span> <span class='ocrx_word' id='word_1_303' title='bbox 898 3451 1065 3537; x_wconf 68' lang='lat' dir='ltr'><strong>indignislll</strong></span> <span class='ocrx_word' id='word_1_304' title='bbox 1084 3461 1111 3510; x_wconf 75' lang='grc' dir='ltr'><strong>ιι</strong></span> 
     </span>
     <span class='ocr_line' id='line_1_39' title="bbox 138 3465 1101 3623; baseline 0.006 -51"><span class='ocrx_word' id='word_1_305' title='bbox 138 3518 245 3600; x_wconf 81' lang='lat' dir='ltr'><strong>¹dagim</strong></span> <span class='ocrx_word' id='word_1_306' title='bbox 237 3465 317 3574; x_wconf 68' lang='lat' dir='ltr'><strong>&#39;pbus</strong></span> <span class='ocrx_word' id='word_1_307' title='bbox 314 3537 369 3623; x_wconf 71' lang='grc' dir='ltr'><strong>ιιιι1</strong></span> <span class='ocrx_word' id='word_1_308' title='bbox 431 3525 465 3575; x_wconf 80' lang='lat'><strong>25</strong></span> <span class='ocrx_word' id='word_1_309' title='bbox 485 3521 674 3592; x_wconf 83' lang='lat' dir='ltr'><strong>aliepossunt</strong></span> <span class='ocrx_word' id='word_1_310' title='bbox 661 3522 735 3578; x_wconf 58' lang='lat' dir='ltr'><strong>tm</strong></span> <span class='ocrx_word' id='word_1_311' title='bbox 761 3523 941 3595; x_wconf 79' lang='lat' dir='ltr'><strong>possintelia</strong></span> <span class='ocrx_word' id='word_1_312' title='bbox 959 3524 1101 3581; x_wconf 68' lang='lat' dir='ltr'><strong>vain</strong></span> 
     </span>
     <span class='ocr_line' id='line_1_40' title="bbox 149 3588 1124 3738; baseline 0.014 -29"><span class='ocrx_word' id='word_1_313' title='bbox 149 3588 250 3713; x_wconf 51' lang='lat' dir='ltr'><strong>gislberti(</strong></span> <span class='ocrx_word' id='word_1_314' title='bbox 252 3592 317 3716; x_wconf 71' lang='lat' dir='ltr'><strong>8runt</strong></span> <span class='ocrx_word' id='word_1_315' title='bbox 332 3593 384 3716; x_wconf 66' lang='grc' dir='ltr'><strong>Βιι)1</strong></span> <span class='ocrx_word' id='word_1_316' title='bbox 405 3589 532 3718; x_wconf 49' lang='grc' dir='ltr'>ἓιὶιίιῗιιιέι</span> <span class='ocrx_word' id='word_1_317' title='bbox 545 3663 575 3715; x_wconf 70' lang='grc' dir='ltr'><strong>ι’</strong></span> <span class='ocrx_word' id='word_1_318' title='bbox 587 3599 636 3717; x_wconf 40' lang='lat' dir='ltr'><strong>{pt</strong></span> <span class='ocrx_word' id='word_1_319' title='bbox 642 3596 697 3718; x_wconf 58' lang='lat' dir='ltr'><strong>redo.</strong></span> <span class='ocrx_word' id='word_1_320' title='bbox 701 3595 874 3738; x_wconf 45' lang='lat' dir='ltr'><strong>‘’effimlfrd.</strong></span> <span class='ocrx_word' id='word_1_321' title='bbox 902 3599 1124 3722; x_wconf 47' lang='lat' dir='ltr'><strong>effi23ialimm</strong></span> 
     </span>
    </p>
   </div>
   <div class='ocr_carea' id='block_1_5' title="bbox 0 0 1192 3934">
    <p class='ocr_par' dir='ltr' id='par_1_5' title="bbox 0 0 1192 3934">
     <span class='ocr_line' id='line_1_41' title="bbox 0 0 1192 3934; baseline 0 0"><span class='ocrx_word' id='word_1_322' title='bbox 0 0 1192 3934; x_wconf 95' lang='lat' dir='ltr'><strong> </strong></span> 
     </span>
    </p>
   </div>
  </div>
 </body>
</html>
