2364 3930
177 183 240 250 126
535 181 565 238 0.
584 180 684 236 PLINI
703 178 859 235 SECUNDI

174 336 308 416 Augusto
334 335 425 414 piscis
453 352 469 393 e
493 335 568 392 mari
590 331 627 392 ad
649 331 742 411 pedes
766 332 829 392 eius
852 328 992 410 exsilivit,
1022 346 1082 406 quo
1103 344 1173 404 argn-

174 432 274 486 mento
298 431 379 484 vates
402 421 584 502 respondere
608 420 781 500 Neptunum
805 427 921 500 patrem
943 418 1103 498 adoptante
1124 423 1175 476 tum

175 513 232 574 sibi
256 513 345 574 Sexto
369 512 510 592 Pompeio
538 523 581 552 ὲ
610 518 691 572 tauta
719 517 783 571 erat
815 508 924 570 navalis
952 510 999 568 rei
1028 506 1118 586 gloria
1142 537 1174 546 -

175 602 232 663 suh
254 601 381 682 pedihus
404 600 538 662 Caesaris
565 601 683 662 tuturos
711 601 763 678 qui
790 601 881 660 maria
908 606 1048 677 tempore
1071 594 1119 656 illo
1143 603 1175 654 te·

175 699 290 754 nerent.

122 797 156 848 ue
243 775 317 864 (23)
340 779 471 840 Piscium
495 778 621 839 feminae
644 780 772 839 maiores
792 793 886 857 ‘quam
909 794 1019 836 mares.
1067 776 1098 834 in
1119 793 1175 853 qm·

176 870 243 930 dam
270 887 380 949 genere
408 869 528 929 omnino
556 885 616 928 non
644 875 714 928 sunt
741 885 852 948 mares,
882 868 961 926 sicut
988 864 1135 942 erythinis
1154 876 1175 922 ιι

175 961 307 1020 ohannis.
353 976 456 1018 omnes
480 958 559 1017 enim
586 958 649 1017 ovis
672 957 808 1036 gravidae
833 957 1002 1035 capiuntur.
1052 963 1176 1032 vagantur

175 1050 319 1128 gregatim
341 1049 405 1108 lere
428 1049 574 1125 citiusque
597 1048 717 1125 generis
735 1047 894 1125 squamosi.
936 1047 1102 1124 capiuntur
1123 1053 1175 1102 ante

175 1138 246 1198 solis
265 1145 373 1198 ortum.
414 1145 479 1196 turn
496 1137 622 1196 maxime
641 1137 769 1216 piscium
787 1134 900 1196 fallitur
917 1136 1013 1196 visus,
1058 1132 1177 1194 nocutu

175 1230 270 1309 quies,
293 1229 349 1287 sed
369 1223 546 1286 inlustribus
569 1242 663 1304 aeque
687 1243 776 1304 quam
799 1224 846 1285 die
870 1230 1011 1284 cernunt.
1061 1225 1138 1284 aiunt
1157 1233 1177 1282 et

176 1319 201 1377 si
219 1324 334 1378 teratur
352 1333 462 1394 gurges
480 1316 626 1374 iuteresse
646 1322 795 1396 capturae,
815 1315 915 1393 itaque
933 1313 1044 1392 plures
1065 1311 1177 1372 secundo

174 1413 272 1467 tractu
292 1407 356 1484 capi
378 1422 466 1483 quam
484 1404 589 1483 primo.
633 1412 724 1482 gustu
742 1403 800 1464 olei
818 1404 953 1484 maxime,
975 1403 1054 1463 dein
1073 1401 1177 1464 modicis

174 1493 320 1556 imbribus
335 1493 464 1572 gaudent
482 1493 670 1572 alunturque.
708 1494 817 1572 quippe
837 1500 868 1553 et
885 1491 1077 1554 harundines
1095 1509 1177 1570 quam·

175 1585 219 1644 vis
241 1585 273 1644 in
295 1582 401 1663 palude
420 1590 580 1662 prognatae
604 1601 665 1642 nou
683 1590 782 1644 tamen
806 1584 869 1643 siue
888 1581 984 1644 imbre
1010 1581 1177 1657 adolescunt

175 1681 206 1734 et
228 1671 299 1733 alias
321 1670 503 1752 ubicumque
526 1673 624 1751 pisces
647 1673 678 1732 in
702 1672 805 1732 eadem
828 1689 903 1750 aqua
926 1670 1065 1754 adsidui,
1088 1673 1113 1731 si
1132 1687 1177 1729 nnn

175 1762 292 1845 adlluat,
316 1763 529 1822 exanimantur.

57 1885 61 1892 ·
123 1852 156 1930 57
243 1809 317 1934 (ul)
336 1851 538 1930 Praegelidam
556 1850 684 1911 hiemem
703 1869 807 1912 omnes
826 1852 968 1931 sentiunt,
992 1849 1052 1910 sed
1071 1831 1177 1941 maxlmq

175 1943 227 2046 qui
249 1941 407 2020 lapidem
398 1958 430 2000 m
454 1942 549 2020 capite
571 1938 681 2000 habere
705 1941 921 2021 existimantur,
943 1945 977 2000 ut
1003 1939 1086 2020 lupi,
1110 1937 1176 2012 chro-

176 2032 246 2112 mis,
276 2032 406 2110 sciaena,
435 2031 546 2109 phagri.
593 2047 662 2090 cum
689 2045 811 2109 asperae
838 1988 952 2090 hienles
974 2029 1083 2111 liuere,
1073 2017 1176 2172 ’ml

175 2121 256 2179 caeci
275 2121 441 2198 capiuntur.
483 2121 583 2198 ltaque
602 2118 649 2179 his
667 2117 846 2181 mensibus
837 2125 935 2180 iacent
949 2117 1108 2198 speluncis
1125 2133 1169 2176 con

105 2203 383 2305 '⁸¹²⁶d1trsicut
375 2225 407 2268 ιιι
420 2226 530 2287 genere
548 2209 738 2269 terrestrium
756 2207 921 2290 retulimus,
940 2210 1075 2268 maxime
1092 2207 1175 2286 hippu

143 2267 247 2356 lquus
267 2304 297 2356 et
316 2298 446 2357 coracini
437 2297 556 2358 hieme
575 2315 636 2358 nou
655 2300 733 2377 capti
751 2305 960 2378 praeterquam
978 2300 1074 2358 statis
1092 2271 1175 2402 diobol

174 2387 277 2467 paucis
301 2393 331 2447 et
353 2385 459 2447 iisdem
481 2405 609 2469 semper,
632 2388 705 2448 item
723 2405 848 2448 murena
871 2396 901 2448 et
924 2385 1053 2468 orphuS,
1078 2401 1174 2470 conger,

174 2494 281 2556 percae
310 2482 340 2536 et
367 2475 505 2536 saxatiles
532 2495 644 2536 omnes.
690 2484 770 2537 terra
798 2476 931 2558 quidem,
958 2476 1019 2537 hoc
1045 2485 1094 2536 est
1120 2471 1174 2630 ruffi

80 2625 88 2638 ,
175 2567 265 2627 maris
284 2572 433 2648 excavato,
452 2565 540 2626 condi
557 2584 611 2645 per
629 2565 743 2627 hiemes
762 2566 956 2647 torpedinem,
978 2573 1151 2646 psettnm„

174 2655 250 2716 leam
275 2654 403 2716 tradunt.

122 2751 156 2800 58
243 2737 316 2826 (25)
339 2743 465 2814 Quidam
479 2761 584 2805 rursus
599 2752 699 2806 aestus
712 2745 886 2824 inpatientia
900 2743 1006 2804 mediis
1022 2729 1173 2860 fervoribuq

175 2835 329 2911 sexagenis
352 2832 457 2893 diebus
476 2832 576 2914 latent,
599 2841 633 2894 ut
654 2833 785 2915 glaucus,
808 2833 898 2916 aselli,
921 2841 1055 2896 amatae.
1093 2833 1172 2893 llun'r¹

247 3039 468 3094 lexeiliuiid.
508 3039 650 3094 exsiliunt
676 3045 707 3094 tt.
750 3041 898 3097 exiluitr.
970 3040 1166 3120 'terythinisr

174 3113 224 3180 cfr.
243 3047 330 3166 lln'at
348 3112 374 3165 7ι.
394 3129 420 3166 c.
445 3113 581 3180 V113p
601 3116 657 3167 567
675 3113 716 3181 Α,
734 3117 782 3168 77.
806 3111 954 3168 aresthinis
973 3111 1102 3168 stares

173 3189 230 3238 br.
263 3182 348 3238 achi·
367 3182 405 3236 ⁸¹
433 3181 510 3236 aeti·
529 3186 553 3236 d
586 3183 704 3238 eroathi·
721 3188 753 3238 u.
816 3184 1052 3240 caeremonia
1071 3183 1129 3238 sut

174 3255 271 3310 chunis
290 3253 356 3310 Dal.
378 3255 437 3309 coll.
455 3253 542 3308 Arist.
562 3255 578 3310 7.
601 3255 618 3309 7.
647 3256 677 3310 ιι
694 3254 771 3310 canis
794 3256 825 3309 ι’
841 3271 892 3310 om
911 3273 934 3310 r.
971 3256 1001 3309 et
1025 3255 1133 3310 chromi

173 3327 233 3382 edd.
252 3332 313 3381 cett.
358 3331 400 3380 ·11
413 3327 442 3380 ιιι
454 3329 506 3380 Ed.
526 3327 570 3380 set
581 3343 604 3380 r.
632 3328 683 3395 cfr.
697 3327 784 3382 Arist.
794 3327 820 3381 7ι.
830 3345 856 3382 c.
871 3329 945 3380 VIII
948 3331 983 3381 19
992 3343 1021 3395 p.
1033 3325 1130 3390 6023,

246 3399 404 3452 tetstatur
421 3402 453 3450 x.
484 3395 549 3450 iter·
567 3413 590 3452 r.
693 3403 727 3452 19
746 3398 867 3454 chromis
885 3397 945 3454 siti.
974 3413 1016 3452 -es
1035 3397 1103 3452 Dal.

173 3467 372 3536 Arist..pl.t
374 3466 567 3533 .,.601B30
600 3467 806 3524 ο1ιοιοιιι1ι1ι.Ι
822 3469 946 3524 -ramin¹
974 3469 1113 3523 -ramisr

174 3541 208 3590 ιο
226 3537 328 3608 phagri
344 3485 406 3592 sict.
425 3537 483 3592 coll.
495 3507 585 3591 lirul.
605 3539 650 3592 77.
669 3540 788 3610 pagritt.
852 3546 885 3595 ιι
901 3540 1065 3614 sſjatahisr.
1084 3541 1138 3593 aest

167 3607 233 3660 cdd.
251 3613 312 3663 cett.
338 3611 392 3662 est-
411 3612 436 3662 ιι
455 3608 568 3662 susum
590 3613 622 3664 x
646 3611 833 3667 aestatutislt.
899 3619 933 3668 ιι
950 3613 1074 3682 probam
1091 3609 1135 3664 Ηιι

173 3673 329 3741 piestoud.
357 3681 460 3747 python
476 3694 500 3732 ι.
572 3682 607 3734 28
625 3679 741 3748 quidam
758 3687 804 3738 sd.
832 3683 935 3754 quaed·
953 3701 976 3740 r.
