2414 3936
168 237 210 304 82
511 253 543 298 c.
565 251 662 297 rnrur
684 249 833 300 sucorum

170 427 287 489 quoque
303 410 395 488 ipsius
410 425 545 469 mensura
560 408 659 467 veniet
673 407 708 466 ad
724 406 842 484 digitos.
866 413 989 483 quantas
1004 405 1083 466 enim
1094 404 1168 464 dine·

171 497 247 555 tiens
267 493 374 554 habeat
388 495 543 572 septimas,
561 499 655 551 tantas
672 490 783 551 hahere
800 489 938 550 circulum
955 489 1013 550 duo
1029 499 1062 550 et
1077 490 1167 550 vicesi-

169 598 248 657 mas,
271 587 412 657 tamquam
428 577 514 657 plane
532 595 549 637 e
567 575 778 655 perpendiculo
800 593 934 635 mensura
956 575 1033 634 caeli
1056 583 1166 634 constet.

128 665 317 742 ashegyptia
331 665 418 739 ratio,
440 680 523 741 quam
538 659 681 721 Petosiris
697 668 728 720 et
742 658 915 738 Nechepsos
933 659 1108 735 ostendere,
1123 660 1167 717 sin·

135 749 254 826 regulas
271 756 370 827 partes
385 749 415 808 in
432 747 523 808 lunari
541 745 664 823 circulo,
679 753 711 803 ut
727 743 832 804 dictum
848 753 911 819 est,
926 745 1045 804 minimo
1063 745 1182 820 triginta⁵

171 831 264 892 trihus
281 832 382 892 stadiis
398 830 484 910 paulo
497 831 619 910 amplius
634 839 737 908 patere
751 828 875 906 colligit,
894 830 923 888 in
936 827 1054 888 Saturni
1066 827 1168 908 amplis-

135 919 244 978 essimo
261 915 387 996 duplum,
403 917 433 976 in
448 914 538 994 solis,
554 932 639 994 quem
654 913 778 975 medium
794 931 863 974 esse
878 911 1014 990 diximus,
1029 914 1168 990 utriusque

170 1019 323 1062 mensurae
339 1000 491 1061 dimidium.
524 1018 599 1078 quac
619 1001 787 1078 conputatio
809 997 961 1077 plurimum
983 997 1074 1058 habet
1092 997 1169 1076 pudo·

171 1088 226 1167 ris,
241 1087 374 1164 quoniam
389 1085 423 1146 ad
439 1085 554 1146 Saturni
571 1084 708 1144 circulum
723 1083 820 1143 addito
835 1082 970 1161 signiferi
983 1083 1079 1161 ipsius
1093 1083 1170 1142 inter·
1203 1105 1204 1166 p

172 1171 249 1231 vallo
265 1190 321 1231 nec
335 1169 521 1231 numerabilis
537 1168 737 1247 multiplicatio
753 1167 886 1228 efficitur.
1178 1169 1204 1246 up

128 1264 162 1319 89
233 1252 285 1316 24.
308 1253 390 1334 (22.)
410 1255 534 1315 Restant
553 1253 697 1332 paneade
713 1253 828 1314 mundo.
860 1269 983 1332 namque
1007 1260 1038 1312 et
1062 1252 1170 1329 inipso

172 1340 256 1402 caelo
278 1340 383 1400 stellae
405 1347 530 1418 repente
551 1347 717 1399 nascuntur.
753 1337 838 1399 Plura
853 1354 953 1397 earum
974 1353 1096 1415 genera.
1127 1333 1171 1397 25.

59 1497 62 1504 Ι
173 1423 309 1484 Cometes
325 1423 428 1484 Graeci
443 1432 565 1500 vocant,
583 1423 676 1482 nostri
691 1423 823 1499 crinitas,
844 1421 993 1481 horrentis
1021 1423 1103 1482 crine
1119 1439 1173 1479 san·

172 1511 281 1587 guineo
306 1517 336 1568 et
357 1525 502 1569 comarum
522 1508 609 1568 modo
632 1510 663 1568 in
685 1509 827 1568 verticem
847 1505 985 1588 hispidas.
1019 1505 1109 1566 iidem
1130 1523 1172 1584 po·

172 1595 275 1671 gonias
297 1594 401 1672 quibus
423 1594 565 1654 inferiore
581 1611 620 1652 ex
640 1601 724 1670 parte
745 1593 774 1651 in
796 1592 926 1671 speciem
946 1591 1059 1651 barbae
1074 1589 1194 1666 longor

172 1679 352 1758 promittitur
372 1677 448 1738 iuba.
480 1678 626 1738 Acontius
640 1675 727 1737 iaculi
746 1676 833 1736 modo
850 1675 1010 1737 vibrantur.
1045 1675 1174 1736 ocissimo

173 1763 336 1841 significatu
352 1763 425 1823 haec
441 1763 495 1822 luit
510 1762 546 1822 dc
562 1780 619 1842 qua
633 1763 734 1840 quinto
750 1760 902 1822 consulatu
918 1778 972 1821 suo
993 1758 1077 1820 'l'itus
1093 1762 1174 1838 impe·

172 1857 254 1909 rator
275 1845 385 1910 Caesar
405 1846 557 1926 praeclaro
583 1848 709 1908 carmine
736 1847 926 1926 perscripsit,
952 1845 989 1905 ad
1010 1845 1088 1905 hunc
1109 1845 1175 1905 dien

174 1934 332 1994 novissime
351 1934 422 1992 visa.
451 1930 577 1992 Easdem
591 1931 746 1992 breviores
762 1939 792 1991 et
808 1933 837 1990 in
851 1947 1021 1991 mucronem
1031 1930 1175 2007 fastigatas

173 2013 288 2096 xiphias
310 2035 470 2092 vocavere,
495 2035 569 2094 quae
595 2024 661 2076 sunt
681 2016 805 2075 omnium
824 2015 1032 2094 pallidissimae
1058 2023 1089 2075 et
1115 2033 1196 2093 quos

174 2103 238 2162 darn
255 2101 334 2179 gladi
350 2102 446 2160 nitore
462 2117 495 2160 ac
509 2101 572 2158 sinc
588 2098 654 2157 ullis
670 2099 768 2176 radiis,
785 2113 859 2174 quos
877 2105 907 2156 et
921 2097 1051 2175 discens,
1067 2117 1122 2160 suo
1135 2119 1175 2158 no·
1202 2161 1203 2170 ¹

174 2187 243 2246 mini
261 2183 378 2259 similis,
401 2183 504 2245 colore
522 2193 618 2244 autem
633 2184 764 2259 electro,
787 2201 871 2244 raros
889 2185 1054 2261 emargine
1072 2187 1176 2244 emittit
1202 2181 1203 2240 l

132 2269 295 2330 90Pitheus
316 2268 460 2329 doliorum
485 2270 614 2328 cernitur
635 2269 728 2346 ligura
747 2269 777 2327 in
798 2280 927 2329 concavo
948 2269 1076 2329 fumidae
1099 2268 1176 2328 lucis.

177 2351 310 2414 ceratias
326 2371 432 2413 cornus
448 2355 579 2432 speciem
593 2352 698 2429 habet,
716 2352 809 2431 qualis
824 2354 878 2413 luit
892 2371 956 2413 cum
972 2351 1098 2413 Graecia
1112 2352 1177 2431 apud

176 2437 318 2498 Salamina
332 2438 517 2518 depugnavit.
543 2436 711 2516 Lampadias
723 2437 859 2498 ardentes
875 2439 1002 2498 imitatur
1016 2439 1111 2516 iaces,
1126 2439 1197 2515 hipa

176 2541 249 2602 peus
265 2524 385 2602 equinas
407 2523 507 2599 iubas,
531 2521 677 2582 celerrimi
696 2530 810 2581 motnus
829 2531 916 2601 atque
936 2524 966 2582 in
985 2522 1089 2583 orbem
1110 2525 1178 2582 circa

176 2628 209 2668 se
224 2617 337 2669 euntes.
367 2606 415 2670 Fit
431 2616 462 2668 et
477 2606 614 2668 candidus
630 2616 761 2668 cometes
780 2616 922 2685 argenteo
938 2609 1021 2668 crine
1036 2609 1078 2667 ita
1098 2607 1179 2668 reinl-

175 2713 249 2771 gcns
265 2702 296 2753 ut
309 2695 360 2753 vix
371 2695 504 2753 contueri
519 2691 617 2768 liccat,
633 2694 794 2770 specieque
805 2691 945 2752 humanae
956 2691 1044 2753 faciei
1057 2693 1177 2770 effigiem

175 2781 205 2839 in
221 2798 254 2839 se
271 2778 439 2840 ostendens.
466 2779 537 2837 liunt
555 2785 585 2836 et
599 2777 667 2838 hirti
682 2776 818 2836 villorum
832 2779 935 2856 specie
952 2785 983 2837 et
998 2777 1078 2837 nube
1092 2778 1178 2856 aliqua

176 2863 349 2924 circumdati.
380 2863 473 2923 semel
489 2861 580 2922 adhuc
595 2861 681 2922 iubae
695 2862 811 2940 efligies
826 2870 933 2922 mutata
953 2863 983 2921 in
1001 2862 1114 2922 hastam
1131 2871 1196 2923 estc

175 2945 346 3027 Olympiade
363 2944 474 3025 ovili,
497 2946 578 3006 urhis
594 2963 669 3006 anno
685 2943 867 3007 ccccviii.
901 2945 1112 3006 Brevissimum
1130 2964 1177 3025 quo

176 3041 369 3092 cernerentur
384 3032 508 3111 spatium
522 3029 579 3091 Vll
594 3031 704 3092 dierum
719 3031 884 3112 adnotatum
899 3039 961 3108 cst,
984 3031 1178 3108 longissimum
1201 3085 1202 3090 ,

178 3113 319 3177 CLXXX.

131 3208 164 3262 tl
241 3199 325 3281 (23.)
345 3201 501 3263 Moventur
517 3211 613 3262 antem
628 3202 702 3264 aliae
718 3204 874 3264 errantium
888 3201 986 3279 modo,
1007 3201 1085 3264 aliae
1099 3204 1179 3263 inmo·

176 3287 254 3350 biles
277 3285 418 3364 haerent,
444 3304 544 3348 omnes
565 3289 658 3348 ierme
679 3287 732 3347 sub
758 3290 824 3366 ipso
842 3290 1065 3366 septentrione,
1094 3288 1196 3366 aliquas

177 3374 242 3432 eius
258 3380 343 3450 parte
359 3388 417 3430 non
434 3380 531 3450 certa,
553 3373 606 3432 sed
620 3374 742 3432 maxime
758 3373 788 3432 in
802 3371 922 3432 candida
939 3391 1014 3451 qnae
1030 3372 1121 3433 lactei
1137 3375 1178 3432 cir

177 3456 234 3517 culi
254 3473 359 3516 nomen
379 3458 503 3536 accepit.
534 3457 714 3518 Aristoteles
731 3457 818 3517 tradit
833 3466 863 3518 et
878 3457 963 3517 simul
978 3457 1081 3536 plnres
1097 3476 1178 3518 cerm.

176 3542 284 3604 nemini
301 3550 473 3622 conpertum
488 3543 589 3622 alteri,
608 3543 687 3623 quod
702 3542 837 3622 equidem
855 3544 954 3623 sciam,
970 3551 1078 3605 ventos
1096 3552 1179 3604 auten
