2392 3946
233 151 319 207 ΝΑΤ.
337 152 430 208 Hrsr.
450 152 516 208 xm
536 157 640 210 15-17
661 157 787 226 (ao-ee)
954 155 1019 223 337

21 311 44 363 et
63 304 92 362 in
112 303 253 364 interiore
273 302 450 383 Cyrenaicae
469 312 562 384 parte.
600 303 637 364 de
660 307 772 366 mensis
795 314 894 369 tamen
918 313 1019 391 tacuit,

20 401 44 452 et
63 391 129 452 alias
151 392 261 454 mdbus
285 400 352 454 ante
376 391 600 456 Ciceronianam
622 397 767 456 vetustior
794 400 937 458 memoria
965 408 1019 482 est,

20 501 68 561 quo
89 483 218 562 noviciae
243 490 394 564 apparent.

75 564 146 654 (31)
168 571 232 632 dlia
251 580 297 634 est
315 571 404 634 arbor
423 570 528 632 eodem
550 575 679 656 nomine,
702 574 812 636 malum
836 576 935 638 ferens
960 583 1071 638 err-103

20 668 154 722 secretum
184 661 291 742 aliquis
321 662 412 724 odore
444 669 474 724 et
505 663 716 743 amaritudine,
748 663 813 726 aliis
846 669 1019 750 expetitum,

20 750 110 810 domus
133 752 223 814 etiam
246 749 399 836 decorans,
423 770 479 812 neo
503 751 627 812 dicenda
649 752 813 816 verbosius.

75 833 130 902 17.
154 833 229 924 (32)
252 839 365 902 Eadem
382 841 494 922 Africa,
518 859 576 919 qua
595 845 690 922 vergit
712 843 748 904 ad
771 861 839 926 nos,
862 846 1009 924 insignem
1021 853 1072 902 104

19 927 140 990 arborem
158 929 241 993 loton
259 932 362 1012 gignit,
385 949 474 1010 quam
491 939 577 992 vocat
600 931 729 1014 celtbim,
753 940 782 996 et
804 935 900 1014 ipsam
918 935 1018 998 ltaliae

20 1017 186 1102 familiarem,
210 1020 262 1082 sed
281 1029 362 1082 terra
384 1027 535 1082 mutatam.
567 1024 728 1102 praecipua
751 1030 798 1084 est
821 1025 901 1085 circa
916 1025 1018 1106 Syrtes

19 1117 92 1188 atque
113 1108 303 1172 Nasamonas.
349 1109 520 1190 magnitudo
545 1129 620 1190 quae
642 1113 722 1193 piro,
751 1131 929 1194 quamquam
952 1114 1017 1176 Ne·

18 1217 68 1277 pos
90 1197 280 1262 Cornelius
302 1199 424 1260 brevem
442 1199 542 1260 tradit.
579 1202 727 1262 incisurae
746 1201 817 1262 folio
841 1203 1018 1286 crebriores,

19 1287 111 1367 alioqui
133 1289 212 1350 ilicis
235 1289 416 1353 viderentur.
462 1290 647 1352 differentiae
674 1290 790 1374 plures,
819 1310 930 1372 eaeque
957 1313 1017 1354 ma-

19 1378 80 1438 xime
102 1377 251 1440 fructibus
275 1380 359 1441 liunt.
403 1379 575 1458 magnitudo
598 1380 669 1440 huic
692 1379 791 1462 labae,
815 1381 896 1442 color
920 1385 1071 1464 croci,1oo

18 1466 58 1526 sed
79 1475 144 1528 ante
168 1471 371 1534 maturitatem
392 1469 468 1553 alius
492 1477 581 1548 atque
605 1471 688 1554 alius,
712 1471 790 1532 sicut
812 1473 886 1534 uvis.
923 1474 1023 1552 nasci-y

19 1563 56 1615 tur
77 1557 186 1620 densus
210 1560 241 1620 in
264 1560 356 1620 ramis
377 1561 467 1640 myrti
490 1559 591 1643 modo,
614 1577 675 1622 non
698 1565 732 1622 ut
754 1563 786 1622 in
809 1559 891 1622 ltalia
915 1563 1018 1643 cerasi,

19 1653 65 1705 tam
77 1646 171 1708 dulcis
191 1647 233 1709 ibi
251 1647 318 1710 cibo
336 1655 371 1710 ut
388 1667 498 1712 nomen
518 1651 606 1712 etiam
625 1653 707 1732 genti
726 1657 883 1730 terraeque
903 1651 1020 1712 dederit

19 1737 90 1796 nimis
107 1736 248 1818 hospitali
267 1739 446 1802 advenarum
465 1739 612 1802 oblivione
630 1743 753 1820 patriae.
781 1741 883 1802 ferunt
906 1743 1018 1802 ventris

18 1841 64 1885 mn
85 1829 198 1888 sentire
220 1828 342 1890 morbos
370 1831 422 1908 qui
449 1847 517 1890 eum
544 1830 692 1891 mandant.
738 1828 844 1890 melior
873 1831 936 1892 sine
964 1833 1008 1891 in·
1020 1835 1075 1884 101

18 1917 110 1976 teriore
129 1916 247 1998 nucleo,
267 1921 319 1997 qni
337 1918 373 1979 de
393 1918 486 1980 altero
505 1937 615 1998 genere
635 1937 740 1981 osseus
758 1919 884 1980 videtur.
916 1921 1018 1980 vinum

18 2019 119 2084 qnoque
138 2008 317 2086 exprimitur
335 2007 378 2070 ilb
397 2008 492 2070 simile
510 2008 616 2092 mulso,
640 2009 718 2090 quod
741 2007 820 2070 ultra
838 2005 931 2071 denos
955 2008 1018 2069 dies

17 2102 90 2172 negat
115 2095 226 2157 durare
257 2097 336 2158 idem
363 2097 480 2178 Nepos
509 2097 657 2178 bacasque
686 2099 820 2160 concisas
848 2116 918 2160 cum
945 2097 1018 2159 alica

17 2181 44 2242 ad
64 2180 143 2246 cibos
172 2185 259 2246 dobis
288 2188 384 2248 condi.
431 2189 503 2266 quin
534 2196 564 2251 et
594 2190 743 2251 exercitus
773 2195 875 2268 pastos
905 2207 940 2248 eo
971 2206 1017 2248 ac·

18 2273 127 2351 cipimus
158 2274 239 2336 ultro
270 2278 406 2356 citroque
436 2284 636 2340 commeantes
665 2296 720 2356 per
751 2277 888 2338 Africam.
938 2277 1018 2356 ligno

18 2361 84 2423 colos
105 2366 200 2446 niger.
237 2366 274 2427 ad
296 2365 437 2428 tibiarum
460 2365 565 2430 cantus
593 2369 749 2447 expetitur.
795 2365 1018 2428 3331133331-

18 2451 80 2514 telis
102 2454 225 2534 capulos
249 2454 416 2536 brevesque
439 2454 512 2516 alios
535 2474 609 2520 usus
632 2457 808 2536 excogitant.

70 2541 147 2604 llaec
175 2543 218 2604 ibi
245 2552 352 2608 natura
378 2543 501 2606 arboris,
552 2553 598 2610 est
627 2552 727 2606 autem
757 2544 862 2606 eodem
889 2547 1009 2604 nomine
1021 2550 1072 2600 107

18 2637 41 2689 ct
58 2631 147 2694 herba
170 2642 201 2694 et
222 2636 255 2696 in
273 2633 405 2714 Aegypto
424 2634 517 2698 caulis
535 2636 567 2696 in
584 2634 763 2716 palustrium
781 2651 899 2712 genere.
930 2651 1018 2694 rece·

18 2717 141 2784 dentibus
160 2725 241 2785 enim
260 2726 345 2804 aquis
363 2723 422 2784 Nili
440 2726 535 2804 riguis
552 2726 690 2804 provenit
708 2722 813 2786 similis
832 2721 914 2784 sabae
935 2722 1019 2784 caule

18 2805 139 2891 foliisque
163 2813 255 2874 densa
279 2815 418 2894 congerie
443 2815 574 2896 stipatis,
596 2812 784 2876 brevioribus
812 2820 926 2872 tantum
954 2829 1018 2890 gra·

76 3021 202 3077 linito.
221 3037 272 3076 om.
287 3021 478 3091 r.1interiore
492 3025 528 3076 u.
550 3021 620 3076 infe-
634 3039 678 3076 ro.
751 3024 890 3102 3quoltr
919 3033 1020 3089 quaer

17 3089 95 3148 Hord.
128 3110 163 3148 ex
180 3110 236 3162 quo
255 3093 389 3148 eddome
398 3093 490 3148 Hord.
572 3093 725 3148 Scelthim
742 3097 778 3146 11.
807 3094 875 3147 .-133
892 3108 936 3148 ro,
962 3093 967 3159 1
992 3093 1023 3145 31

17 3164 62 3216 llo.
79 3180 128 3220 om.
141 3183 164 3220 r.
242 3171 258 3219 9
277 3165 429 3236 praecipua
446 3169 540 3220 Dodo.
574 3163 624 3220 sed
641 3165 732 3219 multa
749 3169 784 3218 11.
813 3181 851 3218 on
868 3163 1021 3232 praecipua

18 3235 41 3285 et
58 3235 164 3292 multa?
195 3237 253 3305 cfr.
270 3237 404 3308 Tloeopbr.
422 3237 448 3292 b.
462 3238 504 3306 pl.
519 3238 567 3290 IV
577 3242 633 3307 3,1
657 3240 781 3292 πλεῖετοε
804 3237 849 3289 καὶ
869 3233 1020 3317 udllrcroc.

79 3314 109 3361 12
127 3307 235 3378 alioqui
252 3311 304 3362 nd
332 3309 374 3363 -in
393 3308 627 3369 cdd.ooleHurd.
655 3307 744 3376 aliqui
761 3311 796 3360 it.
829 3324 920 3388 qurts.
948 3322 1021 3374 qnae

19 3375 153 3449 (ridentur)
171 3381 336 3438 Hordeum
346 3381 422 3436 Prot.
449 3382 453 3450 Ι
477 3380 606 3452 plurimis
623 3385 659 3436 11.
750 3383 783 3432 15
803 3379 892 3432 'cerasi
909 3393 933 3432 o.
962 3395 1021 3431 -sus

18 3447 53 3501 1³².
78 3451 126 3507 sis
139 3457 192 3508 lir.
270 3457 304 3508 18
323 3452 436 3510 morbos
449 3451 634 3508 1n²ed.Gel.
663 3452 711 3508 -bo
725 3455 750 3506 d.
778 3449 883 3505 -n01t¹.
912 3448 1021 3504 -buma

19 3519 298 3581 mammillam.
377 3523 508 3583 191311.
535 3523 623 3580 intro.
651 3541 690 3580 ou
702 3522 732 3578 in
746 3517 904 3577 deteriore?
977 3525 1020 3576 22.

19 3594 46 3643 23
60 3595 211 3664 accepimus
226 3613 271 3650 eo.
344 3602 378 3651 27
394 3597 423 3651 et
436 3595 543 3666 (herbo)
558 3595 665 3651 113ᾱῖ3.
685 3611 735 3651 om.
750 3593 787 3648 ‹1².
811 3593 864 3648 hec
877 3591 926 3646 11¹.
949 3591 1021 3674 bueo

19 3661 59 3718 Ψ.
127 3671 168 3722 29.
177 3686 204 3738 p.
213 3672 299 3738 338,1
319 3667 570 3738 grandioribusque
584 3673 619 3722 11.
649 3683 714 3736 -qne
729 3665 774 3722 oui
787 3669 833 3720 do.
860 3663 924 3749 -bns
938 3681 984 3718 our
997 3680 1020 3720 r.

65 3754 196 3801 hunum.
210 3768 274 3800 mor.
300 3759 333 3802 IL
826 3760 859 3808 22
