2544 3942
372 149 456 204 Nar.
475 149 568 204 Hlsu.
588 149 626 204 XI
645 157 679 206 av
700 152 825 224 (oo-oo)
1040 155 1104 220 241

71 308 202 386 pingui.
234 305 313 367 aliud
332 325 397 368 csse
417 325 506 386 quam
525 307 683 368 medullam
703 307 812 368 eruditi
831 306 948 388 docent,
967 309 1107 387 quoniam

73 394 245 475 coquendo
274 396 420 458 durescat.
466 399 600 458 omnium
627 395 751 458 cerebro
779 397 876 458 medio
903 399 1007 458 insunt
1033 400 1106 458 ossi-

75 485 155 546 cula
183 504 281 565 parva.
332 489 385 548 uni
411 485 524 548 homini
550 488 582 548 in
612 487 735 548 infantia
763 486 886 566 palpitat
920 505 975 548 neo
1006 506 1106 548 corro-

75 574 214 636 boratur
228 582 296 636 ante
310 578 441 656 primum
459 578 606 637 sermonis
626 577 789 638 exordium.
817 578 875 638 ltoc
889 583 935 638 est
947 581 1098 640 viscerum
1110 581 1159 632 135

39 680 59 721 s
79 667 328 726 excelsissimum
343 669 578 746 proximumque
598 666 688 750 cae-lo,
708 667 822 748 capitis,
841 667 905 727 sinc
925 685 1023 748 carne,
1042 669 1106 728 sine

76 771 211 836 artiore,
239 756 303 815 sine
332 754 479 816 sordibus.
530 755 606 817 hanc
634 755 744 817 habeut
773 773 879 818 sensus
908 775 1019 840 arcem,
1046 757 1106 819 hoc

77 861 233 904 venarum
255 847 352 904 omnis
379 863 396 905 a
419 844 509 906 corde
533 847 576 906 vis
600 845 704 927 tendit,
727 845 776 906 lric
799 845 922 927 desinit,
945 846 1001 908 hoc
1025 847 1105 908 colvv·

79 951 158 994 men
182 931 367 1015 altissimum,
390 933 439 994 hic
463 937 571 996 mentis
594 943 640 995 est
662 937 804 1014 regimen.
846 935 983 998 omnibus
1007 944 1106 998 autem

80 1021 261 1088 animalium
289 1024 322 1082 in
350 1025 450 1103 priora
481 1042 625 1105 pronum,
658 1027 727 1104 quia
757 1032 787 1085 et
817 1043 923 1086 sensus
953 1034 1020 1088 ante
1050 1045 1105 1087 nos

28 1128 64 1168 10
80 1110 226 1172 tendunt.
263 1111 299 1172 ab
324 1131 359 1172 eo
382 1113 583 1192 proficiscitur
606 1131 738 1194 somnus,
761 1113 830 1174 hinc
854 1117 958 1194 capitis
981 1118 1104 1177 nutatio.

80 1218 164 1279 quae
188 1200 347 1262 cerebrum
370 1220 430 1262 uon
452 1201 563 1264 habent
585 1221 645 1262 non
669 1203 829 1264 dormiunt.

155 1323 198 1334 -
222 1283 340 1373 (Cervis
363 1293 394 1352 in
418 1293 513 1371 capite
542 1294 641 1354 inesse
664 1292 818 1354 vermiculi
842 1291 897 1353 suh
920 1293 1037 1372 linguae
1061 1297 1104 1354 iu-

83 1380 198 1439 anitate
218 1386 249 1440 et
272 1383 351 1441 circa
375 1381 533 1444 articulum
557 1400 614 1461 qua
638 1390 727 1462 caput
750 1384 884 1461 iungitur
906 1401 1031 1443 numero
1056 1399 1105 1444 xx

84 1462 284 1552 produntur.)
308 1503 350 1512 -

35 1574 69 1615 15
156 1549 231 1641 (50)
263 1559 359 1620 loires
386 1560 500 1621 homini
530 1569 645 1622 tantum
675 1559 840 1622 inmobiles.
887 1559 923 1620 ab
953 1563 990 1621 iis
1014 1560 1094 1622 Flac·
1107 1567 1157 1616 136

86 1665 195 1708 corum
223 1651 406 1728 cognomina.
452 1669 508 1710 nec
536 1652 568 1710 in
596 1651 652 1710 alia
679 1659 763 1730 parte
791 1651 910 1710 leminis
938 1651 1033 1711 maius
1061 1653 1104 1712 in·

87 1735 233 1816 pendium
255 1740 423 1817 margaritis
446 1738 692 1820 dependentibus
733 1741 765 1800 iu
784 1738 906 1800 Oriente
931 1739 1051 1818 quidem
1074 1749 1104 1800 et

87 1827 161 1886 viris
180 1844 288 1888 aurum
311 1846 346 1887 eo
370 1826 428 1888 loci
450 1836 568 1907 gestare
588 1829 680 1890 decus
705 1831 900 1890 existimatur.
934 1829 1105 1890 animalium

89 1913 154 1975 aliis
173 1917 300 1977 maiores
320 1916 384 1978 aliis
407 1919 551 1999 minores,
575 1921 670 1979 cervis
694 1925 810 1979 tantum
833 1919 942 1979 scissae
963 1936 1000 1994 ,ao
1024 1918 1105 1979 velut

41 2021 75 2063 ao
89 2003 213 2086 divisae,
236 2007 326 2066 sorici
349 2005 473 2087 pilosae,
501 2007 553 2068 sed
576 2007 690 2087 aliquae
720 2006 857 2068 omnihus
885 2007 992 2068 animal
1020 2007 1103 2069 dum-

89 2101 169 2155 taxat
195 2095 406 2174 generantibus
435 2105 558 2178 excepto
587 2097 678 2158 vitulo
706 2099 820 2158 marino
848 2105 936 2176 atque
960 2095 1157 2178 delphinoavss

92 2190 214 2263 atquae
233 2185 421 2264 cartilaginea
439 2186 649 2266 appellavimus
668 2195 698 2248 et
716 2188 834 2267 viperis.
863 2185 935 2246 haec
954 2205 1094 2248 cavernas
1106 2194 1157 2242 13⁷

91 2281 206 2334 tantum
232 2272 343 2336 habent
370 2277 487 2336 aurium
516 2276 581 2336 loco
611 2285 730 2357 praeter
760 2274 949 2356 cartilaginea
981 2284 1012 2336 ct
1043 2275 1103 2338 del·

92 2362 230 2444 phinum‚
265 2381 355 2442 quem
384 2371 483 2424 tamen
514 2364 615 2426 audire
646 2365 837 2428 manifestum
867 2372 922 2426 est.
975 2384 1043 2426 nam
1074 2374 1104 2427 et

48 2469 80 2512 25
94 2459 181 2513 cantu
208 2451 378 2512 mulcentur
406 2460 436 2512 et
459 2455 618 2533 capiuntur
642 2457 759 2516 attoniti
783 2471 865 2515 sono.
903 2472 1030 2532 quanam
1053 2474 1102 2516 au·

94 2542 172 2603 diant
202 2543 319 2602 mirum.
369 2540 459 2602 iidem
489 2560 544 2604 nec
575 2541 699 2603 ollactus
729 2544 852 2621 vestigia
881 2541 1004 2625 hahent,
1035 2562 1104 2604 cum

95 2629 227 2692 olfaciant
255 2632 452 2710 sagacissime.
498 2633 689 2711 pinnatorum
711 2631 882 2692 animalium
904 2628 1018 2692 borboni
1040 2640 1103 2693 tan·

95 2728 203 2782 tumet
226 2728 275 2780 oto
299 2720 416 2799 plumae
440 2720 520 2782 velut
543 2739 641 2802 auree,
664 2723 772 2782 ceteris
796 2738 938 2782 cavernae
962 2721 999 2781 ad
1022 2721 1103 2782 audi·

165 2947 305 3002 lerudito
324 2953 376 3000 ilc.
484 2953 500 3000 3
524 2947 633 3002 homini
654 2947 685 3000 in
707 2950 753 3000 do.
787 2945 877 2999 -inum
895 2963 917 3001 r.
948 2949 953 3013 Ι
982 2946 1105 3017 palpitat

9 3061 10 3064 ,
97 3018 177 3074 lvio.
210 3022 271 3074 ant
288 3036 311 3074 r.
397 3023 451 3072 3.4
469 3019 664 3074 corroboratur
682 3019 722 3074 cd.
742 3017 799 3072 oet.
832 3019 927 3072 -antur
940 3023 964 3071 B
983 3021 1106 3089 (corroe

9 3085 10 3094 ’
99 3091 171 3158 corr.)
189 3108 214 3145 a.
247 3091 362 3146 conbor·
381 3096 411 3144 1).
445 3090 571 3145 combur-
589 3095 614 3144 vi,
718 3095 735 3144 4
758 3090 883 3145 hoc-5
902 3091 1061 3160 proximum
1079 3107 1103 3145 o.

100 3177 145 3217 om.
162 3163 188 3215 ll.
261 3163 470 3218 thabentllo.
496 3161 548 3216 hllt
565 3166 589 3216 ᾱ.
618 3162 704 3217 habet
721 3179 744 3216 r.
769 3163 774 3230 Ι
798 3161 854 3216 huc
872 3178 897 3216 o.
925 3162 979 3217 hoo
998 3163 1025 3218 ll.
1054 3162 1104 3230 cfr.

104 3235 191 3288 X131.
218 3250 256 3287 ou
273 3233 303 3286 in
320 3231 397 3288 hoo?
476 3238 527 3289 v.8
547 3233 676 3288 columen
693 3239 724 3288 B.
753 3233 926 3289 culmenro.
1004 3236 1104 3288 tante

102 3321 130 3360 os
146 3322 167 3357 a.
243 3309 356 3359 12-14
374 3321 459 3360 cocos
477 3322 523 3376 ego
538 3306 630 3375 posui·
712 3305 827 3361 181000
846 3309 870 3360 d.
954 3310 989 3360 20
1008 3305 1104 3360 soricis
1177 3357 1180 3364 i

100 3375 423 3447 12².1oliq;1tedal.oett.
451 3394 519 3446 -qua
537 3381 561 3431 d.
590 3376 731 3432 auriculae
745 3377 785 3431 ed.
799 3377 868 3432 Bas.
941 3382 974 3431 22
994 3376 1104 3432 cmtila-

101 3447 175 3518 muca
192 3464 216 3503 c.
245 3464 293 3502 -na
311 3447 375 3502 n¹a
408 3455 457 3502 -na
475 3453 499 3504 d.
533 3448 700 3519 castilagina
717 3447 787 3504 ΝΒ.
818 3449 822 3518 l
851 3449 906 3503 hae
924 3455 975 3504 Da
1070 3455 1104 3504 23

10 3523 11 3528 ’
101 3519 178 3576 habet
195 3525 275 3574 lilla.
296 3521 300 3589 Ι
321 3518 504 3590 cartilaginea
521 3538 546 3576 o.
580 3527 628 3575 -na
646 3525 670 3574 d.
699 3537 748 3574 -no
765 3537 789 3575 r.
898 3525 931 3575 26
951 3521 1064 3576 attoniti
1082 3527 1105 3574 ll

10 3595 11 3658 j
103 3608 213 3648 ccorro.
240 3591 269 3647 et
288 3591 375 3648 coniti
392 3609 415 3647 r.
487 3598 521 3648 27
541 3592 705 3648 animalium
723 3597 769 3648 dc.
795 3592 847 3648 -lia
864 3593 904 3646 im
921 3600 969 3648 ne.
996 3593 1047 3648 -lia
1064 3593 1106 3648 lm

10 3669 12 3678 ’
103 3661 141 3719 12¹.
165 3664 213 3720 -lia
231 3664 316 3720 lmme
334 3664 379 3719 12¹.
452 3670 486 3720 28
505 3681 585 3721 aures
605 3669 649 3722 vlo.
678 3664 727 3720 -ris
746 3683 769 3720 r.

149 3755 357 3797 Pirustarum.
385 3755 416 3797 11.
910 3761 943 3810 16
