2364 3930
160 145 226 212 194
380 134 384 142 ’
512 144 541 200 e.
560 145 660 200 emm
679 111 836 200 suenum

105 296 324 358 147Hadrianis
346 295 411 358 laus
435 297 569 356 maxima.
615 293 769 356 columbae
793 295 915 354 deciens
942 302 1019 354 anno
1048 295 1168 374 pariunt,

158 387 303 466 quaedam
334 393 364 446 et
394 385 571 466 undeciens,
604 387 636 444 in
663 381 796 464 Aegypto
826 401 896 444 vero
927 386 1016 446 etiam
1051 381 1168 442 brumali

157 494 269 537 mense.
310 475 487 536 hirundines
511 481 541 535 et
563 473 695 535 merulae
719 483 750 534 et
772 472 902 552 palumbi
926 481 957 534 ct
975 480 1113 533 turtures
1129 471 1169 530 bis

157 583 234 625 anno
251 567 381 646 pariunt,
404 572 521 624 ceterae
545 583 613 624 aves
636 564 700 624 lere
724 562 824 624 semel.
865 562 945 622 turdi
964 563 996 622 in
1015 563 1168 622 cacumini·

156 652 212 715 bus
236 653 376 716 arborum
394 652 458 714 luto
478 652 663 714 nidificantes
686 642 782 732 paterne
803 653 976 733 contextim,
999 654 1030 712 in
1056 669 1169 711 secessu

156 751 308 822 generant.
340 761 357 803 a
377 744 457 804 coitu
476 741 580 803 decem
599 741 704 804 dicbus
723 759 777 802 ova
795 748 1002 802 maturescunt
1024 742 1059 800 in
1083 749 1168 800 utero.

155 835 268 893 vexatis
300 839 398 892 autem
430 830 554 911 gallinae
588 839 617 893 et
645 830 799 893 columbae
827 833 917 910 pinna
950 829 1056 891 evulsa
1088 828 1168 889 aliare

156 921 244 983 simili
267 923 376 982 iniuria
399 920 521 982 diutius

103 1027 153 1078 148
218 1009 363 1072 Omnibus
387 1013 450 1070 ovis
473 1011 505 1070 in
532 1009 630 1072 medio
658 1009 750 1071 vitelli
776 1027 867 1090 parva
893 1010 972 1070 inest
998 1008 1087 1069 velut
1114 1025 1168 1067 sarr·

155 1101 262 1180 guinea
288 1108 385 1183 gutta,
418 1099 499 1179 quod
527 1117 593 1161 esse
622 1117 673 1160 cor
701 1101 799 1160 avium
827 1100 1009 1179 existumant,
1044 1099 1168 1178 primum

154 1191 184 1250 in
209 1191 290 1250 omni
313 1205 439 1270 corpore
462 1189 502 1250 id.
516 1191 596 1269 gigni
626 1190 791 1269 opinantes.
836 1190 867 1248 in
895 1206 950 1247 ovo
979 1195 1066 1248 certe
1097 1195 1169 1266 gutta

156 1297 189 1339 ea
212 1278 279 1340 salit
300 1279 491 1359 palpitatque.
543 1281 643 1358 ipsum
673 1277 780 1339 animal
812 1295 848 1339 ex
880 1276 946 1337 albo
978 1275 1101 1356 liquore
1131 1277 1168 1334 ou'

155 1377 338 1447 corporatur.
385 1367 469 1429 cibus
493 1370 558 1429 eius
580 1369 611 1428 in
634 1367 716 1429 luteo
750 1375 805 1429 est.
851 1365 989 1427 omnihus
1017 1368 1106 1426 intus
1132 1383 1169 1424 ca·

153 1465 209 1536 put
226 1459 326 1518 maius
349 1465 412 1518 toto
436 1473 575 1539 corpore,
608 1456 688 1518 oculi
715 1458 879 1538 compressi
911 1457 1006 1536 capite
1038 1455 1169 1515 maiores.

61 1593 63 1598 ,
154 1549 340 1608 increscente
363 1546 445 1627 pullo
469 1546 580 1608 candor
602 1547 634 1606 in
657 1545 789 1607 medium
811 1547 951 1626 vertitur,
974 1545 1098 1605 luteum
1121 1545 1168 1603 cir·

102 1655 152 1703 149
164 1635 376 1697 oumluuditur.
413 1637 574 1696 vicensimo
593 1634 640 1695 die
661 1637 686 1696 si
704 1643 858 1697 moveatur
876 1653 972 1716 ovum,
995 1635 1062 1694 iam
1081 1635 1170 1694 viren-

154 1727 192 1784 tis
216 1726 294 1786 intra
317 1733 458 1804 putamen
485 1741 541 1784 vox
571 1724 700 1786 auditur.
746 1723 783 1785 ab
811 1724 916 1785 eodem
943 1731 1087 1803 tempore
1114 1722 1169 1802 plu·

153 1817 267 1894 mescit‚
290 1817 330 1875 ila
353 1815 470 1893 positus
494 1822 528 1873 ut
551 1821 641 1892 caput
663 1831 755 1894 supra
774 1813 911 1874 dextrum
929 1812 1040 1893 pedem
1061 1811 1170 1885 lrabeat,

153 1903 286 1964 dextram
309 1921 378 1962 vero
404 1902 479 1962 alam
503 1919 592 1980 supra
616 1910 713 1982 caput.
755 1901 873 1964 vitellus
896 1901 1041 1982 paulatim
1068 1901 1168 1962 deficit.

153 2010 221 2053 aves
244 2010 347 2053 omnes
370 1993 401 2052 in
419 1991 511 2072 pedes
535 1999 709 2074 nascuntur,
733 1999 836 2053 contra
860 2009 947 2070 quarn
970 1991 1093 2070 reliqua
1117 1993 1170 2050 aui·

100 2080 255 2147 150malia.
301 2081 446 2160 quaedam
475 2079 599 2160 gallinae
630 2083 728 2142 omnia
759 2083 875 2161 gemina
904 2099 957 2141 ova
987 2083 1117 2160 pariunt
1148 2091 1171 2138 rt

151 2171 285 2249 geminos
303 2171 455 2232 interdum
474 2169 643 2252 excludunt,
662 2178 696 2231 ut
711 2169 901 2232 Cornelius
920 2169 1050 2230 Celsus
1072 2179 1171 2231 auctor

152 2265 210 2341 est,
233 2257 360 2320 alterum
383 2263 533 2322 maiorem.
571 2259 662 2338 aliqui
685 2268 796 2339 negant
818 2261 938 2320 omnino
961 2261 1105 2339 geminos
1129 2279 1171 2320 er·

151 2346 239 2410 cludi.
275 2347 343 2428 plus
366 2351 469 2410 vicena
493 2351 583 2428 quina
606 2349 773 2410 incubanda
798 2349 893 2410 subici
916 2355 1026 2410 vetant.
1067 2367 1170 2430 parere

151 2456 167 2498 a
196 2436 303 2498 bruma
334 2439 490 2518 incipiunt,
537 2439 647 2519 optima
680 2438 778 2500 lotura
802 2447 877 2511 ‘ante
909 2455 1038 2500 vernum
1073 2439 1170 2518 aequi-

150 2529 292 2589 noctium.
337 2535 407 2608 post
429 2527 590 2589 solstitium
614 2535 681 2589 nata
704 2546 764 2588 non
792 2527 914 2608 inplent,
934 2527 1169 2607 magnitudinem

150 2619 273 2699 iustam,
297 2623 440 2697 tantoque
463 2619 562 2678 miuus
586 2626 703 2698 quanto
720 2619 818 2678 serios
841 2635 1015 2697 provenere.

98 2726 147 2775 151
220 2701 279 2769 54.
304 2700 378 2790 (75)
409 2705 469 2767 Ova
492 2707 628 2768 incubari
651 2708 729 2768 intra
753 2705 857 2767 decem
880 2705 943 2766 dies
966 2706 1047 2767 edita
1077 2707 1168 2768 utilis·

150 2798 269 2858 simum.
306 2803 407 2856 vetera
430 2804 485 2857 aut
504 2799 672 2858 recentiora
709 2796 878 2857 infecunda.
937 2794 1035 2856 subici
1073 2797 1167 2876 inpari

148 2903 274 2944 numero
303 2884 420 2946 dehent.
443 2943 448 2953 ,
472 2893 578 2964 quarto
607 2886 654 2946 die
681 2893 839 2965 postquam
866 2902 993 2964 coepere
1020 2884 1167 2962 incubari,

148 2975 175 3033 si
198 2981 301 3034 contra
324 2972 425 3034 lumen
449 2975 602 3036 cacumine
626 2992 750 3036 ovorum
777 2973 961 3055 adprehenso
989 2992 1051 3035 una
1078 2991 1165 3035 manu

149 3079 244 3145 purus
268 3071 297 3122 et
321 3063 490 3124 uniusmodi
518 3063 670 3144 perluceat
697 3063 791 3146 color,
820 3062 930 3124 sterilia
958 3064 1165 3124 existimantur

149 3213 362 3222 ...κω-,η-

220 3289 352 3344 edacem
370 3287 468 3342 diebus
483 3293 507 3343 u.
573 3289 700 3344 ‘taliane
714 3288 777 3344 riu.
802 3304 883 3344 aene
896 3305 919 3344 r.
984 3287 1127 3343 adiutius
1142 3307 1162 3338 r.

147 3359 268 3414 -inuslt
350 3358 560 3414 ainmediod
583 3359 946 3429 inmuroluitulinrs.
1030 3365 1065 3414 11
1083 3357 1162 3428 gigni

146 3431 212 3484 rio
224 3446 280 3486 ras.
295 3435 362 3485 cdo.
384 3431 473 3488 ,nunt
485 3447 508 3484 r.
582 3436 614 3484 13
634 3431 783 3487 ruteoan.
812 3433 854 3486 ·to
871 3447 895 3485 r.
967 3437 1002 3486 16
1021 3433 1046 3484 si
1059 3429 1161 3482 ΜΤ.

147 3513 196 3552 oro.
214 3515 237 3552 r.
263 3502 268 3566 Ι
293 3501 422 3555 mouetur
439 3505 464 3554 «1,
546 3506 578 3555 21
600 3501 694 3556 omnia
711 3501 825 3572 gemina
843 3501 966 3556 F²B²dc
993 3501 1107 3572 gemina
1126 3501 1160 3552 ι’.

147 3567 242 3622 omnia
259 3586 282 3623 c.
311 3572 362 3636 cfr.
381 3571 468 3628 Anat.
487 3571 513 3626 a.
532 3588 558 3627 u.
584 3573 627 3623 VI
637 3576 654 3626 3
669 3577 768 3642 peda
777 3573 815 3640 A,
832 3577 873 3632 28
890 3574 981 3628 πάντα
1000 3571 1099 3640 δίδυμα
1124 3573 1161 3624 τί·

146 3649 246 3690 monta.
320 3645 353 3694 26
374 3641 527 3696 ammo.
556 3656 606 3696 ont.
625 3659 648 3697 r.
721 3649 753 3698 31
775 3647 832 3700 una
849 3643 891 3698 1².
917 3644 975 3698 ima
992 3659 1015 3698 r.
