2572 3936
375 217 459 271 ΝΑΤ.
479 215 571 270 ausu.
591 215 616 270 X
636 222 705 272 e-a
724 165 815 286 (ε’-3)
997 287 1006 301 .
1040 215 1101 279 161

87 364 254 444 aquilarum
277 367 476 446 nigerrimam,
499 367 734 444 prominentiore
759 365 859 426 cauda.
902 368 1051 426 consentit
1074 375 1103 427 et

87 453 255 516 Boethus.
301 457 523 533 ingeniumest
547 457 574 514 'ei
600 454 767 515 testudines
794 462 893 534 raptas
921 455 1058 534 frangere
1087 474 1102 514 e

88 543 208 604 sublimi
235 543 382 623 iaciendo,
413 561 488 622 quae
519 543 580 602 sors
607 545 759 604 interemit
785 551 904 624 poetam
927 542 1104 623 Aeschylum

87 631 271 711 praedictam
294 633 371 712 fatie,
395 640 429 692 ut
451 632 566 712 ferunt,
589 632 654 692 eius
678 633 737 692 diei
760 635 878 693 ruinam
901 649 1007 692 secura
1030 632 1103 692 caeli

58 721 146 782 elide
161 728 322 782 caventem.
350 723 422 780 item
437 723 537 799 quarti
555 723 673 798 generis
693 729 739 782 est
756 729 982 802 perenopterus,
1002 720 1104 781 eadem
1123 726 1139 776 8

88 809 287 891 oripelarqus,
310 809 460 870 vulturina
483 811 592 889 specie,
615 809 668 870 alis
691 811 831 892 minimis,
854 809 969 892 reliqua
992 811 1103 888 magni-

88 899 193 960 tudine
217 897 410 979 antecellens,
434 897 486 958 sed
509 897 627 958 inbellis
651 906 681 958 et
704 899 848 981 degener,
870 907 905 960 ut
928 917 1016 978 quam
1038 917 1103 958 ver·

88 987 175 1048 beret
198 1005 313 1048 corvus.
342 987 446 1047 eadem
468 988 585 1048 ieiunae
610 1005 728 1066 semper
747 987 894 1048 aviditatis
913 996 942 1048 et
961 987 1103 1066 querulae

87 1077 343 1138 murmurationis.
386 1075 447 1136 sola
471 1075 637 1155 aquilarum
661 1078 795 1136 exanima
817 1077 876 1138 fert
899 1095 1033 1156 corpora,
1057 1095 1103 1139 ce·

37 1179 74 1220 -ro
89 1173 184 1246 terae,
215 1183 284 1226 cum
311 1163 462 1246 occidere,
492 1165 660 1226 considunt.
705 1165 779 1226 haec
807 1165 877 1225 iacit
904 1173 939 1225 ut
967 1167 1104 1243 quintum

87 1270 183 1334 genus
205 1253 336 1332 γνήειον
359 1261 482 1314 vocetur
505 1253 586 1315 velut
607 1271 711 1314 verum
736 1253 890 1333 solumque
913 1251 1104 1332 incorruptae

88 1345 229 1424 originis,
269 1343 366 1404 media
399 1342 623 1425 magnitudine,
660 1343 759 1404 colore
799 1341 962 1424 subrutilo,
1003 1359 1105 1402 nariam

88 1439 260 1512 conspectu.
307 1439 445 1510 superest
472 1431 616 1493 haliaetus
650 1431 812 1493 clarissima
844 1431 1000 1492 oculorum
1032 1433 1104 1512 acie,

87 1519 200 1582 librans
224 1539 261 1580 ex
288 1519 346 1580 alto
375 1538 440 1580 sese
468 1523 591 1600 visoque
619 1523 651 1582 iu
678 1523 753 1582 mari
784 1522 867 1601 pisce
898 1538 1042 1600 praeceps
1073 1521 1140 1578 ine

46 1623 74 1664 15
90 1627 159 1670 eum
182 1626 274 1669 ruens
298 1617 331 1669 et
351 1609 493 1670 discussis
516 1617 639 1688 pectore
663 1611 898 1688 aquis'rapiens.
944 1608 993 1668 illa
1017 1625 1106 1687 quam

88 1701 209 1759 tertiam
232 1699 357 1758 fecimus
380 1699 531 1776 aquaticas
555 1717 623 1760 aves
651 1701 729 1759 eirca
758 1705 860 1777 stagna
888 1696 1000 1776 adpetit
1027 1715 1104 1756 mer-

89 1794 195 1868 gentes
219 1805 251 1846 se
275 1785 411 1868 subinde,
434 1785 529 1847 donec
558 1791 669 1867 sopitas
696 1788 878 1865 lassatasque
906 1787 1009 1865 rapiat.
1038 1803 1103 1864 spe·

90 1875 196 1937 ctanda
215 1875 373 1957 dimicatio,
393 1893 444 1935 ave
463 1876 499 1936 ad
517 1877 654 1956 perfugia
672 1875 794 1936 litorum
807 1875 958 1956 tendente,
977 1876 1104 1934 maxime

89 1967 115 2026 si
134 1964 283 2035 condensa
301 1963 436 2026 harundo
457 1967 503 2046 sit,
527 1964 624 2044 aquila
647 1964 716 2025 inde
739 1967 802 2025 ictu
825 1963 962 2042 abigente
981 1962 1043 2022 alae
1067 1969 1106 2043 et,

46 2070 74 2110 ao
89 2073 159 2114 eum
181 2053 309 2135 adpetat,
331 2056 363 2113 in
386 2053 467 2114 lacus
487 2053 610 2114 cadente
630 2053 826 2131 umbramque
846 2071 930 2112 suam
948 2054 1030 2112 nanti
1049 2050 1105 2111 sub

89 2161 196 2222 aquam
218 2161 235 2202 a
256 2141 343 2202 litore
367 2143 557 2224 ostendente,
585 2161 692 2204 rursus
720 2161 772 2203 ave
800 2145 832 2202 in
860 2141 977 2202 diverso
1002 2149 1032 2201 et
1053 2139 1107 2200 uhi

89 2234 211 2292 minime
235 2250 267 2291 se
291 2231 394 2292 credat
416 2235 583 2310 exspectari
607 2239 787 2310 emergente.
832 2230 905 2291 haee
929 2247 1018 2290 causa
1040 2248 1105 2308 gre·

89 2322 180 2400 galim
208 2319 310 2379 avibus
337 2319 470 2400 natandi,
500 2323 569 2399 quia
591 2320 693 2400 plures
721 2319 810 2380 simul
838 2337 898 2380 non
926 2319 1106 2379 infestantur

89 2427 232 2487 respersu
254 2410 415 2486 pinnarum
436 2409 554 2469 hostem
577 2416 777 2469 occaecantes.
823 2426 910 2486 saepe
939 2415 970 2467 et
992 2406 1106 2485 aquilae

47 2500 171 2578 seipsae
194 2515 255 2556 non
273 2496 435 2556 tolerantes
457 2497 574 2575 pondus
598 2497 817 2576 adprehensum
839 2514 898 2556 uma
921 2503 1106 2574 merguntur.
1127 2499 1163 2548 10

91 2585 237 2647 haliaetus
255 2592 371 2646 tantum
389 2584 538 2664 inplumes
558 2587 720 2646 etiamnum
733 2583 830 2664 pullos
850 2602 920 2644 suos
934 2586 1107 2662 percutiens

89 2675 217 2736 subinde
241 2677 320 2754 cogit
343 2672 482 2734 adversos
504 2677 616 2736 intueri
639 2673 710 2734 solis
733 2673 831 2733 radios
855 2680 898 2753 et,
922 2674 947 2732 si
970 2673 1106 2731 coniven-

90 2773 152 2826 tem
171 2763 452 2843 humeetantemque
473 2763 688 2844 animadvertit,
708 2763 919 2841 praecipitate
939 2759 1008 2820 nido
1027 2759 1110 2820 velut

90 2913 304 2922 ———-.—-.—-----·

162 2995 177 3042 2
196 2989 320 3042 Boethus
334 2988 422 3042 Borb.
441 3003 474 3042 eac
491 2989 550 3042 iud.
572 2988 640 3043 'tius
654 2993 685 3042 B.
710 2987 815 3042 -bhuius
833 2986 931 3040 r¹e¹d
955 2985 1051 3040 thuna
1070 2985 1106 3040 ci.

90 3061 176 3130 poeta
192 3059 333 3114 huiusce
350 3061 354 3129 Ι
371 3059 488 3113 eiuro.
508 3061 575 3114 etc.
639 3059 784 3114 chosel
813 3074 910 3114 serso.
974 3057 1107 3112 4eiuso.

91 3131 118 3185 ei
132 3131 160 3184 u.
233 3135 249 3184 ὅ
267 3132 468 3200 percnopterus
481 3131 569 3185 Barb.
589 3131 640 3198 cfr.
654 3131 743 3186 Arist.
758 3132 775 3186 t.
791 3132 808 3185 l.
824 3135 870 3187 32.
889 3130 1069 3199 perceptores
1083 3133 1107 3181 d.

90 3203 182 3255 -turus
195 3200 271 3254 1¹2¹.
296 3201 377 3255 -iirns
390 3206 422 3256 B.
448 3201 569 3272 percipit
581 3201 639 3256 irus
653 3201 730 3256 ΒΨ.
804 3200 1013 3270 doripelargus
1031 3200 1108 3254 codd.
1174 3250 1176 3254 .

92 3272 149 3328 eea.
174 3271 224 3339 cfr.
244 3271 331 3326 Arist.
351 3273 368 3326 l.
388 3273 405 3326 l.
425 3277 469 3327 34.
498 3273 638 3343 ·perlaous
656 3274 747 3327 Illud.
780 3273 883 3342 morip-
902 3289 926 3325 a.
954 3270 1047 3341 narip-
1066 3269 1109 3323 1²².

146 3347 180 3396 15
198 3342 250 3397 illa
263 3347 288 3397 d.
308 3343 377 3398 -lam
391 3359 414 3398 r.
443 3360 482 3398 on
499 3346 533 3397 ut
549 3344 600 3398 ille
682 3347 712 3400 et
730 3341 896 3413 aquaticas?
915 3343 965 3409 cfr.
981 3341 1068 3396 Arist.
1082 3342 1108 3395 b.

91 3433 118 3470 o.
133 3416 180 3466 IX
189 3417 264 3484 3412.
275 3418 334 3469 620
343 3413 379 3482 A,
394 3417 412 3468 5
420 3429 459 3485 sq.
532 3421 565 3469 19
580 3415 645 3470 inde
658 3417 717 3470 ictu
729 3433 755 3472 a.
773 3416 803 3469 in
817 3415 928 3468 deiectu
942 3414 969 3468 u.
986 3416 990 3480 1
1007 3412 1070 3467 alae
1084 3415 1109 3465 d.

91 3486 139 3540 ala
151 3501 175 3539 r.
248 3489 282 3539 20
296 3485 375 3539 lacus
389 3489 414 3542 d.
442 3488 499 3541 tus
513 3503 535 3540 r.
558 3488 562 3554 Ι
583 3486 700 3542 cadente
715 3486 786 3542 aldi.
816 3488 869 3540 -tes
887 3484 932 3539 12¹.
962 3485 1052 3538 -antes
1071 3481 1108 3536 οἱ.
1154 3519 1181 3536 .-

92 3556 229 3612 eandente
242 3562 271 3612 F.
291 3557 345 3610 -tes
359 3555 438 3611 ΒΨ.
503 3563 535 3611 21
552 3574 655 3626 aquam
669 3563 725 3613 FB.
750 3575 779 3612 -a
793 3575 838 3612 ro.
904 3562 940 3611 24
953 3555 1064 3610 hostem
1077 3560 1108 3608 R.

91 3630 206 3754 omdhhb'
222 3629 388 3692 obcecantes
405 3627 450 3682 Bi.
479 3631 609 3684 cocantes
627 3629 671 3684 12¹.
749 3634 837 3686 27.28
857 3627 1052 3684 conibuentem
1064 3625 1110 3680 Bi.

92 3715 125 3754 eo
197 3717 248 3755 ·r.

145 3790 213 3831 Purn
226 3800 283 3833 aar.
297 3800 360 3834 mer.
388 3792 419 3832 Π.
916 3795 947 3844 11
