2302 3938
220 233 299 282 nau.
321 233 412 282 aros.
435 233 483 282 vr.
504 225 590 282 7—9.
614 219 737 302 (t-ro.)
920 213 982 282 221

26 387 136 468 nperiusa
150 387 269 468 populis,
285 406 450 468 magnoque
462 388 573 468 impetu
592 389 735 450 scandens
753 387 788 450 ad
801 395 895 450 ortum
909 389 983 450 solis

26 472 121 532 etlauri
138 475 196 552 iuga
219 474 322 534 transit
338 473 527 554 Lycaoniam,
553 472 703 551 Pisidiam,
732 471 876 551 Ciliciam,
904 473 982 533 vadit

26 573 85 634 super
102 556 260 620 Antioohiae
284 565 423 636 tractum,
448 567 481 620 et
505 575 599 638 usque
625 558 660 619 ad
677 557 892 635 Cyrrhestieam
919 558 982 619 eins

25 643 131 718 regionem
153 651 232 722 parte
258 660 311 704 sua
333 659 407 722 quae
427 651 551 705 vocator
565 640 705 706 Gatmnia
730 641 889 704 contendit.
930 644 983 702 ita-

16 725 265 870 ιθιῦιχιιῡίηῑοιςίιιάο
288 728 380 790 Asiae
399 729 464 812 βῑιῖι
484 727 506 788 h
525 725 553 788 ll
574 745 710 808 passuum
727 727 834 807 elficit,
861 727 982 789 latitudo

61 893 81 955 9.
106 893 161 976 (9.)
192 897 333 960 Armenia
363 905 458 959 antem
490 897 584 959 maior
611 897 755 978 incipiens
772 900 795 960 a'
816 895 982 960 Parihedris
1000 905 1033 958 25

24 979 122 1041 nantibus
132 979 276 1061 Euphrate
288 999 384 1062 amne,
394 991 427 1044 ut
437 982 545 1044 dictum
562 991 619 1062 est,
635 984 765 1044 aufertur
777 980 1034 1064 cappadociaessa

24 1071 50 1139 et,
63 1082 103 1144 qua
118 1065 234 1128 discedit
254 1066 437 1148 Euphrates,
454 1065 686 1148 Mesopotamiae
702 1068 770 1130 haut
791 1069 883 1129 minus
902 1068 983 1129 claro

16 1148 160 1228 *annaligri
189 1160 344 1232 utrumque
367 1151 460 1213 fundit
480 1153 544 1232 ipsa
567 1162 597 1214 et
618 1153 730 1214 initium
750 1150 983 1232 Mesopotamiae

22 1231 133 1294 lacitinter
146 1235 218 1298 duos
235 1253 336 1298 amnes
354 1237 439 1299 sitae.
473 1245 573 1298 terrae
590 1237 667 1317 qnod
686 1239 810 1298 interest
826 1237 866 1297 ibi
882 1245 984 1298 tenent

23 1316 96 1378 babes
119 1318 248 1383 Orrhnei.
291 1323 335 1384 sic
367 1321 452 1383 finem
479 1324 626 1400 usquein
659 1321 830 1383 Adiabenen
861 1321 983 1402 perfert.
1021 1349 1024 1356 ’

21 1401 40 1460 al
55 1422 79 1462 ea
97 1408 264 1467 transversis
285 1407 363 1485 iugis
388 1405 500 1468 inclusa
518 1406 698 1468 latitudinem
719 1408 749 1466 in
774 1405 858 1468 laeva
884 1406 985 1487 pandit

20 1485 39 1544 d
50 1483 131 1562 lyron
144 1507 254 1552 amnem
270 1499 438 1552 nausversa
453 1489 589 1570 Araxen,
617 1491 828 1570 longitudinem
850 1509 923 1553 vero
949 1491 985 1553 ad

16 1571 114 1634 'niaoren
137 1593 229 1656 usqne
254 1575 437 1654 Armeniam,
464 1575 596 1636 Absarro
623 1593 706 1636 amne
732 1577 761 1636 ln
788 1575 909 1650 Pontum
935 1577 984 1638 de·

19 1653 88 1801 338le
104 1666 129 1718 et
140 1658 308 1722 Parihedris
319 1660 465 1723 montibus
485 1662 533 1740 qui
548 1659 668 1722 fundunt
680 1660 840 1722 Absarrum
857 1661 984 1722 discreta

47 1759 88 1801 ra.

55 1826 118 1909 (10.)
139 1827 234 1909 (lyras
251 1832 346 1894 oritur
360 1831 390 1894 in
409 1829 582 1894 flenioohiis
599 1830 745 1893 montibus
767 1849 842 1911 qnos
861 1830 910 1891 alii
927 1829 983 1890 Co·
1001 1834 1035 1890 td

19 1912 92 1972 unicos
105 1932 265 1994 vocavere,
281 1917 398 1978 Araxes
414 1918 519 1980 eodem
533 1924 633 1976 monte
649 1933 707 1996 quo
722 1915 887 1995 Euphrates
902 1913 984 1975 vltt

20 2011 109 2072 pronun
123 2001 294 2078 intervallo,
315 2009 474 2081 auctusque
496 2019 579 2062 amne
601 1999 652 2061 Usi
675 2009 706 2062 et
726 2001 809 2081 ipse,
833 2009 864 2060 ut
883 2000 983 2078 plures

20 2081 193 2164 abstinerem,
222 2084 342 2164 adpro
364 2086 496 2148 defertur
520 2087 550 2146 in
575 2083 712 2166 caspium
737 2103 827 2147 mare.
871 2083 984 2165 Oppida

19 2163 154 2230 celebrantur
171 2171 332 2252 inminere
353 2168 516 2249 Caesarea,
538 2171 617 2248 Ata,
638 2167 809 2250 Nicopolis,
829 2171 859 2230 in
874 2172 984 2231 maiore

18 2247 154 2315 Arsamosata
178 2253 323 2334 Euphrati
356 2257 536 2338 proximum,
565 2253 646 2333 'digri
674 2252 928 2331 Gareathioeerta,
954 2255 985 2314 in

18 2335 97 2397 ncelsn
107 2347 197 2400 autem
213 2339 441 2419 Tigranocerta,
455 2348 485 2401 at
502 2341 532 2400 in
544 2341 652 2419 campis
668 2341 748 2400 iaxta
763 2341 883 2400 Araxen
898 2338 984 2399 Arta-

18 2425 60 2478 nta.
88 2420 244 2487 Universae
267 2425 493 2504 magnitudinem
515 2423 646 2485 Aufidius
670 2426 705 2508 [131
733 2423 877 2504 prodidit,
901 2420 985 2484 Clau·
1002 2427 1035 2477 27

18 2499 53 2561 lius
66 2503 158 2569 daesar
172 2509 386 2590 longitudinem
399 2519 417 2570 a
432 2513 568 2573 Dascusa
588 2509 623 2570 ad
644 2509 798 2570 confinium
813 2507 911 2586 Caspii
927 2526 983 2568 ma·

19 2585 105 2674 taini
117 2611 268 2672 passuum,
286 2594 471 2657 latitudinem
490 2593 635 2656 dimidium
659 2595 722 2655 eius
744 2592 986 2670 a'l'igranocerta

19 2669 181 2742 tllllberianr.
220 2678 379 2757 dividitur,
404 2679 481 2759 quod
502 2688 614 2740 certum
634 2687 698 2756 est,
723 2679 752 2737 in
773 2678 984 2756 praefecturas,

19 2767 59 2830 pas
71 2763 258 2844 στρατηγίας
272 2771 395 2841 vocant,
417 2763 554 2844 quasdam
576 2781 615 2824 ex
628 2763 673 2824 his
688 2762 738 2824 vel
759 2761 872 2839 singula
893 2777 985 2839 regna

20 2844 131 2924 pendan,
156 2847 291 2910 barbaris
311 2847 475 2908 nominibus
503 2845 591 2908 CXX.
624 2846 759 2908 claudunt
783 2865 846 2907 eam
870 2854 985 2906 montes

20 2919 156 3010 oboriente,
178 2932 231 2994 sed
254 2949 313 2993 non
332 2934 443 3010 statim,
460 2929 614 3010 Ceraunii,
637 2949 693 2993 nec
715 2931 868 2994 Adiabene
889 2932 984 3010 regio.

20 3001 69 3072 laet
81 3013 194 3078 interest
208 3018 285 3098 spati
302 3015 433 3096 Cepheni
452 3024 563 3081 tenent.
604 3015 640 3078 ab
659 3016 704 3078 his
719 3019 786 3096 iuga
807 3017 883 3077 ultra
898 3015 984 3076 Adia·
1002 3017 1037 3070 28

20 3087 58 3151 leni
76 3105 182 3180 tenent,
210 3121 267 3182 per
291 3101 442 3164 convalles
462 3110 560 3164 autem
580 3102 707 3183 proximi
738 3101 896 3162 Armeniae
921 3109 986 3161 sunt

21 3169 141 3270 bernhardi
164 3195 194 3248 et
210 3185 373 3248 llosnheni.
411 3187 585 3250 Adiabenen
607 3187 705 3266 Tigris
726 3194 756 3247 et
777 3195 892 3246 montes
915 3185 985 3246 invii

21 3273 105 3338 litant.
145 3270 191 3332 Ab
207 3271 293 3333 laena
316 3273 380 3333 eius
396 3274 481 3352 regio
500 3271 651 3334 bladorum
674 3280 719 3332 est
740 3269 776 3330 ad
798 3277 986 3352 prospectum

21 3339 179 3426 lupinaria
202 3375 240 3418 ex
252 3375 365 3418 oceano
378 3355 443 3436 hoo,
458 3365 490 3418 ut
504 3375 558 3418 sao
576 3357 644 3417 loeo
661 3355 801 3434 dicemus,
817 3353 985 3430 infunditur,
999 3380 1022 3415 ae

22 3433 125 3515 totunqaa
137 3437 283 3503 Caucasiis
295 3440 442 3503 montibus
460 3443 593 3520 cingitur.
622 3439 740 3502 lncolae
759 3457 814 3521 per
831 3438 987 3500 confinium

22 3511 131 3586 Ameriae
145 3545 217 3588 nuno
231 3527 375 3590 dicentur.
