2308 3936
289 257 374 304 111.
392 255 482 304 rursu.
500 257 523 304 1.
547 239 595 326 (x.
612 247 678 322 xc.)
731 277 736 284 -
967 241 1006 304 21

27 415 73 490 lyla
88 413 131 492 qui
148 412 185 472 de
204 413 359 496 angariis,
377 409 554 488 Aristotele,
571 410 792 490 Theophrasto,
817 408 1006 488 Callimacho,

26 497 153 573 Aeschylo,
169 497 311 556 Hierone
326 515 417 574 rege,
433 495 630 556 Philometore
645 513 735 573 rege,
753 494 883 571 Archyta
898 494 1007 556 'laren-

25 588 72 658 tiro,
85 581 283 660 Amphilocho
301 581 493 656 Atheniense,
510 581 667 660 Anaxipoli
684 579 803 656 Thasio,
820 579 1007 660 Apollodoro

24 669 124 741 Lennio,
141 666 352 745 Aristophane
368 665 499 742 Milesio,
517 666 666 744 Antigono
684 663 824 742 Cymaeo,
841 663 1008 742 Agathocle

12 753 85 826 ollio,
99 750 266 830 Apollonio
284 751 484 828 Pergameno,
500 751 671 812 Aristandro
690 749 863 825 Athenaeo,
879 749 1007 810 Bacchio

24 837 117 912 lb'lesio,
134 835 232 896 Rione
252 836 399 912 Solense,
417 833 548 896 Chaerea
564 835 763 910 Atheniense,
779 834 912 896 Diodoro
928 833 1008 894 Prie·
1044 829 1047 836 ’

24 920 199 995 cucullione
219 917 427 999 (lolophonio,
451 919 636 998 Democrito,
660 919 814 998 Diophane
830 917 1007 995 Nicaeense,

23 1006 125 1083 Epigene
151 1003 294 1082 Rhodio,
321 1004 463 1082 Euagone
490 1004 613 1082 Thasio,
643 1004 813 1084 Euphronio
841 1003 1007 1080 Athenaeo,

23 1091 83 1165 loha,
101 1089 292 1150 Androtioue
316 1091 365 1169 qui
388 1089 424 1149 de
443 1090 634 1168 agricultura,
659 1089 844 1151 Aeschrione
863 1089 911 1168 qui
927 1089 1008 1164 item,

4 1173 166 1248 olyshuacho
185 1176 237 1254 qui
255 1177 343 1250 item,
369 1173 512 1250 Dionysio
528 1177 576 1254 qui
591 1175 748 1254 Magonem
762 1173 922 1248 transtulit,
938 1172 1008 1232 Dio·

24 1259 92 1336 phane
107 1260 155 1338 qui
173 1277 214 1318 ex
231 1258 377 1334 Dionysio
405 1260 532 1340 epitoma
557 1259 640 1338 iecit,
656 1258 815 1335 Nicandro,
832 1256 1009 1333 Onesicrito,

24 1343 172 1418 Phylarcho,
190 1343 336 1406 llesiodo.

1 1445 2 1464 ³
66 1427 146 1487 libro
162 1426 216 1487 Xl.
242 1430 426 1488 continentur
441 1429 617 1490 insectorum
633 1429 795 1489 animalium
811 1445 931 1506 genera.
957 1426 1009 1506 (1)

1 1541 2 1544 ¹
24 1511 148 1572 Subtilitas
163 1513 195 1571 in
210 1511 257 1572 lris
273 1513 364 1574 rebus
381 1521 509 1573 naturae.
542 1513 594 1594 (2)
612 1512 659 1572 An
677 1514 804 1592 spirent,
828 1531 864 1573 an
885 1510 1012 1572 habeant

5 1599 179 1674 insanguinem.
219 1595 272 1676 (3)
296 1597 343 1657 De
371 1615 497 1676 corpore
523 1614 633 1658 eorum.
672 1595 807 1680 (4-23)
834 1597 881 1657 De
906 1595 1011 1674 apibus

25 1677 123 1768 (1111
144 1682 222 1742 ordo
248 1683 277 1740 in
298 1698 396 1761 opere·
413 1700 521 1743 earum.
553 1683 581 1743 6.
601 1683 669 1761 quid
686 1683 722 1742 sit
742 1683 771 1741 in
787 1699 825 1741 eo
841 1681 1010 1756 commosis,

25 1768 74 1846 quid
87 1768 122 1826 sit
136 1768 331 1846 pissoceros,
359 1767 427 1848 quid
443 1769 479 1827 sit
494 1767 638 1846 propolis,
670 1768 699 1826 7.
715 1766 785 1846 quid
801 1766 931 1828 erithace
948 1766 1011 1824 sive

25 1852 161 1914 sandaraca
180 1853 245 1912 sire
264 1851 429 1929 cerinthos,
462 1850 491 1911 8.
509 1851 669 1932 exquibus
687 1851 809 1912 floribus
825 1867 917 1930 opera
933 1848 1009 1908 hant.

26 1939 45 1994 t.
59 1938 145 2016 apium
166 1937 264 1996 studio
288 1939 375 2016 capti.
396 1934 549 2016 [111111
573 1935 767 2019 operis.]11.
788 1936 824 1996 de
841 1935 926 1995 lucis.
963 1931 1009 1992 12.

6 2041 83 2101 cquae
96 2031 198 2082 natura
213 2021 321 2096 mellis,
355 2020 402 2082 13.
420 2037 497 2100 quae
519 2023 629 2100 optima
656 2019 755 2096 mella,
791 2019 838 2079 14.
863 2035 938 2099 qnae
960 2035 1011 2094 ge·

26 2125 78 2166 nera
95 2106 190 2167 mellis
214 2107 243 2164 in
267 2105 390 2182 singulis
410 2106 497 2181 locis,
531 2106 579 2165 15.
604 2105 750 2184 quomodo
773 2103 944 2181 probentur.
975 2101 1012 2162 de

27 2192 87 2250 erice
108 2191 170 2251 sive
194 2190 330 2250 tetralice
358 2191 421 2248 sive
444 2190 550 2264 sisyro.
585 2189 633 2250 16.
658 2188 806 2268 quomodo
828 2207 900 2266 apes
922 2204 1012 2263 gene·

26 2283 81 2334 rent.
108 2275 155 2334 il.
169 2292 246 2354 qnae
259 2275 410 2351 regiminis
421 2275 506 2334 ratio.
536 2271 583 2334 18.
597 2273 754 2352 aliquando
767 2281 796 2332 et
808 2273 916 2333 laetum
928 2287 1013 2330 omen

27 2376 79 2417 esse
100 2360 270 2419 examinum.
306 2358 354 2420 19.
370 2376 482 2436 genera
504 2359 608 2437 apium.
640 2357 690 2418 20.
714 2358 751 2418 de
772 2355 882 2416 morbis
906 2356 1011 2433 apium.

7 2440 150 2522 1111111
167 2444 281 2503 inimica
298 2443 411 2522 apibus.
445 2441 495 2504 22.
513 2445 549 2504 de
567 2443 749 2502 continendis
765 2441 879 2522 apibus,
908 2437 957 2499 23.
976 2439 1012 2498 de

27 2523 208 2615 reparandis).
241 2527 314 2608 (24)
330 2527 377 2590 De
398 2529 499 2606 vespis
515 2537 544 2587 et
560 2527 760 2588 crabronibus.
789 2543 864 2604 qnae
881 2522 1013 2585 animalia

28 2629 54 2668 er
76 2612 167 2672 alieno
195 2631 276 2672 sunm
304 2612 420 2674 iaciant.
461 2611 617 2692 (2547)
644 2610 690 2671 De
718 2609 864 2686 bombyce
891 2607 1014 2682 Assyria

29 2688 84 2777 [to.
101 2697 138 2757 de
153 2696 328 2772 bombyliis,
347 2697 508 2772 necydalis.
536 2714 610 2774 quae
627 2697 718 2776 prima
734 2695 877 2754 invenerit
892 2690 1013 2766 bomby-

30 2781 102 2840 cinum
121 2791 243 2842 vestem.
277 2781 327 2841 27.
345 2781 383 2841 de
408 2781 553 2856 bombyce
569 2777 641 2840 Coa.
672 2779 819 2860 quomodo
845 2777 1015 2838 conficiatur

9 2861 209 2954 1111111).
242 2863 308 2946 (28.
326 2865 383 2946 29)
401 2864 447 2925 De
468 2865 583 2926 araneis
601 2856 673 2950 (qui
689 2883 727 2924 ex
741 2861 787 2923 bis
802 2871 910 2922 texant.
938 2877 1013 2939 quae

31 2953 147 3011 nateriue
168 2959 268 3012 natura
291 2951 328 3011 ad
349 2951 517 3010 texendum.
555 2949 605 3010 29.
627 2949 783 3026 generatio
808 2938 1012 3032 marmorum).

32 3030 87 3112 (tt)
102 3034 147 3096 De
162 3034 376 3114 scorpionibus
412 3033 485 3115 (31)
507 3035 544 3094 de
566 3032 760 3094 stellionibus.
794 3030 867 3111 (32)
884 3031 921 3092 de
938 3031 1014 3091 cica-

33 3115 72 3173 dis.
100 3121 158 3178 siue
176 3137 228 3180 ore
246 3137 331 3194 esse,
354 3121 418 3180 sine
435 3121 514 3180 exitu
530 3117 598 3179 cibi.
631 3117 704 3198 (33)
722 3117 760 3178 de
776 3117 870 3195 pinnis
887 3117 1014 3174 insecto-

34 3217 88 3259 run.
113 3202 182 3285 (34)
198 3205 235 3264 de
252 3203 432 3264 scarabaeis.
456 3203 644 3282 lampyrides,
660 3201 774 3280 reliqna
790 3199 1015 3260 scarabaeorum

15 3289 144 3365 llgeneris,
157 3289 264 3365 asilus,
289 3289 465 3368 papiliones.
501 3287 574 3368 (35)
591 3273 628 3348 de
646 3287 778 3348 locustis.
812 3283 885 3364 (36)
902 3284 939 3344 de
955 3281 1014 3341 for·

38 3367 109 3430 uicis.
138 3371 207 3454 (37)
230 3371 441 3449 Ghrysallides.
474 3371 546 3452 (38)
562 3372 608 3433 De
637 3372 675 3432 iis
700 3369 870 3430 animalibus
886 3385 961 3447 quae
977 3381 1015 3424 ex

38 3449 99 3527 liyno
113 3459 197 3518 autin
211 3459 291 3536 ligno
307 3467 471 3518 nascuntur.
500 3457 571 3538 (39)
588 3457 723 3518 Sordium
738 3455 861 3516 hominis
873 3449 1013 3514 animalia.

40 3539 98 3612 prol
119 3544 215 3604 animal
241 3543 398 3604 minimum.
430 3543 549 3604 aestatis
572 3542 714 3603 animalia.
750 3539 822 3620 (40)
840 3534 952 3596 Animal
969 3531 1015 3593 cul
