2396 3940
167 139 235 207 280
526 140 558 198 0.
575 139 675 195 Puuu
693 137 851 196 succum

168 307 279 372 genera
306 289 387 353 silvis
414 308 448 352 ac
476 308 529 354 sua
557 292 680 353 numina
707 297 858 370 tamquam
884 306 901 349 c
931 287 1011 351 caelo
1040 287 1163 350 attributa

132 380 327 444 benedicens.
372 378 495 442 arbores
517 387 621 461 postea
642 377 847 442 blandioribus
868 378 955 459 fruge
981 379 1062 440 sucis
1085 377 1163 440 bomi-

168 488 237 533 nem
271 471 451 551 mitigavcre.
503 486 539 536 ea
571 469 620 536 hro
653 483 795 534 recreans
828 466 961 533 membra
994 467 1052 530 olei
1083 467 1165 548 liquor

167 561 307 640 viresque
329 567 420 640 potus
442 560 516 644 vini,
543 567 589 622 tot
611 559 741 640 denique
765 575 887 642 sapores
910 559 979 620 anni
1001 565 1104 638 sponte
1127 576 1164 618 ve·

167 651 286 712 nientes
317 657 348 710 et
374 663 509 732 mansne,
533 648 730 730 depugnetur
752 647 828 710 lloct
852 662 963 710 eanum
991 663 1082 710 causa
1110 659 1183 708 cuma

168 739 241 800 ieris
269 745 300 800 el
325 739 403 818 pasti
429 738 643 819 naufragorum
670 737 847 820 corporibus
873 739 972 818 pisces
999 743 1166 818 expetantur,

132 829 257 890 aetiam
285 845 365 890 nunc
392 835 492 889 tamen
520 827 677 890 secundae.
723 825 804 889 mille
831 835 986 908 praeterea
1015 833 1085 888 sunt
1107 845 1166 888 usns

168 934 270 978 earum
298 919 362 978 sine
390 920 458 998 quis
484 919 543 980 vita
571 917 639 998 degi
665 936 727 979 non
753 919 856 998 possit.
901 915 1008 978 arbore
1037 913 1166 977 sulcamus

167 1007 259 1068 maria
286 1013 442 1086 terrasque
470 1005 674 1090 admovemus,
707 1005 814 1070 arbore
844 1005 1072 1072 exaedificamus
1097 1012 1166 1066 tacu.

167 1093 291 1156 arborea
314 1101 345 1157 er
368 1095 524 1158 simulacra
551 1099 710 1160 numinum
737 1095 822 1158 luere
850 1095 982 1160 nondum
1010 1096 1105 1177 predo
1130 1103 1189 1154 err

167 1185 295 1265 cogitato
324 1183 482 1247 beluarum
511 1183 663 1268 cadaveri,
699 1193 788 1267 atque
816 1193 853 1247 nt
882 1203 899 1246 a
928 1185 984 1246 diis
1018 1191 1087 1246 nalo
1114 1185 1168 1245 inre

166 1273 301 1336 luxuriae
329 1275 434 1338 eodem
462 1273 553 1340 ebore
581 1277 738 1338 numinum
765 1293 818 1336 ora
845 1281 1020 1356 spectantur
1048 1281 1079 1335 et
1102 1291 1166 1350 rnen

167 1381 267 1425 sarum
298 1363 399 1446 pedes.
448 1363 580 1446 produnt
612 1363 735 1448 Alpibus
767 1364 913 1428 coercitas
944 1371 975 1426 et
1008 1371 1074 1426 tum
1102 1365 1167 1424 iner-

166 1451 328 1534 supcrabili
350 1455 536 1516 munimento
560 1453 676 1538 Galliac,
696 1453 776 1516 hanc
797 1456 928 1536 primum
950 1452 1093 1516 habuisse
1114 1471 1166 1513 cau·

166 1559 229 1604 sam
260 1541 496 1624 superfundendi
526 1561 558 1606 se
586 1542 701 1628 ltaliae,
734 1544 813 1626 quod
839 1541 945 1606 llelico
976 1561 1015 1604 ex
1044 1541 1189 1626 llelreiiisl

166 1631 239 1693 civis
262 1649 365 1694 earum
388 1628 523 1696 fabrilem
547 1631 586 1696 ob
609 1641 705 1695 artem
727 1631 838 1695 Romae
866 1639 1071 1695 commoratus
1095 1633 1189 1692 dcun}

166 1723 275 1783 siccam
299 1729 329 1784 et
350 1739 438 1786 uram
461 1721 579 1806 oleique
602 1742 636 1784 ac
659 1725 720 1785 vini
742 1725 889 1806 promissa
915 1737 1058 1789 remeans
1084 1738 1167 1784 seem

165 1809 291 1873 tulisset.
337 1820 519 1894 quapropter
540 1812 616 1874 baec
637 1812 684 1875 rel
707 1811 786 1874 bello
809 1815 960 1893 quaesisse
983 1813 1073 1874 venia
1094 1813 1134 1873 sic

130 1913 147 1962 o
233 1893 285 1985 (3)
314 1899 373 1962 Sed
397 1903 465 1981 quis
488 1919 549 1963 non
571 1905 638 1964 inne
661 1903 788 1964 miretur
810 1893 948 1964 arborem
971 1901 1097 1966 umbrae
1116 1917 1167 1982 gra·

165 1991 206 2050 lia
234 1997 350 2051 tantum
379 2007 416 2050 ex
445 1989 541 2052 alieno
567 1995 692 2074 petitam
722 1987 820 2054 orbe?
856 1991 996 2076 platanus
1028 1991 1100 2053 haec
1124 1997 1188 2070 eslii

165 2095 246 2139 mare
264 2077 382 2142 lonium
400 2077 551 2143 Diomedis
569 2081 667 2143 insula
689 2090 777 2144 tenus
800 2081 936 2144 ciusdem
958 2081 1069 2144 tumuli
1090 2081 1167 2161 gratia

164 2169 294 2250 primum
316 2170 447 2253 invecta,
473 2169 543 2232 inde
565 2171 598 2232 in
621 2169 752 2232 Siciliam
773 2179 961 2252 transgressa
988 2178 1079 2252 atque
1104 2172 1188 2231 inter

164 2259 275 2337 primas
298 2257 405 2320 donata
428 2257 528 2322 ltaliae
551 2268 589 2322 et
606 2262 667 2321 iam
695 2261 732 2322 ad
759 2259 891 2322 Morinos
918 2277 1017 2342 usque
1045 2267 1167 2344 pervecta

165 2363 198 2408 ac
221 2345 413 2410 tributarium
441 2351 530 2411 etiam
558 2349 695 2412 detinens
724 2349 834 2434 solum,
863 2361 897 2412 nt
924 2358 1031 2431 gentoe
1058 2345 1165 2430 vectigal

130 2443 196 2498 ret
217 2456 273 2520 pro
296 2436 401 2498 umbra
423 2437 563 2518 pendant.
608 2439 767 2522 Dionysius
788 2443 873 2522 prior
896 2439 1015 2504 Siciliae
1040 2448 1165 2524 tyrannus

164 2523 291 2605 Regium
313 2527 344 2586 in
371 2521 477 2590 urbern
504 2527 659 2590 transtulit
686 2545 736 2590 eas
764 2529 870 2592 domus
897 2547 969 2592 suae
996 2528 1165 2606 miraculum,

163 2613 216 2674 ubi
242 2622 346 2697 postea
373 2615 485 2678 factunm
512 2619 720 2702 gymnasiump'
743 2634 799 2680 nec
825 2621 960 2702 potuisse
986 2621 1019 2680 in
1046 2617 1187 2702 amplinrg

164 2701 264 2766 dinem
291 2723 452 2784 augescere
481 2713 532 2768 aul
558 2705 629 2768 alias
656 2707 750 2770 luisse
777 2711 808 2769 in
835 2707 919 2770 ltalia
946 2726 980 2770 ac
1008 2708 1187 2770 nominarim

163 2789 304 2876 Hispania
327 2793 404 2876 apud
428 2803 566 2856 auctores
589 2797 749 2860 invenitur.

236 3003 453 3072 dexpecicnbur
469 3005 559 3061 1ιί
634 3012 668 3062 10
686 3007 804 3064 arborea
820 3011 883 3060 n.
908 3021 949 3062 -co
968 3022 1013 3063 ro.
1084 3011 1114 3060 11
1130 3005 1162 3058 ab

163 3087 218 3142 que
240 3073 273 3127 ub
290 3073 547 3132 cerumtamen.
583 3077 735 3146 antequam
756 3079 790 3132 ut
811 3077 850 3134 ed.
864 3077 934 3132 Boo.
964 3093 1011 3148 epo
1032 3077 1121 3134 malin
1139 3076 1186 3150 ol}

163 3161 246 3200 nunc.
275 3145 314 3202 od
331 3147 364 3201 ui
380 3148 459 3202 ccccl
476 3153 636 3218 corruptum
648 3153 746 3219 posteo
764 3154 877 3218 optutus
894 3154 933 3204 cal
945 3149 1036 3218 solorra
1052 3151 1096 3206 alic
1110 3163 1159 3204 ear·

162 3217 302 3284 iunctione
320 3219 521 3288 specieronbur.
595 3225 628 3276 12
680 3222 809 3278 ectonbcr
826 3225 861 3278 Ι.
884 3222 1011 3280 -orcnbnr
1028 3238 1070 3278 ra.
1134 3223 1159 3272 16

162 3286 232 3342 civis
250 3304 301 3344 om.
320 3294 355 3344 Ι.
438 3295 471 3344 17
490 3291 629 3360 promissa
676 3291 926 3350 BBorb.cd.Bao.
955 3310 998 3350 -ao
1017 3293 1073 3350 eod
1090 3291 1157 3356 Obid-

161 3357 212 3422 cfr.
230 3361 322 3414 XVII
330 3364 400 3418 262.
426 3363 535 3414 XXXI
543 3365 587 3416 46.
602 3367 647 3418 48,
670 3365 705 3416 Id
714 3368 760 3420 89.
787 3367 816 3416 X
823 3369 871 3420 82.
898 3381 1008 3434 praem-
1026 3381 1069 3420 ro.
1131 3365 1157 3416 id

161 3428 206 3482 est
222 3429 445 3499 Icod.0biffio.
473 3432 503 3485 et
519 3436 550 3488 B.
575 3447 626 3486 om.
644 3450 667 3487 r.
740 3439 774 3490 28
794 3451 945 3506 cogoscere
963 3441 999 3492 ι
1031 3433 1118 3493 edoles
1131 3437 1155 3484 1.

161 3511 329 3626 wrm).
351 3502 355 3570 Ι
376 3503 533 3628 aubgcffi
544 3501 626 3571 dorp
636 3504 873 3634 ahaubfflbr.
899 3507 978 3564 bmud
991 3507 1112 3566 eddom.
1134 3503 1156 3626 {l

157 3635 198 3699 pl.
213 3638 233 3686 I
234 3640 262 3687 V
267 3643 293 3706 5,
304 3645 322 3694 6
341 3643 429 3698 verbo
442 3644 512 3698 mole
525 3588 801 3706 &movendum
819 3577 1154 3721 &lulleworda
