2340 3934
156 124 199 188 58
503 122 532 176 c.
550 85 653 176 mnu
670 119 827 176 suenum

156 275 380 354 pronuntiatum
402 275 468 334 eius
490 273 554 332 fore
572 273 773 352 principatum
795 271 847 351 qui
864 272 1030 350 transisset,
1052 285 1155 330 ausum·

157 381 215 442 que
238 362 407 424 Patroclum
430 360 468 423 ob
490 362 521 422 id
539 360 669 441 phaleris
692 362 851 442 argenteis,
874 379 933 440 quo
955 361 1082 420 maxime
1099 377 1155 436 gau·

157 453 236 534 dent,
259 460 289 513 et
311 451 427 531 reliquo
451 453 531 513 omrai
553 453 682 530 primatu
706 450 833 512 donarit.
865 448 915 510 ille
939 451 990 528 qui
1012 447 1157 509 notabatur

157 542 254 602 inedia
276 549 404 604 mortem
425 542 603 620 ignominiae
625 539 775 620 praetulit
806 542 901 602 mirus
924 557 1053 617 namque
1075 537 1158 617 pudor

158 638 216 712 est,
245 633 400 712 victusque
428 649 532 691 vocem
558 629 636 708 iugit
661 631 797 712 victoris,
827 637 938 690 terram
964 646 998 688 ac
1028 626 1159 689 verbenas

105 733 138 780 13
157 722 291 800 porrigit.
340 720 455 800 pudore
483 737 645 798 numquam
671 721 731 780 nisi
758 721 791 780 in
818 718 919 780 abdito
950 725 1076 799 coeunt,
1109 715 1166 798 marl

158 812 368 891 quinquennis,
390 810 500 870 semina
518 809 668 870 decennis.
695 810 790 870 initur
807 815 906 870 autem
924 807 1048 868 biennio
1067 809 1166 886 quinisr

157 907 191 958 ut
213 899 327 979 ierunt,
350 901 495 978 cuiusque
519 901 589 960 anni
611 897 730 980 diebus,
753 917 809 960 nec
832 897 974 978 amplinS,
998 903 1085 958 sexto
1106 915 1159 975 per·

157 987 323 1048 funduntur
346 1006 446 1070 amne,
469 1006 529 1049 non
552 995 620 1048 ante
643 987 770 1050 reduces
792 987 829 1049 ad
852 1005 966 1066 agmen.
1012 1004 1073 1048 nec
1094 985 1160 1046 adul·

157 1077 232 1136 teria
254 1095 378 1158 novere,
401 1077 516 1138 nullave
539 1084 663 1157 propter
683 1077 808 1140 feminas
830 1079 910 1140 inter
933 1095 966 1136 se
989 1076 1105 1156 proelia
1125 1095 1161 1136 ce·

157 1167 231 1250 teris
263 1165 437 1228 animalibus
468 1167 653 1250 pernicialia,
684 1185 741 1228 nec
773 1169 843 1248 qiria
869 1166 946 1226 desit
975 1165 1038 1226 illis
1068 1167 1163 1226 amoris

158 1257 215 1335 vis,
247 1273 374 1335 namque
402 1256 529 1321 traditur
559 1275 638 1318 unus
665 1274 779 1318 amasse
807 1256 954 1336 quandam
982 1257 1015 1316 in
1044 1255 1163 1335 Aegypto

158 1343 282 1404 corollas
306 1346 483 1408 vendentem
510 1365 558 1428 ac,
590 1365 627 1407 nc
651 1348 718 1426 quis
741 1345 902 1426 vulgariter
930 1343 1060 1411 electam
1083 1353 1164 1424 putet,

157 1435 232 1494 mire
259 1443 373 1513 gratam
395 1434 586 1515 Aristophani
610 1435 805 1498 celeberrimo
832 1437 863 1498 in
886 1441 950 1496 arte
974 1438 1164 1514 grammatica,

105 1537 139 1583 14
157 1523 232 1584 elius
246 1523 441 1586 Menandrum
458 1524 676 1604 Syracusanum
694 1527 864 1605 incipientis
882 1526 1023 1586 iuventae
1044 1527 1077 1586 in
1094 1542 1164 1584 exer·

158 1615 219 1674 citu
251 1612 425 1695 Ptolemaei,
462 1615 644 1675 desiderium
675 1615 754 1695 eius,
787 1617 924 1694 quotiens
955 1632 1021 1674 non
1055 1613 1167 1684 videreu

157 1702 255 1762 inedia
277 1710 412 1764 testatus.
454 1711 484 1764 et
506 1705 734 1784 unguentariam
757 1704 904 1782 quandam
926 1703 1072 1764 dilectam
1093 1702 1167 1772 lubu

156 1791 254 1852 tradit.
287 1795 419 1854 omnium
442 1795 552 1854 amoris
575 1794 659 1854 luere
683 1801 856 1873 argumenta
879 1793 1022 1872 gaudium
1047 1793 1086 1854 ad
1108 1811 1167 1854 con<

157 1888 292 1958 spectum
315 1881 534 1962 blanditiaeque
559 1882 740 1965 inconditae,
771 1885 923 1963 stipesque
946 1900 1024 1961 quas
1049 1882 1164 1963 populus

158 1967 288 2032 dedisset
315 1979 446 2034 servatae
478 1979 508 2033 et
534 1973 565 2032 in
594 1974 693 2035 sinum
719 1973 839 2034 eilusae.
884 1990 940 2034 nec
968 1975 1085 2034 mirum
1110 1991 1164 2034 esse

105 2071 138 2119 15
158 2076 289 2122 amorem
313 2061 421 2140 quibus
449 2064 488 2123 sit
512 2063 663 2123 memoria.
709 2062 801 2125 idem
828 2080 955 2142 namque
979 2062 1077 2124 tradit
1098 2065 1168 2144 egui-p

157 2156 223 2208 tum
249 2152 281 2210 in
308 2158 428 2212 senecta
454 2151 565 2213 multos
587 2159 656 2231 post
678 2169 771 2212 annos
799 2154 850 2231 qui
873 2159 975 2214 rector
1000 2154 1034 2212 in
1058 2155 1168 2226 iuventa

158 2237 277 2318 fuisset3
297 2239 388 2324 idem
402 2241 614 2302 divinationem
627 2241 775 2320 quandam
789 2243 933 2302 iustitiae:
953 2259 1028 2302 cum
1041 2237 1168 2322 Bocchusp

158 2345 212 2386 rex
234 2329 355 2407 triginta
379 2330 543 2410 elephantis
565 2330 690 2390 totidem
712 2331 744 2392 in
767 2349 842 2410 quos
865 2332 979 2391 saevire
1004 2333 1168 2398 instituerat

159 2416 310 2496 stipitibus
333 2419 475 2498 adligatos
493 2419 660 2502 obiecisset,
682 2419 930 2500 procursantibus
952 2421 1037 2480 inter
1057 2439 1109 2480 eos
1125 2419 1168 2498 qui

158 2504 351 2589 lacesserent,
379 2527 439 2569 non
461 2510 595 2588 potuisse
608 2509 698 2596 ¹ellici
721 2517 754 2570 ut
777 2508 960 2572 crudelitatis
985 2509 1101 2570 alienae
1123 2509 1168 2568 uti-3

158 2597 281 2657 nisterio
305 2598 508 2678 iungerentur.

107 2699 139 2746 rc
225 2681 260 2750 a.
294 2680 346 2770 (6)
395 2687 575 2769 Elephantos
604 2686 687 2748 ltalia
716 2691 847 2769 primum
876 2688 948 2750 vidit
977 2687 1070 2769 Pyrri
1099 2689 1165 2764 regis

158 2774 236 2835 bello
255 2784 286 2836 ct
304 2775 394 2838 boves
412 2776 507 2840 Lucas
525 2775 682 2857 appellavit
699 2780 730 2838 in
749 2776 876 2840 Lucanis
894 2780 974 2840 visos
993 2797 1075 2840 anno
1095 2775 1166 2838 urbis

159 2877 362 2948 coccum,
384 2865 477 2928 Roma
500 2876 600 2928 autem
621 2869 653 2928 in
674 2867 825 2948 triumpho
843 2883 895 2930 vn
917 2869 1004 2928 annis
1027 2867 1067 2928 ad
1091 2885 1164 2946 supe·

158 2955 269 3014 riorem
287 2974 446 3018 numerum
464 2957 580 3040 additis,
603 2957 707 3018 eadem
724 2957 868 3036 plurimos
887 2975 963 3018 anno
978 2971 1033 3018 D11
1054 2957 1165 3018 victoria

159 3041 190 3102 L.
217 3039 328 3105 Metelli
353 3046 502 3125 pontilicis
528 3049 560 3108 in
588 3045 689 3108 Sicilia
716 3046 753 3108 de
780 3046 888 3108 Poenis
916 3055 1026 3126 captos.
1080 3059 1164 3107 cxnu

159 3133 244 3194 luere
262 3142 322 3216 aut,
341 3142 375 3196 ut
388 3135 516 3218 quidam,
534 3149 604 3198 exn
619 3139 782 3198 transvecti
799 3136 914 3200 ratibus
932 3155 1007 3216 quas
1024 3135 1163 3198 doliorum

231 3349 282 3397 23
302 3343 426 3414 gaudent
442 3361 467 3398 o.
490 3363 535 3400 ·ns
549 3346 577 3400 it.
633 3351 649 3400 5
668 3347 771 3416 ouistq3
788 3345 833 3401 3¹.
859 3361 905 3402 eu·
918 3343 962 3398 κ’.
989 3343 1108 3412 ovisque
1125 3346 1162 3394 lt

231 3420 264 3469 12
288 3413 406 3469 tradidit
426 3415 483 3470 illis
505 3422 537 3471 B.
630 3423 719 3474 18.19
744 3417 781 3473 ad
804 3417 968 3487 conspectus
991 3413 1034 3470 1¹.
1071 3432 1089 3469 a
1110 3431 1163 3468 con·

160 3489 258 3553 spectu
275 3487 388 3540 mnan.
467 3493 500 3542 19
524 3489 610 3558 stipes
628 3490 671 3545 1³⁹.
700 3489 782 3561 slipis
800 3489 838 3544 di.
865 3487 959 3558 stirpis
976 3485 1103 3541 nr¹=a¹.

161 3563 195 3610 nt
212 3555 372 3610 instituerat
388 3556 480 3612 Br²d
505 3559 612 3614 iustitia
630 3577 677 3616 era
695 3579 718 3616 r.
787 3566 822 3616 25
841 3559 989 3616 obiecisset
1004 3575 1028 3612 a.
1056 3555 1163 3612 obiectu

161 3628 226 3686 t-tos
245 3625 285 3693 a¹)
304 3627 352 3680 sed
372 3629 399 3682 ll.
473 3635 507 3684 26
525 3648 582 3686 non
598 3637 651 3686 Rd.
679 3649 731 3688 nec
750 3650 773 3688 r.
847 3637 880 3696 32
900 3629 996 3686 enxu
1013 3634 1045 3682 n.
