2302 3938
231 266 315 314 nau.
333 263 424 316 ausu.
443 267 477 314 v.
491 261 578 314 t-s.
598 255 713 334 (t-e.)
921 251 980 317 191

18 419 164 500 llpassuuno.
196 413 227 482 lu
250 439 289 482 eo
313 429 406 482 tractu
426 424 502 482 intus
519 421 593 502 Apis
614 423 754 498 interest,
772 419 891 483 'nobilis
912 421 981 483 reli·

18 509 78 582 pore
90 504 205 586 Aegypti
223 505 318 568 locus.
350 507 384 568 ah
406 517 444 566 eu
466 497 668 568 Paraetonium
688 503 765 566 nxn
786 503 815 566 Μ
834 521 980 586 passuum.

18 590 60 648 indo
76 588 262 651 Alexandriam
290 584 390 652 echi
416 603 561 670 passuum.
598 584 718 652 latitudo
742 589 901 652 chxvnn
923 599 978 654 est.

18 673 181 736 Eratosthenes
201 693 217 734 a
234 671 361 750 Cyrenis
375 665 581 736 Alexandriam
598 677 733 736 terrestri
749 677 855 736 itinere
870 673 981 736 DXXV

8 755 123 834 ollprodit.
157 757 289 839 Agrippa
312 760 402 819 totius
423 757 542 821 Africae
564 776 581 821 a
601 761 670 819 mari
688 759 837 820 Atlantico
860 778 924 820 euno
938 761 980 820 ln·
997 765 1032 819 40

18 843 90 903 leniore
102 842 232 924 Aegypto
249 843 347 928 iffi]
360 841 382 903 L
396 831 426 904 Μ
441 859 577 923 passuum
592 843 818 922 longitudinem,
839 841 980 918 Polybius

18 935 34 983 ot
47 925 229 988 Eratosthenes
248 927 464 1006 diligentissimi
490 929 646 989 existimati
671 927 708 988 ah
727 945 839 990 oceano
861 928 897 988 ad
912 925 980 989 Gar·

18 1009 118 1087 tlagioen
133 1030 261 1091 magnam
277 1013 331 1096 Ιῖιῖι
345 1004 376 1073 Μ
391 1029 545 1092 passuum,
561 1013 597 1074 ab
613 1029 648 1073 ea
663 1009 828 1093 Canopum,
840 1011 903 1072 Nili·
914 1031 981 1092 pro-

18 1097 84 1153 riuum
104 1095 220 1176 ostium,
248 1097 328 1181 lffil
345 1090 471 1158 xxvltt
491 1095 522 1157 Μ
543 1115 622 1176 pass.
643 1095 796 1174 fecerunt,
818 1095 947 1159 Isidorus
965 1115 981 1157 a

8 1175 67 1254 tliogi
85 1177 223 1259 Canopum
242 1183 363 1267 'xiiii
381 1174 519 1242 xcvnlt
540 1179 570 1241 Μ
598 1199 751 1261 passuum,
777 1181 980 1242 Artemidorus

18 1259 224 1350 ihmiuusquam
253 1268 377 1328 sidocus.

54 1345 75 1407 l.
94 1347 149 1428 (l.)
170 1349 284 1430 insulas
298 1369 357 1411 non
378 1351 418 1411 ita
434 1349 537 1411 multas
552 1350 775 1428 conplectuntur
794 1349 867 1412 haec
883 1349 980 1410 maria.
997 1355 1032 1409 ⁴1

17 1427 136 1492 Clarissima
151 1444 196 1495 est
214 1433 352 1516 Meninx,
369 1433 551 1513 longitudine
566 1434 651 1496 XXV
665 1431 694 1494 Μ
709 1451 861 1515 passuum,
885 1433 981 1495 latitu-

17 1511 55 1572 lioo
70 1509 154 1595 nitu,
179 1520 217 1580 ab
238 1517 435 1580 Eratosthene
455 1517 659 1598 Lotophagitis
680 1519 836 1598 appellata.
875 1518 982 1598 oppida

8 1595 70 1659 tlohet
84 1601 148 1680 duo,
162 1591 324 1682 Meningeu
340 1601 375 1664 alt
397 1601 515 1664 Africae
531 1603 625 1682 latere
640 1611 671 1665 et
686 1603 778 1664 alteru
795 1603 901 1681 Thoar,
917 1605 981 1682 ipsa

17 1683 114 1744 odertro
135 1687 231 1764 Syrtis
250 1689 372 1748 minoris
393 1690 593 1768 promunturio
612 1687 748 1768 passibus
761 1685 817 1748 ΜΙ)
835 1691 899 1750 sita.
933 1687 980 1748 Ab

18 1765 94 1827 oth
107 1787 179 1849 pass.
211 1781 314 1833 eontra
329 1772 442 1834 laevum
460 1769 582 1833 Cercina
598 1791 661 1833 cum
684 1772 756 1832 urhe
780 1772 909 1833 eiusdem
929 1790 980 1832 no·

17 1852 173 1933 uirislihera,
200 1857 291 1935 longa
315 1852 443 1918 xxvn
464 1875 556 1936 pass,
584 1857 641 1917 leta
661 1855 805 1918 dimidium
826 1857 904 1934 eius,
932 1855 981 1916 ubi

18 1933 134 2017 plotinum,
156 1949 184 2002 at
198 1944 231 2002 in
254 1950 387 2002 extremo
405 1951 463 2002 non
477 1941 543 2021 plus
559 1939 586 2000 V
601 1938 630 2001 Μ
645 1959 724 2021 pass.
756 1939 822 2001 huic
836 1957 981 2020 perparva

10 2015 170 2100 starolagioem
196 2045 305 2086 versus
327 2021 482 2087 Cercinitis
504 2034 596 2105 ponte
614 2027 750 2105 iungitur.
787 2025 833 2086 Ah
854 2023 898 2085 his
914 2022 936 2084 L
952 2022 982 2084 Μ
998 2031 1034 2086 42

18 2101 53 2162 loro
67 2125 184 2184 passuum
202 2109 375 2190 Lopadusa,
395 2109 484 2189 longa
505 2108 547 2170 Vl
564 2107 594 2170 Μ
609 2127 754 2190 passuum.
787 2107 858 2170 hlox
874 2108 981 2170 Gaulos

19 2185 126 2270 titolata,
140 2196 222 2254 euius
236 2203 314 2254 terra
328 2197 513 2274 scorpiones,
524 2194 615 2255 dirum
625 2193 727 2256 animal
741 2193 871 2273 Africae,
884 2203 980 2254 necat.

18 2267 105 2335 licuntur
116 2286 144 2336 et
163 2282 193 2340 in
211 2277 325 2358 Clupea
342 2279 451 2356 emori,
472 2281 552 2340 ouius
573 2297 611 2338 ex
625 2279 750 2340 adverso
767 2276 896 2356 Cossyra
918 2276 982 2340 cum

18 2356 94 2432 uppido.
133 2361 171 2422 At
201 2373 306 2424 contra
333 2361 516 2442 Carthaginis
547 2365 640 2424 sinum
672 2363 745 2424 duae
770 2361 980 2442 Aegimoeroe,

18 2437 165 2534 lucentem,
185 2447 302 2527 scopuli
319 2449 417 2508 verius
432 2465 515 2526 quum
531 2447 660 2525 insulae,
682 2449 759 2508 inter
774 2447 902 2507 Siciliam
924 2465 981 2507 ma·
1031 2448 1034 2454 '

18 2535 101 2670 1113th
113 2529 278 2594 Sardiniam.
318 2540 453 2593 auctores
475 2540 540 2592 sunt
561 2541 591 2591 et
611 2531 662 2592 has
679 2531 821 2610 quondam
838 2531 979 2592 habitatas

19 2623 71 2669 tuse
88 2613 145 2674 isse.
925 2653 926 2656 =

56 2690 76 2754 8·
89 2693 142 2776 (8.)
157 2696 296 2761 luteriori
310 2709 406 2761 autem
418 2699 525 2760 ambitu
538 2699 657 2762 Africae
669 2699 704 2762 ad
717 2699 865 2760 meridiem
878 2705 981 2758 versus
998 2707 1032 2761 43

20 2781 842 2948 literatosattitulatione?totto
857 2783 981 2946 aa

21 2955 50 3000 eos
64 2945 220 3032 Aethiopum
240 2913 348 3032 'gentes
374 2952 505 3032 Nigritae
534 2971 550 3014 a
573 2969 630 3032 quo
652 2953 758 3014 dietum
786 2960 831 3013 est
852 2950 1016 3031 nominas

21 3021 128 3124 inunctas
142 3036 293 3116 Pharusii,
309 3041 365 3098 iam
380 3055 521 3099 oceanum
539 3040 716 3116 attingentes
733 3055 807 3118 quos
823 3037 852 3096 in
867 3034 980 3098 ltlaure·

21 3114 78 3174 ltme
95 3118 143 3180 line
161 3120 283 3182 diximus
304 3122 434 3186 Perorsi.
468 3121 515 3182 Ab
537 3122 582 3182 his
604 3122 735 3183 omnibus
758 3129 858 3182 vastae
881 3121 981 3182 solitu·
995 3135 1017 3172 ¹⁰

20 3189 69 3256 lions
85 3205 214 3266 orientem
239 3225 346 3268 versus
368 3225 461 3286 usque
483 3207 517 3268 ad
540 3207 724 3268 Garamantas
748 3205 929 3284 Augilasque
952 3214 982 3266 et

21 3271 174 3368 loogooytos,
194 3293 347 3352 verissima
370 3294 507 3372 opinione
530 3309 630 3354 eorum
650 3293 697 3371 qul
721 3289 847 3352 desertis
863 3289 982 3350 Africae

21 3357 62 3456 lits
81 3367 237 3454 Aethiopias
267 3386 482 3456 superponunt,
516 3386 545 3438 et
570 3385 638 3436 ante
666 3377 757 3437 omnis
785 3373 903 3434 Homeri
933 3373 981 3450 qui

22 3441 129 3540 inperitos
144 3460 226 3520 tradit
241 3459 422 3540 Aethiopas,
439 3462 474 3523 ad
495 3463 637 3522 orientem
655 3478 848 3539 occasumque
866 3475 981 3518 versos.

21 3521 73 3607 liget
89 3538 163 3604 invio
185 3545 284 3607 eadem
299 3555 400 3607 natura
424 3563 497 3626 quae
517 3545 595 3606 Nilo.
629 3545 766 3606 calamum
787 3562 821 3606 ao
844 3559 983 3621 papyrum
999 3548 1034 3598 44
