2414 3936
246 208 325 255 usn.
348 207 439 257 saras.
464 209 502 255 11.
524 203 641 259 37-41,
665 195 806 272 (et—tt.)
987 192 1028 258 87

8 360 40 419 =d
57 380 143 423 suam
158 364 265 441 cuique
282 371 412 424 naturam
427 364 543 426 lertilis.
577 365 632 424 alia
652 373 718 424 sunt
732 366 761 424 in
775 365 919 442 liquorem
936 364 1026 425 soluti

2 449 121 507 umoris
142 447 287 526 fecunda,
311 448 366 508 alia
384 449 514 510 concreti
530 450 559 508 in
577 451 694 527 pruinas
711 457 759 508 aut
779 450 873 509 coacti
894 451 925 508 in
942 450 1026 510 nives

5 539 57 588 aut
77 532 199 610 glaciati
224 534 253 591 in
268 533 442 611 grandines,
465 533 521 593 alia
537 533 657 611 damus,
680 532 736 594 alia
753 535 883 613 teporis,
900 533 955 594 alia
977 551 1025 594 va·

4 617 112 694 poris,
135 617 193 677 alia
216 619 313 696 roris,
334 617 390 678 alia
405 620 522 696 rigoris.
553 637 608 678 nec
629 617 795 698 verobaec
817 627 895 679 tanta
917 618 1027 679 debent

7 701 176 760 existimari
193 709 299 781 quanta
320 711 491 781 cernuntur,
511 721 574 764 cum
595 721 665 764 esse
689 721 790 764 eorum
805 703 912 764 nullum
932 704 1025 762 minus

6 784 76 844 luna
98 794 158 846 tam
178 788 329 864 inmensae
346 787 503 848 altitudinis
525 789 600 848 ratio
621 788 761 850 declaret.
793 787 887 866 Igitur
908 789 938 846 in
952 805 1006 846 suo
1019 793 1070 846 too

7 888 147 948 quaeque
163 880 245 930 motu
260 881 388 931 naturam
404 891 483 932 suam
504 882 664 950 exercent,
687 873 765 952 quod
779 873 959 932 manifestum
976 871 1026 931 Sa·

8 958 85 1013 turni
113 957 242 1015 maxime
271 959 427 1017 transituris
455 957 595 1016 imbribus
626 959 742 1018 iaciunt.
787 976 842 1018 nec
871 958 1025 1017 meantium

7 1039 97 1100 modo
115 1041 246 1100 siderum
261 1040 333 1101 hacc
349 1045 392 1101 vis
408 1051 455 1102 est
470 1042 524 1102 sed
539 1041 693 1102 multorum
709 1044 795 1102 etiam
810 1041 1027 1103 adhaerentium

10 1124 108 1202 caelo,
126 1127 265 1203 quotiens
282 1129 438 1186 errantium
449 1145 571 1187 accessu
591 1127 704 1206 inpulsa
720 1136 769 1188 aut
783 1128 919 1186 coniectu
931 1125 1026 1186 radio-

10 1229 71 1268 rum
90 1211 280 1271 exstimulata
298 1221 380 1287 sunt,
404 1211 528 1289 qualiter
544 1213 574 1270 in
595 1211 703 1271 suculis
726 1212 864 1272 sentimus
880 1209 1026 1287 accidere,

12 1314 80 1372 quas
97 1295 206 1356 Graeci
220 1296 259 1356 ob
271 1295 299 1355 id
311 1295 538 1375 pluvio-nomine
550 1295 706 1374 appellant.
731 1298 799 1374 quin
814 1303 844 1356 et
856 1313 907 1354 sua
920 1303 1025 1373 sponte

12 1379 154 1457 quaedam
169 1381 314 1457 statisque
328 1380 519 1458 temporibus,
538 1389 568 1440 nt
584 1380 743 1441 haedorum
757 1388 889 1440 exortus.
919 1379 1026 1439 arcturi

11 1483 85 1525 vero
103 1463 186 1524 sidus
205 1482 265 1525 non
279 1465 371 1525 ferme
386 1466 449 1526 sine
465 1465 633 1544 procellosa
649 1465 790 1544 grandine
805 1464 941 1542 emergit.

0 1593 1 1602 η
72 1548 129 1611 40.
149 1547 236 1631 (40.)
262 1548 333 1610 llam
349 1549 497 1610 caniculae
514 1559 620 1610 exortu
641 1551 760 1610 accendi
783 1549 856 1610 solis
880 1566 1007 1629 vapores
1020 1555 1068 1630 lot

14 1637 77 1713 quis
96 1636 236 1712 ignorat,
253 1635 334 1695 cuius
352 1634 457 1695 sideris
474 1634 615 1695 ellectum
636 1634 803 1713 amplissimi
821 1635 850 1693 in
868 1642 947 1692 terra
963 1651 1028 1694 scn-

15 1717 144 1779 tiunturi
166 1721 286 1780 lervent
301 1720 390 1779 maria
408 1720 561 1780 exoriente
579 1737 627 1795 co,
649 1719 787 1779 lluctuant
803 1719 832 1778 in
848 1717 932 1778 cellis
948 1719 1027 1793 vina,

13 1812 168 1864 moventur
185 1813 300 1882 stagna.
332 1822 454 1883 orygem
469 1803 599 1884 appellat
616 1805 771 1882 Aegyptus
791 1805 884 1864 ieram
899 1819 983 1881 quam
999 1803 1029 1861 in

15 1898 121 1948 exortu
137 1891 202 1949 eius
220 1897 415 1949 contrastare
433 1897 463 1949 ct
485 1891 617 1949 contueri
636 1888 722 1950 tradit
743 1906 777 1948 ac
793 1887 874 1947 velut
891 1887 1028 1964 adorare,

1 1994 76 2036 rcum
92 1975 265 2034 sternuerit.
295 1991 383 2034 canes
404 1973 520 2053 quidem
541 1981 605 2034 toto
627 1990 664 2034 eo
682 1974 777 2052 spatio
794 1972 917 2034 maxime
940 1973 969 2031 in
984 1988 1028 2031 ra-

16 2060 91 2119 biem
108 2061 156 2138 agi
175 2077 235 2119 nou
250 2069 298 2119 est
312 2059 436 2119 dubium.

76 2142 129 2206 41.
153 2143 238 2222 (41.)
263 2141 340 2216 Quin
362 2143 493 2224 partibus
517 2161 634 2222 quoque
659 2145 808 2222 signorum
829 2141 1007 2223 quorundam
1020 2147 1072 2200 108

18 2230 127 2288 suavis
143 2231 239 2304 inest,
261 2238 293 2288 ut
308 2229 462 2288 autumnali
479 2230 665 2307 aequinoctio
681 2229 857 2306 brumaque,
879 2235 1029 2295 curantem·

18 2314 179 2392 pestatibus
202 2314 307 2374 conlici
332 2314 410 2374 sidus
433 2313 648 2392 intellegimus,
678 2331 733 2373 nec
756 2313 897 2374 imbribus
920 2315 1030 2372 tantum

1 2399 302 2478 stempestatibusque
324 2398 378 2459 sed
401 2399 499 2458 multis
521 2406 551 2458 et
578 2416 734 2477 corporum
757 2407 787 2460 et
812 2398 889 2457 ruris
912 2397 1029 2475 experi-

20 2486 131 2544 mentis.
167 2483 311 2544 adflantur
327 2483 375 2542 alii
394 2483 509 2560 sidere,
525 2481 575 2542 alii
590 2493 801 2544 conmoventur
817 2483 901 2542 statis
919 2489 1029 2560 tempo·

21 2570 98 2628 ribus
119 2569 204 2644 alvo,
227 2571 346 2646 nervis,
367 2569 479 2647 capite,
497 2576 613 2644 mente,
637 2567 702 2628 olea
721 2575 752 2626 et
766 2565 892 2646 populus
912 2563 979 2626 alba
1000 2574 1031 2626 et

24 2654 125 2714 salices
149 2654 280 2714 solstitio
302 2653 374 2713 lolia
399 2655 612 2730 circumagunt,
640 2652 728 2712 iloret
752 2654 817 2731 ipso
839 2650 961 2709 brumali
982 2650 1030 2710 die

25 2757 162 2817 suspensa
183 2741 214 2798 in
237 2739 325 2798 tectis
349 2740 458 2799 arentis
480 2737 572 2798 herba
592 2737 689 2815 pulei,
711 2742 880 2814 rumpuntur
900 2735 1030 2795 intentae

3 2826 125 2901 uspiritu
139 2823 336 2886 membranae.
362 2824 483 2882 miretur
497 2822 554 2882 hoc
569 2823 618 2900 qui
634 2839 692 2882 non
708 2822 850 2881 observet
864 2819 1009 2880 cotidiano
1023 2827 1073 2880 109

27 2909 225 2986 experimento
242 2907 363 2968 herbam
379 2925 478 2984 unam,
501 2925 576 2986 quac
590 2915 714 2966 vocatur
734 2906 960 2984 heliotropium,
982 2905 1031 2966 ab·

28 3003 136 3052 euntem
152 2993 247 3053 solem
261 2994 368 3052 intueri
384 2990 502 3071 semper
516 2991 707 3070 omnibusque
723 2991 804 3052 horis
819 3007 882 3050 curn
898 3008 935 3050 eo
953 2993 1031 3052 verti

25 3077 70 3135 vel
89 3077 186 3137 nubilo
205 3077 407 3137 obumbrante.
436 3079 492 3136 iam
508 3076 623 3154 quidem
639 3075 731 3136 lunari
747 3084 895 3154 potestate
919 3084 1030 3137 ostrea·

29 3180 85 3220 rum
101 3161 378 3240 conchyliorumque
398 3169 428 3222 et
451 3161 624 3221 concharum
646 3163 770 3220 omnium
787 3178 912 3239 corpora
928 3162 1030 3240 augeri

5 3263 59 3304 cac
73 3266 171 3306 rursus
186 3249 292 3324 minui,
316 3248 385 3324 quin
403 3255 434 3306 et
450 3247 576 3306 soricum
594 3245 682 3305 libras
705 3245 889 3325 respondere
909 3239 1038 3306 numero'

29 3330 107 3391 lunae
125 3334 314 3410 exquisivere
330 3331 553 3410 diligentiores,
569 3331 771 3410 minimumque
788 3330 909 3408 animal,
930 3332 1029 3391 lormi-

30 3433 95 3491 cam,
111 3419 221 3478 sentire
233 3418 314 3478 vires
327 3415 432 3476 sideris
447 3415 604 3476 interlunio
620 3433 736 3495 semper
752 3423 923 3478 cessantem.
946 3413 1011 3486 Quo
1024 3421 1074 3472 110

34 3503 139 3579 turpior
155 3501 262 3563 bomini
278 3502 393 3562 inscitia
406 3510 452 3562 est
466 3501 568 3562 latenti
585 3503 742 3581 praecipue
755 3503 946 3561 iumentorum
962 3517 1032 3577 quo·
