2302 3938
112 231 173 300 150
461 245 490 293 3.
514 245 610 294 emm
633 245 781 293 3333331

110 422 175 466 uum
181 401 366 481 verbannus,
376 398 510 462 Mincium
521 399 663 476 Benacus,
678 397 782 460 Ollium
797 399 954 478 Sebinnus,
965 396 1100 460 Lambrum

59 483 110 538 1³²
124 487 248 568 Eupilis,
268 503 369 546 omues
385 485 496 546 incolas
512 484 592 547 Padi.
628 483 714 564 Alpis
729 486 758 544 in
773 485 983 564 longitudinem
999 483 1102 544 deciens

110 581 233 634 centena
250 570 328 632 milia
342 587 419 650 pass.
445 579 547 648 patere
564 588 580 630 a
595 563 791 648 sup'eromari
807 569 842 630 ad
863 569 985 629 inferum
1002 564 1103 628 (laelius

110 655 208 733 tradit,
223 653 397 732 Timagenes
409 653 494 714 XXV
506 658 532 714 Μ
543 671 619 732 pass.
636 653 779 730 deductis,
791 655 820 714 in
829 652 1013 714 latitudinem
1023 659 1103 711 auten

110 739 265 802 Cornelius
280 737 382 818 Nepos
403 735 482 815 ott,
506 737 538 798 T.
561 736 659 798 Livius
681 738 735 797 tria
755 735 786 796 Μ
805 738 981 815 stadiorum,
995 737 1125 814 uterque⁵

109 825 244 885 diversis.
260 825 289 882 in
310 823 394 882 locis.
431 841 555 902 namque
577 831 608 884 et
625 819 649 881 G
665 819 694 882 Μ
711 822 855 882 excedunt
872 821 1042 900 aliquando,
1066 819 1104 879 ubi

110 907 292 970 Germaniam
307 907 343 966 ab
359 905 443 968 Italia
458 907 649 984 submovent,
670 925 726 967 nec
740 905 820 968 LXX
833 905 863 966 Μ
881 905 995 984 inplent
1009 903 1106 980 reliqua

109 995 153 1054 sui
168 1001 252 1073 parte
266 991 405 1070 graciles,
418 991 508 1052 veluti
523 1001 643 1052 naturae
655 991 847 1071 providentia.
870 989 1006 1052 Latitudo
1019 987 1107 1049 ltaliae

108 1078 212 1138 subter
232 1077 346 1138 radices
370 1094 468 1137 earum
490 1093 507 1136 3
525 1073 604 1136 Varo
632 1094 687 1156 per
702 1073 783 1136 Vada
806 1072 939 1152 Sabatia,
966 1073 1106 1144 Taurinos,

110 1160 239 1238 Comum,
251 1161 388 1238 Brixiam,
400 1159 558 1236 Veronam,
570 1159 725 1238 vicetiam,
739 1157 933 1239 Opitergium,
945 1157 1108 1238 Aquileiam,
1118 1173 1134 1210 u

109 1245 268 1326 Tergeste,
283 1244 394 1322 Polam,
410 1243 524 1304 Arsiam
542 1241 700 1306 uucxtv
715 1243 794 1306 milia
811 1261 946 1324 passuum
960 1243 1080 1320 colligit.

59 1327 109 1381 133
186 1328 237 1393 20.
254 1327 337 1408 (24.)
363 1327 481 1390 Incolae
502 1328 619 1408 Alpium
633 1328 713 1388 multi
737 1328 855 1408 populi,
877 1328 930 1388 sed
951 1327 1109 1391 inlustresa

108 1414 180 1476 Pola
199 1414 235 1474 ad
252 1413 407 1494 Tergestis
428 1414 582 1490 regionem
594 1414 750 1490 Secusses,
762 1412 928 1490 Subocrini,
941 1409 1046 1487 Catali,
1060 1409 1110 1470 lle·

108 1499 275 1574 noncaleui,
292 1501 432 1577 iuxtaque
451 1495 562 1558 Carnos
580 1497 722 1576 quondam
735 1495 864 1558 Taurisci
879 1495 1032 1576 appellati,
1049 1511 1110 1554 nunc

108 1582 220 1646 Norici.
249 1581 299 1644 llis
320 1583 492 1643 contermini
508 1579 596 1642 Raeti
615 1591 647 1644 et
667 1581 830 1659 Vindelici,
852 1600 952 1642 omnes
968 1581 1001 1642 iu
1020 1579 1110 1640 multas
1122 1593 1138 1633 o

108 1669 244 1728 civitates
257 1667 350 1728 divisi.
373 1665 486 1750 Raetos
500 1665 659 1728 Tuscorum
677 1666 791 1745 prolem
805 1665 985 1728 arbitrantur
1002 1684 1019 1726 a
1034 1662 1111 1724 Gallis

108 1752 210 1830 pulsos
233 1752 306 1814 duce
326 1749 434 1812 Raeto.
474 1749 573 1811 Verso
594 1750 700 1812 deinde
724 1750 835 1812 ltaliam
857 1759 981 1830 pectore
1008 1749 1113 1828 Alpium

107 1835 201 1898 Latini
223 1837 295 1898 iuris
310 1833 468 1913 Euganeae
486 1844 610 1913 gentes,
634 1853 753 1914 quarum
771 1835 878 1916 oppida
892 1831 1038 1898 XXXllll
1056 1851 1114 1893 enu-

59 1928 108 1981 131
124 1930 217 1984 merat
236 1919 319 1982 Cato.
353 1919 399 1982 Ex
413 1920 458 1980 his
477 1917 673 2000 Triumpilini‚
690 1919 802 1980 venalis
819 1937 882 1979 eum
899 1920 980 1996 agris
998 1921 1058 1980 suis
1070 1933 1114 1996 po·

108 2005 211 2085 pulos,
227 2005 295 2066 dein
312 2001 450 2066 Camunni
474 2005 690 2083 conpluresque
707 2003 817 2064 similes
838 2004 965 2064 linitimis
987 2001 1114 2064 adtributi
1124 2018 1136 2056 3

107 2090 281 2168 municipiis.
302 2085 465 2167 Lepontios
482 2097 513 2148 et
524 2089 659 2150 Salassos
672 2087 829 2150 Tauriscae
844 2089 942 2167 gentis
958 2087 1036 2150 idem
1051 2083 1114 2146 Cato

109 2174 274 2234 arbitratur.
298 2174 392 2232 ceteri
411 2173 477 2234 fere
492 2171 654 2252 lepontios
670 2171 793 2234 relictos
813 2191 851 2234 ex
867 2174 1004 2233 comitatu
1017 2169 1117 2232 lieren-

108 2257 146 2320 b's
158 2257 404 2336 interpretatione
418 2255 521 2318 Graeci
531 2258 657 2318 'nominis
669 2257 791 2318 credunt
801 2257 947 2337 praeustis
959 2258 990 2316 in
1003 2256 1117 2317 transitu

109 2342 229 2422 Alpium
248 2342 317 2402 uiue
337 2341 485 2418 membris.
522 2341 652 2402 eiusdem
672 2343 842 2402 exerciturus
859 2349 889 2402 et
907 2339 1013 2402 Graios
1033 2341 1118 2402 luisse

110 2428 261 2490 Graiarum
283 2425 400 2508 Alpium
420 2425 530 2488 incolas
551 2435 795 2506 praestantesque
821 2445 934 2504 genere
955 2425 1137 2505 Euganeos,t

58 2518 107 2572 135
125 2510 193 2572 inde
212 2519 308 2572 tracto
326 2513 450 2572 nomine.
480 2514 567 2592 caput
587 2527 689 2570 eorum
707 2509 843 2572 Stoenos.
871 2509 1033 2571 Raetorum
1048 2508 1119 2568 Ven-

107 2614 257 2658 nouenses
273 2595 491 2675 Sarunetesque
508 2605 608 2658 ortuus
623 2593 717 2655 libeni
733 2596 823 2658 amois
839 2594 992 2671 adcolunt,
1011 2591 1120 2672 Lepon·

106 2684 226 2751 eliorum
251 2682 300 2762 qui
319 2674 412 2742 Uberi
432 2689 574 2742 vocantur
591 2679 702 2740 iontem
722 2677 855 2740 Rhodani
872 2677 987 2750 ,eodem
1010 2677 1121 2757 Alpium

118 2775 212 2827 rectu.
237 2769 309 2828 Sunt
326 2774 484 2845 praeterea
499 2764 583 2826 Latio
598 2764 696 2824 donati
713 2763 840 2842 incolae,
856 2771 888 2824 ut
903 2761 1121 2835 Octodurenses

108 2857 139 2909 et
161 2850 272 2910 finitimi
296 2849 482 2928 Ceutrones,
503 2847 657 2910 Cottianae
678 2849 830 2925 civitates,
851 2845 947 2908 Etturi
966 2845 1120 2925 Liguribus
1139 2868 1140 2879 ¹

108 2935 187 3009 orti,
205 2933 350 3012 Vagienui
379 2933 503 3012 Ligures
531 2941 562 2994 et
587 2934 634 3011 qui
656 2931 785 2994 Montani
812 2939 971 3009 vocantur,
999 2928 1123 3010 (lapilla-

108 3023 261 3096 torumque
284 3017 367 3096 plura
388 3035 500 3096 genera
522 3017 558 3076 ad
578 3016 731 3076 conlinium
752 3014 894 3094 Ligustici
915 3015 1013 3076 maris.
1062 3014 1124 3075 Nou

57 3105 108 3160 136
126 3100 252 3160 alienum
267 3101 383 3162 uidetur
406 3101 463 3162 boc
483 3101 549 3161 loco
569 3100 705 3160 subicere
727 3102 817 3161 inscri
841 3102 950 3161 tionem
965 3117 983 3160 e
1000 3108 1124 3180 tropaeo

108 3183 243 3264 Alpium,
270 3203 345 3264 quae
373 3186 438 3248 talis
467 3193 529 3247 est:
556 3183 778 3263 Imperatori
807 3119 961 3246 daesari
988 3183 1069 3244 divi
1093 3182 1125 3244 F.

108 3269 195 3347 Aug.
213 3271 395 3348 pontilici
411 3271 580 3347 maximo,
606 3271 683 3347 imp.
702 3267 797 3346 Xllll,
816 3269 1048 3330 tribuniciae
1065 3285 1125 3346 po·

109 3355 267 3414 testatis
282 3351 570 3430 XVII,S.P.Q.R.,
588 3353 684 3432 quod
702 3352 905 3429 eiusductu
922 3353 1125 3431 auspiciis·

109 3454 177 3516 que
198 3438 506 3520 geutesAlpiuae
527 3456 651 3499 omnes
676 3456 765 3516 quae
787 3457 803 3498 3
823 3437 910 3498 mari
932 3453 1071 3516 supero
1087 3435 1126 3494 ad

109 3521 266 3584 inierum
281 3522 604 3601 pertinebantsub
620 3523 814 3602 imperium
830 3539 910 3601 pop.
930 3519 1027 3582 Rom.
1045 3527 1130 3580 suut
