2544 3942
368 160 451 214 nar.
470 161 563 217 Hrsr.
583 163 621 217 111
639 169 673 218 ar
694 166 819 234 (cc-oa)
1043 163 1107 230 251

91 318 243 393 ante„ne,
262 313 288 372 si
305 320 395 394 potus
414 312 535 374 cibusve
553 316 585 378 in
604 313 733 376 alienum
752 314 933 376 deerraverit
951 319 1108 398 tramitem,

90 407 241 480 torqueat.
287 403 379 463 altera
402 405 534 464 exterior
556 404 721 483 appelletur
745 423 815 464 sane
838 404 918 485 gula,
942 423 1000 484 qua
1023 405 1108 466 cibus

91 496 183 570 atque
206 498 295 570 potus
319 492 464 554 devolant.
509 493 605 554 tendit
631 493 704 554 haec
732 494 768 555 ad
796 494 994 576 stomachum,
1022 496 1048 555 is
1072 495 1107 555 ad

89 587 236 642 ventrem.
273 581 350 643 hane
369 601 423 662 per
448 585 526 643 vices
549 586 655 664 operit,
678 602 747 644 oum
771 585 894 664 spiritus
917 592 1033 645 tautum
1057 592 1108 644 aut

54 678 147 730 5v‘ox
171 680 329 752 commeat,
357 690 394 734 ne
423 675 601 752 restagnatio
629 675 835 753 intempestiva
863 673 918 734 alvi
946 673 1106 754 obstrepat.

88 777 127 820 ex
158 759 328 838 cartilagine
359 769 389 822 et
419 779 507 822 carne
538 765 659 843 arteria,
691 763 759 842 gula
788 782 804 822 e
835 781 926 824 nervo
957 771 987 824 et
1017 780 1106 824 carne

88 857 216 910 constat.

158 933 232 1021 (67)
257 939 363 1000 Cervix
391 939 465 1002 nulli
492 941 550 1000 nisi
578 941 686 1020 quibus
710 950 836 1021 utraque
859 941 940 1004 haec.
987 943 1158 1004 ceterislrr

88 1026 209 1109 collum,
233 1028 342 1108 quibus
364 1037 481 1092 tantum
502 1029 579 1110 gula.
625 1031 677 1092 sed
700 1030 809 1116 quibus
833 1034 941 1111 cervix,
964 1050 979 1091 e
1004 1030 1104 1092 multis

39 1131 72 1170 10
89 1117 329 1198 vertebratisque
344 1117 532 1180 orbiculatim
546 1119 664 1182 ossibus
678 1120 785 1180 llexilis
799 1119 835 1180 ad
854 1123 1105 1200 circumspectum

86 1207 283 1269 articulorum
307 1209 393 1270 nodis
416 1211 563 1290 iungitur,
593 1209 672 1272 leoni
700 1218 817 1272 tantum
840 1217 870 1271 et
897 1209 967 1290 lupo
997 1218 1026 1270 et
1053 1208 1104 1288 hy-

86 1315 179 1358 aenae
199 1297 323 1377 singulis
343 1301 493 1378 rectisque
517 1297 634 1360 ossibus
658 1301 767 1378 rigens.
805 1307 905 1360 cetero
925 1301 1026 1380 spinae
1046 1298 1157 1360 art-1⁷8

87 1389 235 1468 nectitur,
265 1389 350 1467 spina
380 1387 502 1470 lumbis,
532 1407 619 1450 ossea
649 1388 702 1449 sed
722 1391 821 1450 ¹tereti
851 1397 1015 1467 structura,
1049 1405 1103 1468 per

1 1523 2 1526 ,
88 1475 187 1538 media
210 1477 354 1538 foramina
377 1496 394 1537 a
417 1477 542 1538 cerebro
570 1478 698 1540 medulla
726 1477 935 1540 descendente.
981 1476 1104 1538 eandem

37 1578 69 1618 15
88 1583 155 1626 esse
180 1567 208 1626 ei
235 1574 373 1627 naturam
400 1585 489 1646 quam
517 1566 642 1628 cerebro
671 1567 824 1650 colligunt,
853 1569 992 1647 quoniam
1020 1583 1103 1645 prae-

87 1657 172 1716 tenui
196 1657 261 1718 eius
284 1656 456 1717 membrana
479 1656 566 1717 modo
590 1659 683 1718 incisa
706 1659 806 1718 statim
830 1658 1006 1736 exspiretur.
1040 1656 1103 1733 qui·

86 1743 145 1804 hus
164 1743 250 1826 longa
269 1764 371 1827 crura,
393 1747 430 1806 iis
449 1743 536 1824 longa
555 1753 585 1806 et
603 1745 686 1827 colla,
708 1749 781 1808 item
804 1747 947 1826 aquaticis
971 1745 1104 1824 quamvis

1 1885 2 1908 ,
87 1833 190 1896 brevia
214 1853 302 1896 crura
324 1834 514 1916 habentibus,
538 1833 628 1896 simili
650 1835 737 1896 modo
761 1854 855 1896 uncos
879 1852 1004 1914 ungues.

156 1915 230 2006 (68)
254 1923 364 1986 Guttur
383 1925 495 1986 homini
514 1933 630 1986 tantum
648 1933 678 1986 et
702 1924 795 1986 subus
813 1925 985 1986 intumescit
1009 1928 1156 2004 aqua-1⁷9

34 2029 70 2068 20
86 2031 155 2073 rum
175 2032 250 2092 quae
268 2022 409 2093 potantur
428 2014 604 2094 plerumque
623 2015 702 2076 vitio.
731 2032 880 2074 summum
898 2011 983 2092 gulae
1002 2013 1104 2073 lauces

86 2110 244 2184 vocantur,
267 2111 434 2166 extremum
457 2103 636 2165 stomachus
682 2103 881 2166 hocnomine
905 2110 951 2164 est
974 2101 1030 2162 sub
1058 2119 1104 2160 ar·

86 2193 161 2252 teria
184 2195 242 2254 iam
266 2210 389 2254 carnosa
413 2196 539 2254 inanitas
563 2192 675 2254 adnexa
704 2195 819 2274 spinae,
848 2195 891 2254 od
917 2191 1104 2254 latitudinem

86 2298 120 2340 ac
144 2281 358 2360 longitudinem
382 2283 504 2358 lagonae
529 2282 615 2342 modo
645 2283 719 2343 lusa.
766 2280 875 2361 quibus
903 2281 1004 2342 lauces
1033 2297 1094 2342 non
1105 2284 1157 2332 180

88 2378 217 2432 suntne
245 2371 415 2432 stomachus
438 2371 558 2454 quidem
581 2379 639 2452 est,
666 2390 722 2432 nec
746 2371 820 2432 eolla
842 2389 898 2432 nee
926 2377 1042 2450 guttur,
1070 2376 1104 2430 ut

34 2474 71 2516 25
87 2459 234 2546 piscibuS,
262 2469 292 2521 et
320 2479 373 2521 ora
399 2460 555 2522 ventribus
579 2462 754 2538 iunguntur.
800 2459 946 2520 testudini
972 2461 1104 2520 marinae

87 2547 187 2628 lingua
214 2549 295 2612 nulla
321 2568 377 2610 nee
409 2549 527 2630 dentes,
560 2552 652 2610 rostri
686 2551 748 2609 acie
786 2550 961 2610 comminuit
996 2549 1103 2610 omnia.

87 2647 191 2718 postea
223 2641 332 2700 arteria
364 2646 393 2700 et
426 2638 596 2700 stomachus
633 2637 832 2700 denticulatus
868 2637 942 2702 callo
979 2639 1010 2696 in
1042 2655 1103 2698 mo-

88 2728 159 2790 dum
198 2727 266 2790 rubi
304 2729 341 2789 ad
380 2728 579 2790 conficiendos
623 2725 705 2788 cibos
744 2725 987 2790 decrescentibus
1022 2727 1111 2786 renis·

138 2879 277 2886 -.-m-„-
301 2880 304 2884 .

160 2961 173 3008 1
193 2971 228 3009 ne
244 2955 267 3009 si
280 2955 447 3010 lieddoett.
468 2954 524 3008 nisi
537 2970 560 3008 r.
634 2959 649 3007 2
669 2953 827 3024 appelletur
845 2953 885 3006 ed.
896 2951 954 3006 cat.
978 2950 1103 3021 appella·

89 3028 135 3080 tur
153 3026 311 3096 appelletur
328 3032 362 3082 1.
396 3026 556 3096 appellatur
573 3042 596 3078 r.
630 3024 680 3092 cfr.
699 3040 760 3080 nov.
779 3025 927 3094 11111223
945 3039 973 3076 a.
988 3028 1014 3077 9.

90 3097 258 3152 3deuolant
274 3103 302 3150 Ι
316 3099 372 3153 eod.
389 3097 470 3165 Otiffl
497 3097 551 3151 -lat
567 3100 619 3150 nd.
647 3096 734 3150 -latur
752 3101 784 3149 R.
810 3097 885 3150 -orat
902 3113 926 3152 a.
953 3095 1103 3148 oraturo.

147 3174 177 3222 ’6
195 3168 263 3238 gula
281 3185 296 3224 e
314 3185 400 3224 neruo
419 3175 463 3222 Ita
477 3170 534 3224 eod.
550 3167 632 3236 otim
659 3167 698 3241 -lp
718 3184 804 3222 neruo
823 3171 876 3222 Bi.
904 3165 971 3236 gyla
990 3167 1019 3219 et
1036 3180 1103 3218 uero

89 3243 126 3294 Π.
153 3255 167 3292 e
187 3255 237 3294 om.
255 3256 281 3294 o.
354 3247 386 3294 12
406 3256 440 3296 ex
459 3239 576 3310 siugulis
595 3239 712 3295 ed.Baa.
785 3245 819 3294 21
839 3236 1103 3300 extremudecd.

92 3311 148 3366 Ger.
177 3311 311 3366 abromum
324 3318 355 3365 1).
382 3314 555 3381 postremum
568 3312 723 3366 sedavere.
796 3317 830 3364 22
846 3309 882 3364 ad
895 3309 1028 3364 eddaate
1037 3307 1104 3362 Dal.

91 3383 121 3437 et
134 3382 160 3436 lt.
233 3387 267 3436 23
282 3381 399 3452 lagenae
414 3383 472 3438 edd.
484 3388 547 3438 octe
556 3383 648 3438 Horat.
670 3382 788 3438 mennae
802 3383 830 3438 ll.
903 3387 938 3435 26
952 3379 1064 3448 linguae
1079 3383 1104 3432 d.

93 3453 196 3526 {nulla
213 3458 266 3508 Ro.
295 3454 352 3509 -lae
370 3459 442 3508 Ded.
515 3460 549 3508 27
569 3454 755 3508 denticulatus
773 3454 839 3508 mo.
868 3453 923 3508 -lus
941 3450 1060 3504 atalia
1079 3453 1104 3503 d.

23 3547 27 3556 ·
90 3525 145 3582 -los
163 3529 214 3580 Ita.
287 3531 321 3580 28
341 3525 531 3582 deterentibus
544 3527 585 3580 oet
599 3524 818 3594 dispescentibus
833 3523 964 3595 mroopma'
978 3539 1022 3592 ap.
1037 3522 1104 3576 Dal.

93 3595 98 3671 1
118 3595 190 3654 renis
209 3597 321 3653 llBrot.
350 3597 439 3654 crenis
453 3597 512 3652 edd.
523 3597 674 3652 onteBrot.
702 3595 781 3666 genis
795 3596 861 3652 Dal.
888 3594 989 3650 taeniis
1004 3595 1103 3650 Ionos.

91 3669 138 3725 scd
155 3673 228 3725 totus
247 3671 321 3725 locus
339 3673 486 3739 corruptas
504 3675 550 3724 est,
