2308 3936
234 197 479 248 summissu.
507 194 594 250 7-8.
615 183 729 270 (5-6.)
955 187 994 248 69

28 356 103 416 talium
116 354 172 414 sola
182 364 332 434 utramque
350 355 481 434 paginam
495 354 575 432 iacit,
594 353 727 435 adeoque
742 353 887 415 obnoxiae
899 373 995 415 sumus

28 442 106 516 sortis,
122 449 148 499 ut
162 457 224 499 sors
241 441 307 519 ipsa
325 457 379 518 pro
397 439 453 500 deo
470 441 522 516 sit,
541 457 597 520 qua
613 439 685 499 deus
700 439 839 518 probator
855 441 993 500 incertus.

28 524 143 586 Farsalia
164 533 192 584 et
210 523 286 584 hauc
311 524 395 604 pellit
415 534 551 603 astroque
566 541 620 584 suo
637 531 779 584 eventuus
792 525 924 602 adsignat
945 541 1037 598 nau-23

28 609 101 669 scendi
117 607 242 686 legibus,
266 608 418 690 semeique
440 610 467 668 in
483 624 583 668 omues
593 608 704 668 futuros
720 627 851 689 umquam
869 609 926 670 deo
944 609 994 670 de·

14 703 124 768 scrotum,
148 695 176 752 in
192 693 339 774 reliquum
361 709 432 752 vero
451 694 538 752 otium
559 692 650 753 datur.
683 693 796 754 Sedere
814 695 912 773 coepit
928 713 994 754 seu·

27 778 186 853 tertianaec,
211 779 381 858 pariterque
409 785 439 836 et
463 777 604 836 eruditum
617 775 723 855 vulgus
739 787 768 838 et
789 779 862 838 rude
883 780 911 837 in
931 797 995 838 eam

27 881 86 922 cusu
98 861 180 922 vadit.
212 860 295 922 Ecce
311 861 455 939 fulgurum
471 861 623 935 monituus,
639 862 821 922 oraculorum
836 865 992 941 praescita,
1002 870 1038 924 24

26 947 175 1026 haruspicum
197 946 365 1026 praedicta,
390 955 476 1026 atque
500 946 585 1006 etiam
607 963 697 1024 parva
718 947 795 1007 dictu
811 947 839 1006 in
856 948 993 1027 auguriis,

25 1040 187 1092 sternumenta
209 1040 239 1091 et
261 1029 440 1091 offensiones
460 1031 576 1109 pedum.
608 1029 691 1092 divus
706 1029 854 1110 Augustus
869 1032 995 1112 prodidit

7 1115 109 1174 viseum
125 1114 178 1175 sibi
197 1115 330 1176 calceum
348 1123 539 1194 praepostere
555 1113 699 1176 inductum
715 1133 772 1196 quo
788 1117 835 1176 die
851 1117 994 1177 seditione

25 1199 107 1259 militari
122 1217 216 1279 prope
232 1199 365 1261 addictus
383 1208 437 1258 est.
471 1197 553 1274 Quae
569 1199 681 1278 singula
697 1200 876 1280 inprovidam
891 1208 1036 1262 morta-25

24 1285 102 1344 litatem
116 1285 277 1361 involvunt,
294 1284 386 1344 solum
402 1292 432 1343 ut
448 1284 523 1344 inter
538 1284 592 1344 ista
606 1283 655 1344 vel
673 1292 783 1344 certum
796 1285 832 1344 sit
843 1283 912 1345 nihil
927 1303 994 1344 esse

25 1370 73 1427 certi
86 1387 136 1428 nee
156 1369 314 1448 quicquam
334 1367 467 1428 miserius
482 1366 598 1428 homine
617 1376 665 1428 aut
682 1367 847 1448 superbius.
880 1367 995 1429 Ceteris

24 1453 103 1532 quippe
117 1453 301 1513 animantium
319 1453 382 1513 sola
396 1455 506 1514 vietuus
521 1471 588 1513 cura
607 1460 669 1528 est,
698 1453 727 1512 in
749 1470 807 1532 quo
826 1463 930 1534 sponte
946 1471 994 1514 na-

6 1543 79 1596 cturae
93 1537 255 1616 benignitas
271 1537 387 1613 sufficit,
403 1555 460 1598 uno
477 1537 593 1617 quidem
609 1537 658 1597 vel
674 1537 868 1615 praeferenda
884 1539 995 1599 cunctis

24 1619 93 1697 tuuis,
115 1621 194 1702 quod
212 1622 249 1682 de
264 1622 374 1699 gloria,
392 1622 429 1682 de
446 1623 585 1701 pecunia,
602 1621 775 1699 ambitione,
792 1641 939 1704 superque
957 1622 995 1682 de

24 1715 88 1765 norte
101 1723 156 1766 non
173 1707 314 1784 cogitant.
344 1706 453 1768 Verum
474 1705 503 1765 in
526 1704 572 1768 his
587 1706 661 1767 deos
681 1725 772 1785 agere
789 1725 886 1768 curam
901 1712 1038 1767 rerumttt

24 1787 172 1852 haumarum
193 1791 276 1851 credi
292 1809 330 1850 ex
347 1810 399 1850 usu
415 1791 492 1850 vitae
510 1797 570 1866 est,
592 1807 762 1871 poenasque
777 1791 928 1853 maleficiis
944 1791 995 1851 aii·

24 1875 107 1950 quando
128 1893 215 1936 seras
233 1884 376 1954 occupato
399 1875 455 1936 deo
473 1875 595 1935 intanta
615 1873 711 1952 mole,
735 1893 885 1955 numquam
901 1884 995 1938 cirtem

6 1957 92 2020 :tinnitus
105 1979 188 2036 esse,
209 1977 265 2020 nec
280 1959 349 2020 ideo
367 1957 529 2037 proximum
549 1959 591 2019 ilii
607 1959 735 2037 genitum
751 1957 894 2020 hominem
910 1968 939 2020 ut
953 1961 994 2019 vi·

24 2041 76 2102 itate
88 2045 160 2106 iuxta
178 2043 287 2104 beluus
303 2052 392 2104 esset.
421 2043 607 2124 Inperfectae
622 2061 695 2104 vero
712 2045 740 2103 in
751 2043 866 2105 homine
878 2045 1037 2106 naturaeti

24 2129 145 2207 praecipua
161 2128 281 2205 solatia,
299 2147 336 2188 ne
352 2127 437 2188 deum
451 2129 568 2208 quidem
583 2145 672 2208 posse
689 2129 794 2207 omnia,
811 2164 854 2178 -·
872 2148 995 2209 namque

24 2227 58 2269 rec
76 2213 122 2273 sibi
142 2221 247 2291 potest
266 2221 390 2273 mortem
411 2214 616 2289 consciscere,
638 2214 662 2272 si
683 2213 769 2289 velit,
792 2213 870 2294 quod
889 2213 996 2274 homini

24 2293 76 2354 dedit
96 2298 236 2376 optimum
253 2297 282 2358 in
298 2298 385 2358 tantis
399 2298 476 2358 vitae
502 2299 622 2377 poeuis,
649 2315 705 2358 nec
717 2298 858 2360 mortales
872 2299 995 2359 aeterni-

5 2383 61 2438 uiue
74 2380 173 2444 donare
196 2391 248 2443 aut
270 2399 413 2443 revocare
430 2381 600 2459 defunctos,
623 2399 679 2442 neo
694 2382 794 2444 iacere
815 2391 845 2442 ut
861 2383 909 2462 qui
926 2383 997 2442 vixit

23 2478 60 2520 ron
70 2466 181 2544 vixerit,
211 2467 262 2548 qui
278 2466 407 2527 honores
422 2467 514 2545 gessit
531 2483 589 2526 non
602 2467 747 2544 gesserit,
764 2499 806 2513 -η
830 2466 995 2546 nullumque

23 2543 102 2610 hahere
121 2551 149 2610 in
171 2551 335 2632 praeterita
360 2552 404 2611 ius
424 2560 629 2631 praeterquam
646 2550 818 2628 oblivionis,
841 2560 927 2630 atque
951 2550 997 2628 (ut

25 2629 97 2693 tacetis
110 2653 226 2717 quoque
243 2637 421 2714 argumentis
438 2637 565 2696 societas
580 2635 655 2696 haec
672 2653 736 2696 cum
753 2635 810 2696 deo
827 2635 994 2714 copuletur)

26 2715 88 2777 ubis
105 2720 177 2781 dena
198 2721 304 2798 viginti
328 2737 385 2780 non
406 2721 461 2780 sint
482 2729 529 2782 aut
544 2721 632 2780 multa
654 2719 786 2780 similiter
801 2719 923 2779 eiiicere
939 2736 997 2779 non

7 2813 99 2879 ‘¹pcsse,
119 2822 172 2884 per
188 2823 267 2885 quae
284 2804 449 2866 declaratur
462 2804 530 2866 haut
546 2804 633 2865 dubie
650 2811 770 2866 naturae
787 2803 932 2884 potentia,
954 2803 996 2864 id-

27 2899 62 2960 que
74 2905 132 2948 esse
149 2889 230 2969 quod
248 2889 334 2950 deum
351 2906 500 2950 vocemus.
531 2887 563 2949 ln
578 2889 652 2950 haec
668 2887 823 2950 divertisse
838 2906 895 2949 non
911 2886 997 2948 fuerit

27 2966 127 3049 alierum,
143 2974 262 3051 vulgata
278 2982 401 3054 propter
418 2972 565 3034 adsiduam
582 2973 783 3053 quaestionem
798 2973 835 3034 de
851 2974 918 3034 deo.

65 3053 88 3114 8.
104 3056 163 3137 (6.)
181 3057 257 3118 ilinc
277 3058 433 3119 redeamus
448 3059 484 3119 ad
500 3057 613 3136 reliqua
628 3066 758 3118 naturae.
785 3057 906 3134 Sidera,
923 3061 1040 3138 quaerit

27 3133 92 3200 dira
105 3141 226 3204 diximus
239 3143 362 3220 mundo,
386 3160 443 3204 non
458 3143 524 3219 iila,
542 3152 572 3202 ut
587 3142 736 3203 existimat
755 3141 877 3221 vulgus,
901 3142 1039 3221 singu-vv

9 3215 50 3276 siis
65 3225 184 3288 attributa
207 3225 310 3304 nobis,
340 3236 370 3288 et
391 3226 470 3289 clara
493 3226 644 3304 divitibus,
670 3228 781 3288 minora
806 3227 995 3308 pauperibus,

29 3301 121 3370 obscura
136 3311 279 3390 deiectis,
298 3329 333 3372 ac
348 3329 402 3392 pro
419 3320 498 3372 sorte
516 3312 655 3392 cuiusque
671 3311 798 3372 lucentia
813 3311 996 3373 adnumerata

30 3393 172 3472 nouantur,
191 3413 250 3456 nec
264 3415 329 3458 cum
344 3415 397 3458 suo
414 3414 547 3478 quaeque
562 3395 679 3457 homine
695 3405 757 3457 orta
774 3397 931 3457 moriuntur
941 3409 997 3453 nec

31 3469 124 3553 siquem
144 3481 290 3559 exstingui
314 3480 437 3543 decidua
459 3481 630 3558 significant.
663 3477 729 3542 Non
751 3490 827 3542 tanta
850 3480 933 3540 caelo
950 3489 1039 3546 sous
