2302 3938
117 163 177 230 148
462 175 610 224 c.rnru1
633 174 782 225 snouunr
838 155 840 162 '

119 344 275 398 carentem.
296 334 341 394 cui
359 339 531 410 argumento
547 331 629 392 adest
646 332 781 410 oppidum
796 332 874 390 iuxta
890 329 1050 390 iudustriam
1065 347 1104 387 re·

119 429 198 480 tusto
212 420 328 480 nomine
343 417 602 493 Bodincomagum,
620 415 668 476 ubi
684 416 840 494 praecipua
858 414 979 475 altitudo
994 413 1088 491 incipit.

70 521 119 577 123
197 503 244 566 17.
261 501 345 581 (21)
360 500 562 580 Transpadana
579 499 742 579 appellatur
757 499 793 560 ab
811 517 847 560 eo
862 501 948 576 regio
967 497 1104 570 undecima,

120 590 207 650 tota
198 607 229 648 m
249 587 482 660 mediterraneo,
507 587 552 646 cui
574 586 661 644 maria
683 593 784 644 cuncta
808 585 958 646 fructuoso
979 582 1080 642 alueo
1074 599 1104 640 m·

117 681 224 752 portat
268 671 380 750 Oppida
400 666 470 729 Vibi
492 668 616 746 Torum,
640 667 783 746 Segusio,
803 667 938 743 coloniae
960 665 994 728 ab
1009 666 1129 764 Alpinus

117 757 263 817 radicibus
282 756 424 833 Augusta
433 753 632 829 Taurinorum,
648 753 714 813 inde
731 752 887 831 navigabili
904 739 993 830 Pado,
1010 751 1107 828 antiqua

116 839 252 940 Ligurum
269 842 372 919 stirpe,
389 839 455 900 dein
470 837 651 898 Salassorum
666 838 798 916 Augusta
813 837 965 898 Praetoria
983 840 1055 897 iuxta
1068 853 1107 910 ge·

117 927 207 985 minas
222 925 340 1004 Alpium
356 923 454 1002 iores,
477 922 578 984 Graias
595 931 681 1002 atque
697 922 918 998 Poeninas,-
936 921 981 981 bis
998 919 1107 994 Poenos,

118 997 202 1070 Grais
223 1008 379 1070 Herculem
396 1009 539 1070 transisse
558 1016 735 1086 memorant,
757 1043 800 1054 -
821 1007 958 1106 oppidum
980 1003 1109 1082 Eporedia

62 1093 268 1170 Sibyllinis
285 1113 300 1154 a
317 1093 427 1173 populo
447 1091 579 1154 Romano
598 1089 766 1153 conditum
758 1093 855 1152 russis.
878 1089 1033 1170 eporedias
1050 1086 1135 1152 Gallio

67 1185 119 1236 124
132 1178 227 1240 bonos
245 1197 384 1258 equorum
400 1177 560 1238 domitores
576 1183 691 1238 vocant.
723 1175 881 1238 Vercellae
896 1175 1068 1236 Libiciorum
1082 1189 1111 1232 ex

118 1261 224 1324 Salluis
243 1271 337 1341 ortae,
352 1261 481 1322 Novaria
497 1280 534 1322 ex
552 1261 787 1338 Vertamaooris,
803 1257 1111 1322 Vocontiornm'bodie-

118 1365 174 1426 qne
190 1365 278 1426 pago,
294 1365 369 1424 non,
380 1355 411 1406 ut
429 1345 502 1407 Cato
520 1347 682 1422 existimat,
697 1344 849 1424 Ligurum,
867 1365 905 1406 ex
921 1345 1026 1424 quibus
1038 1341 1112 1416 Laeui

118 1440 149 1492 et
168 1431 268 1491 Hariei
290 1431 448 1492 condidere
469 1430 597 1491 Ticinum
618 1448 676 1490 nou
697 1430 799 1510 procul
819 1449 835 1490 a
855 1429 953 1507 Pado,
979 1431 1051 1490 sicut
1070 1427 1112 1486 boi

117 1513 324 1595 Transalpibus
342 1516 468 1596 proiecti
489 1514 613 1576 Laudem
628 1514 813 1594 Pompeiam,
834 1515 974 1576 lusubres
991 1511 1112 1574 llediola·
1125 1545 1137 1582 2·

117 1619 191 1660 num.
228 1600 470 1661 Orumboviorum
492 1601 591 1679 stirpis
615 1619 684 1662 esse
706 1597 825 1660 Comum
848 1609 935 1678 atque
955 1599 1114 1676 Bergomum

117 1693 147 1745 et
163 1684 254 1746 Licini
275 1684 382 1747 Forum
403 1685 513 1764 aliquot
533 1686 610 1746 circa
629 1685 756 1764 populos
778 1693 942 1746 auctorest
963 1681 1052 1758 Cato,
1073 1679 1114 1740 sed

120 1771 262 1850 originem
276 1773 374 1848 gentis
394 1773 532 1848 ignorare
554 1789 587 1830 se
610 1771 733 1846 latetur,
761 1787 845 1850 quam
864 1769 951 1830 docet
974 1765 1115 1829 Cornelius

117 1853 286 1916 Alexander
314 1865 405 1916 ortam
432 1873 448 1915 a
474 1852 596 1916 Graecia
622 1855 866 1932 interpretatione
893 1855 980 1914 etiam
1006 1851 1115 1912 nominis

67 1947 116 1999 125
133 1941 218 1999 vitam
236 1942 266 2000 in
280 1941 424 2000 montibus
443 1939 618 2016 degentium.
656 1937 689 2000 lu
712 1939 768 2000 boc
790 1941 847 1998 situ
865 1939 977 1998 interiit
994 1935 1134 2016 oppidum⁸¹

118 2021 359 2084 Orumboviorum
382 2023 486 2100 Parra,
516 2025 589 2084 uude
616 2023 808 2101 Bergomates
833 2020 908 2084 Cato
934 2021 1009 2083 dixit
1036 2029 1116 2094 ortos,

118 2109 271 2167 etiamnum
282 2107 425 2186 prodente
438 2127 470 2168 se
484 2107 568 2168 altius
582 2126 666 2187 quam
681 2109 855 2169 fortunatius
868 2109 962 2168 situm.
987 2107 1117 2168 interiere

67 2203 105 2244 120
119 2200 149 2251 et
172 2189 328 2270 Caturiges
347 2191 499 2252 lnsubrum
522 2193 639 2254 exsules
662 2202 692 2254 et
714 2191 803 2274 Spina
825 2210 913 2272 supra
937 2191 1033 2268 dicta,
1059 2192 1118 2249 item

116 2274 243 2356 llelpum
266 2276 414 2355 opulentia
436 2278 638 2356 praecipuum,
664 2276 742 2356 quod
762 2277 797 2336 ab
817 2276 989 2338 Insubribus
1009 2285 1040 2338 et
1059 2274 1117 2334 Bois

117 2369 147 2420 et
159 2360 323 2421 Senonibus
339 2361 465 2422 deletum
481 2381 549 2422 esse
566 2379 603 2422 eo
616 2361 663 2422 die
681 2379 738 2440 quo
752 2358 889 2423 Camillus
902 2359 997 2422 Veios
1015 2359 1137 2441 ceperit,

47 2454 49 2458 “
116 2442 219 2523 Nepos
237 2443 392 2506 Cornelius
409 2446 534 2508 tradidit.

66 2540 116 2594 126
195 2528 242 2594 18
265 2515 349 2610 (22)
373 2529 510 2609 Sequitur
530 2531 640 2592 decima
656 2533 741 2610 regio
756 2531 859 2592 ltaliae
875 2499 1044 2593 Hadriatico
1059 2529 1120 2590 mari

116 2613 259 2694 adposita,
275 2619 355 2676 cuius
371 2614 507 2693 Venetia,
525 2615 628 2676 lluvius
645 2615 713 2676 Silis
732 2635 770 2676 ex
788 2616 933 2676 montibus
948 2615 1120 2690 Taruisanis,

117 2701 253 2778 oppidum
268 2701 413 2778 Altinum,
429 2699 534 2761 flumen
549 2697 700 2779 Liquentia
717 2719 755 2760 ex
770 2700 916 2761 montibus
935 2700 1120 2781 Opiterginis,

117 2793 147 2844 et
163 2795 264 2862 portus
280 2785 387 2846 eodem
400 2787 528 2862 nomine,
547 2785 664 2846 colonia
680 2782 860 2861 Concordia,
884 2784 999 2846 flumina
1016 2795 1047 2847 et
1062 2803 1135 2864 por·L

116 2875 162 2927 tus
178 2868 342 2946 Reatinum,
359 2869 551 2930 Tiliaventum
567 2872 656 2930 maius
667 2872 831 2950 minusque,
847 2869 980 2931 Anaxum
995 2887 1055 2950 quo
1073 2869 1122 2928 Va-

115 2969 209 3012 ramus
227 2953 343 3030 delinit,
365 2953 452 3030 Alsa,
473 2953 576 3014 Natiso
596 2971 660 3016 cum
682 2953 792 3032 Turro,
814 2953 1014 3034 praefluentes
1037 2955 1122 3034 Aqui·

65 3045 113 3095 lat
131 3035 216 3096 leiam
237 3037 381 3098 coloniam
398 3037 499 3098 xvm
521 3057 598 3118 pass.
627 3057 643 3100 a
663 3041 733 3099 mari
757 3041 850 3100 sitam.
878 3036 1041 3101 Carnorum
1056 3039 1123 3100 baec

115 3122 200 3198 regio
219 3123 372 3202 iunctaque
395 3122 547 3201 lapudum,
571 3119 661 3184 amnis
676 3121 838 3202 Timavos,
860 3125 1011 3186 castellum
1027 3124 1124 3185 nobile

117 3209 185 3266 vino
202 3205 355 3285 Pucinum,
372 3206 564 3286 Tergestinus
580 3209 675 3286 sinus,
692 3209 807 3270 colonia
820 3208 984 3288 Tergeste,
1001 3207 1138 3272 XXXlll

116 3289 236 3369 llpass.
256 3292 290 3352 ab
306 3292 454 3370 Aquileia.
494 3293 671 3374 ultraquam
688 3292 729 3354 Vl
744 3292 772 3354 bl
791 3312 867 3373 pass.
891 3293 1006 3356 Formio
1024 3297 1124 3368 amnis,

116 3376 152 3437 ab
169 3375 306 3438 llaueuna
321 3375 537 3440 CLXXXVllll
551 3377 581 3438 bl
596 3397 687 3458 pass,
707 3381 818 3440 anticus
834 3388 937 3441 auctae
951 3381 1054 3442 ltaliae
1073 3390 1124 3440 ter·

116 3463 225 3539 miuus,
253 3481 327 3523 nunc
348 3481 420 3526 vero
442 3461 586 3543 Histriae,
613 3481 696 3544 quam
718 3467 949 3544 cognominatam
970 3485 985 3527 a
1009 3465 1124 3528 llumine
