2308 3936
157 184 216 249 106
503 198 534 246 o.
556 197 652 246 amm
675 196 825 264 saonam
859 195 864 203 ·

153 355 296 416 Berenice
317 355 391 415 urhe
407 353 656 433 Trogodytarum,
676 352 752 413 unde
770 351 870 413 stadiis
894 360 1025 430 quattuor
1039 349 1135 410 milibus

153 437 313 500 DCCCXX
328 440 357 499 in
378 438 479 500 eadem
499 447 589 517 gente
606 436 787 498 Ptolemaide
803 435 929 516 oppido,
952 435 1027 515 quod
1040 437 1066 495 in
1079 454 1135 496 mar·

153 527 222 603 gine
241 524 321 583 rubri
337 525 424 583 maris
445 523 480 583 ad
495 525 605 602 primos
621 521 842 602 elephantorum
859 529 998 580 venatuus
1014 519 1136 580 conditum

154 618 216 685 est,
235 607 293 669 hoe
308 609 383 668 idem
398 617 465 668 ante
481 607 639 668 solstitium
656 605 849 686 quadragenis
865 606 959 684 quinis
975 603 1072 666 diebus
1085 606 1136 664 toti·

152 693 276 772 demque
291 701 396 772 postea
410 693 538 768 lieri,et
551 709 607 771 per
622 709 675 754 eos
690 688 744 752 XC
759 689 822 750 dies
837 690 867 750 in
880 689 1029 750 meridiem
1043 689 1146 750 umbrast

112 783 160 838 184
171 779 235 837 iaci.
264 795 366 836 rursus
384 778 413 836 in
427 774 531 836 lleroo
547 776 657 856 (insula
673 775 748 836 haec
765 783 910 853 caputque
923 775 1020 852 gentis
1036 771 1136 832 Aethio·

152 881 219 942 pum
231 863 356 942 quinque
371 860 487 921 milibus
506 861 627 921 stadium
642 879 658 920 a
671 859 769 937 Syene
782 860 812 918 in
823 877 905 918 amne
915 858 985 918 Nilo
997 857 1135 935 habitatur)

151 947 197 1007 his
215 963 289 1006 anno
305 945 415 1005 absumi
432 945 547 1005 umbros
557 989 566 1022 ‚
589 945 654 1005 sole
673 944 938 1004 duodevicesimam
952 944 1025 1003 tauri
1046 949 1136 1021 parten

152 1040 183 1092 et
191 1029 459 1108 quartamdecimam
466 1029 560 1090 leonis
572 1037 640 1090 tunc
652 1030 813 1108 optinente.
835 1027 868 1088 lu
880 1027 979 1088 lndiae
988 1035 1073 1105 gente
1083 1025 1136 1085 Ore·

152 1123 210 1174 tum
222 1131 306 1174 mons
329 1122 377 1174 est
390 1113 502 1175 llaleus
522 1115 638 1174 nomine
657 1115 736 1173 iuxta
759 1131 843 1192 quem
866 1113 984 1174 umbrae
1001 1120 1103 1172 aestate
1116 1112 1146 1168 im

152 1207 289 1276 austrum,
301 1198 397 1260 hieme
412 1201 442 1259 in
456 1200 690 1278 septentrionem
706 1198 855 1258 iaciuntur.
876 1197 1040 1277 quindecim
1052 1204 1137 1256 tantum

151 1283 286 1344 noctibus
306 1283 347 1344 ibi
361 1293 481 1363 apparet
498 1284 672 1362 septentrio.
688 1283 718 1342 in
737 1281 838 1342 eadem
849 1281 928 1342 lndia
939 1281 1062 1358 Patalis,
1078 1279 1137 1339 cele·

151 1368 278 1428 berrimo
291 1376 395 1446 portu,
412 1367 457 1427 sol
470 1366 575 1427 dexter
587 1369 695 1444 oritur,
712 1367 829 1428 umbrae
840 1367 871 1426 in
883 1366 1035 1427 meridiem
1046 1364 1137 1426 cadunt.

111 1459 159 1512 185
171 1453 404 1530 septentrionem
420 1451 461 1511 ibi
477 1451 650 1511 Alexandro
665 1460 797 1513 morante
812 1451 978 1512 adnotatum
993 1452 1080 1530 prima
1095 1459 1139 1508 tan·

149 1544 208 1594 tum
224 1543 307 1614 parte
324 1537 418 1596 noctis
435 1533 553 1614 adspioi.
587 1533 780 1612 Onesicritus,
797 1535 854 1595 dux
871 1537 945 1613 eius,
963 1536 1080 1616 scripsit
1090 1535 1146 1612 qui-r

148 1619 202 1680 bus
222 1622 251 1680 in
267 1619 341 1680 locis
359 1620 459 1681 Indiae
474 1621 593 1680 umbrae
611 1637 670 1680 non
687 1621 745 1680 sint
767 1621 1002 1699 septentrionem
1020 1639 1074 1680 non
1087 1637 1139 1679 con·

148 1705 238 1784 spici,
258 1713 289 1765 et
303 1723 338 1766 ea
357 1705 422 1766 loca
438 1704 579 1784 appellari
598 1706 687 1782 ascia,
701 1724 757 1765 nec
773 1704 864 1764 horas
882 1703 1055 1766 dinumerari
1071 1704 1112 1763 ibi.

211 1787 261 1851 74.
285 1787 368 1867 (76.)
397 1788 434 1848 Et
455 1797 516 1850 tota
537 1787 735 1866 Trogodytice
758 1789 873 1849 umbras
901 1789 948 1849 his
971 1788 1146 1868 quadraginta

146 1877 272 1953 quinque
294 1873 397 1934 diebus
417 1875 447 1934 in
470 1892 545 1935 anno
567 1872 779 1935 Eratosthenes
801 1875 832 1934 in
854 1875 1030 1934 contrarium
1052 1873 1146 1951 cadere]

147 1957 281 2038 prodidit.
1142 1979 1145 2014 r

107 2050 154 2102 teo
211 2040 261 2105 75.
279 2041 362 2122 (77.)
386 2043 435 2104 Sic
449 2045 481 2104 lit
498 2054 529 2105 ut
541 2045 625 2106 vario
641 2044 713 2106 lucis
729 2047 910 2106 incremento
926 2047 955 2104 in
973 2044 1074 2106 Meroe
1090 2044 1138 2104 lou·

146 2127 283 2203 gissimus
304 2126 367 2186 dies
388 2125 444 2187 Xll
459 2127 548 2188 horas
570 2129 800 2209 aequinoctiales
816 2138 846 2190 et
869 2138 935 2190 octo
951 2139 1053 2208 partes
1072 2129 1138 2188 unius

145 2209 235 2270 horae
252 2209 388 2288 colligat,
412 2210 609 2274 Alexandriae
626 2232 698 2274 vero
715 2213 798 2274 Xllll
817 2213 922 2292 horas,
946 2215 976 2274 in
991 2214 1072 2274 ltalia
1086 2211 1137 2282 ΧΥ,

144 2295 174 2352 in
188 2293 450 2372 BritanniaXVll,
473 2296 522 2356 ubi
544 2306 657 2358 aestate
673 2297 786 2358 lucidae
807 2307 910 2360 noctes
931 2298 1000 2359 haut
1024 2299 1138 2359 dubitare

145 2379 326 2457 permittunt,
343 2379 372 2440 id
381 2381 459 2458 quod
471 2383 552 2460 cogit
568 2384 644 2443 ratio
654 2382 745 2460 credi,
758 2382 982 2444 solstitidiebus
995 2381 1143 2444 accedente

146 2462 210 2522 sole
231 2465 352 2542 propius
371 2466 512 2526 verticem
533 2467 628 2527 mundi
649 2475 772 2544 angusto
795 2467 868 2527 lucis
891 2467 999 2528 ambitu
1023 2468 1139 2528 subiecta

144 2554 243 2609 terrae
266 2550 421 2610 continuos
442 2549 506 2610 dies
526 2551 637 2612 habere
658 2552 738 2612 senis
759 2552 926 2630 mensibus,
949 2561 1107 2630 noctesque
1124 2569 1138 2608 e

104 2640 150 2692 187
163 2631 279 2693 diverso
298 2633 333 2693 ad
351 2634 479 2695 brumam
493 2644 624 2696 remoto.
648 2635 725 2714 quod
743 2636 807 2696 lieri
828 2637 857 2696 in
875 2637 971 2698 insula
989 2636 1080 2714 Thyle
1096 2635 1138 2710 Pp·

143 2717 225 2778 thoas
245 2717 437 2779 Massiliensis
456 2719 558 2780 scribit
574 2739 629 2780 sex
649 2719 760 2780 dierum
778 2722 966 2799 navigatione
984 2723 1014 2782 in
1036 2728 1141 2800 septen·¹

142 2803 266 2862 trionem
282 2821 298 2862 a
314 2803 462 2864 Britannia
479 2804 622 2880 distante,
644 2803 757 2882 quidam
775 2823 847 2866 vero
864 2813 895 2866 et
910 2808 939 2866 in
953 2804 1057 2883 blena,
1077 2822 1137 2883 quae

142 2884 259 2946 distata
279 2883 474 2948 camaloduno
489 2887 655 2950 Britanniae
673 2889 782 2968 oppido
797 2891 916 2950 circiter
932 2889 1065 2951 ducentis
1079 2887 1137 2948 mili·

142 2967 207 3044 bus,
224 2969 379 3032 adfirmant.
1139 2983 1140 2990 ’

159 3049 208 3114 76.
232 3052 317 3133 (78.)
340 3053 511 3118 Umbrarum
534 3057 608 3118 hano
630 3059 773 3120 rationem
793 3068 823 3120 et
847 3077 931 3139 quam
950 3070 1057 3122 vocant
1078 3075 1136 3137 gno·

140 3137 275 3198 monioen
292 3140 403 3200 invenit
418 3139 613 3204 Anaximenes
629 3141 777 3221 Milesius,
799 3143 1006 3206 Anaximandri
1022 3145 1136 3224 (dequo

106 3241 132 3284 m
141 3220 279 3302 diximus)
304 3223 480 3304 discipulus,
504 3228 673 3307 primusque
693 3228 879 3307 horologium
901 3229 979 3308 quod
999 3227 1135 3310 appellant

141 3305 339 3369 sciothericon
354 3307 572 3374 Lacedaemone
590 3313 729 3374 ostendit.

98 3396 149 3488 ¹⁸⁸.
205 3389 253 3454 77.
273 3390 357 3472 (79.)
377 3394 475 3474 Ipsum
493 3396 570 3458 diem
585 3397 633 3458 alii
651 3398 737 3459 aliter
753 3399 962 3461 observavere,
992 3395 1134 3475 Babylonii

140 3483 217 3537 mter
232 3476 305 3539 duos
320 3479 393 3541 solis
412 3490 567 3562 exortans,
589 3481 788 3546 Athenienses
810 3485 888 3546 inter
904 3484 978 3546 duos
993 3498 1137 3551 occasuus,
