2340 3934
268 159 352 213 NAT.
371 158 463 214 uisu.
482 159 547 214 vni
566 167 671 215 rr-ea
691 164 817 232 (aa-ac)
964 173 967 180 ⁴
986 163 1049 228 103

37 307 256 387 Liburniaeque
272 308 333 388 pilo
346 312 468 389 propior
487 329 575 390 quam
589 311 682 393 lanae,
704 315 788 392 pexis
805 312 900 373 aliena
918 312 1051 374 vestibus

35 407 61 458 et
84 415 177 482 quam
202 397 316 458 Salacia
343 399 489 460 scutulato
513 405 596 461 textu
624 401 812 462 commendat
837 404 869 462 iu
892 400 1050 463 Lusitania.

34 487 138 548 similis
162 488 244 548 circa
258 487 391 549 Piscinas
414 491 583 570 provinciae
601 489 816 572 Narbonensis,
840 491 944 552 similis
966 499 997 552 et
1019 494 1050 552 in
1156 549 1160 558 ,

33 579 180 659 Aegypto,
217 596 255 637 ex
287 596 345 656 qua
375 581 466 640 vestis
495 579 604 640 detrita
637 597 695 641 usu
724 581 856 660 pingitur
885 598 1050 660 rursusque

12 685 100 726 naevo
127 666 226 727 durat.
273 675 320 728 est
343 676 373 728 et
394 667 490 729 hirtae
512 669 573 749 pilo
597 687 698 730 crasso
723 671 754 729 in
776 672 885 750 tapetis
908 673 1050 750 antiquis·

31 759 102 816 sima
137 758 242 836 gratia.
288 759 347 818 iam
378 765 458 818 certe
492 758 529 818 iis
559 777 630 819 usos
659 758 833 820 Homerus
862 768 966 820 auctor
996 767 1050 820 est.

30 845 115 906 aliter
141 845 217 906 haec
240 845 314 906 Galli
335 848 475 929 pingunt,
499 847 585 908 aliter
607 847 786 909 Parthorum
808 856 921 928 gentes.
958 849 1040 910 lanae
1052 856 1103 904 192

30 944 56 995 et
84 953 146 1014 per
174 953 208 995 se
236 944 355 997 coactam
378 945 490 997 vestem
513 937 626 998 iaciunt
648 943 692 1019 et,
721 939 746 998 si
774 938 899 999 addatur
925 946 1051 1019 acetum,

30 1027 119 1085 etiam
145 1025 228 1084 serra
252 1027 408 1107 resistunt,
431 1028 522 1087 immo
542 1045 614 1087 vero
637 1029 726 1087 etiam
748 1025 868 1106 ignibus
891 1029 1050 1088 novissimo

6 1117 73 1174 ,osui
95 1122 310 1194 purgamento.
356 1117 465 1196 quippe
489 1118 575 1177 aenis
598 1116 774 1196 polientium
799 1119 984 1178 ornacum
1007 1125 1050 1177 to·

30 1206 123 1264 menti
149 1219 241 1264 usum
259 1205 382 1268 veniunt
400 1204 569 1287 Galliarum,
593 1211 626 1266 ut
649 1203 786 1287 arbitror,
808 1207 938 1266 invento.
965 1213 1050 1266 certe

29 1293 151 1355 Gallicis
179 1293 269 1353 hodie
299 1293 469 1355 nominihus
498 1294 692 1376 discernitur,
727 1313 784 1356 nee
812 1295 897 1356 facile
925 1295 1051 1355 dixerim

29 1403 84 1461 qua
109 1382 145 1443 id
168 1390 266 1444 aetate
289 1386 429 1463 coeperit.
474 1387 605 1464 antiquis
629 1387 709 1445 enim
732 1393 816 1445 torus
839 1403 856 1443 e
879 1391 1042 1445 stramento
1054 1389 1103 1438 193

29 1481 105 1554 erat,
134 1471 264 1551 qualiter
286 1474 376 1533 etiam
398 1491 479 1534 nunc
502 1476 534 1536 iu
557 1476 671 1534 castris.
708 1491 853 1554 gausapae
875 1475 970 1553 patris
993 1474 1051 1534 mei

10 1564 177 1622 anemoria
202 1580 340 1643 coepere,
370 1561 566 1643 amphimallia
594 1571 709 1644 nostra,
739 1566 817 1624 sicut
839 1563 940 1624 villosa
963 1563 1052 1622 etiam

29 1651 187 1712 neutralia.
234 1669 302 1712 nam
324 1655 424 1713 tunica
450 1653 501 1714 lati
525 1653 598 1713 clavi
626 1655 656 1712 in
679 1651 800 1713 modum
823 1669 969 1732 gausapae
991 1653 1052 1711 texi

28 1761 109 1802 nunc
131 1743 266 1821 primum
284 1743 396 1822 incipit.
426 1743 561 1804 lanarum
583 1745 685 1821 nigrae
707 1742 822 1803 nullum
845 1741 975 1802 colorem
992 1739 1036 1801 bi·
1068 1795 1105 1834 m

29 1831 113 1892 hunt.
164 1829 203 1890 de
227 1829 410 1910 reliquarum
432 1832 546 1893 iniectu
569 1834 631 1892 suis
655 1832 728 1892 locis
751 1831 885 1892 dicemus
912 1833 944 1890 in
968 1797 1106 1943 con-laq,

28 1921 139 2001 chyliis
161 1922 255 1980 maris
277 1928 329 1981 aut
351 1921 511 1982 herbarum
534 1929 647 1982 natura.
1047 1903 1093 2004 ἵξῃ,

9 2029 18 2070 o
95 2003 178 2093 (74)
214 2007 325 2070 Lanam
348 2012 378 2070 iu
402 2011 469 2070 colu
493 2019 524 2071 et
546 2012 613 2071 luso
636 2010 818 2090 TanaquiliS,
842 2027 917 2088 quae
941 2009 1044 2070 eadem
1056 2014 1107 2062 194

29 2101 98 2160 Gaia
127 2097 258 2159 Caecilia
285 2108 387 2160 vocata
414 2107 473 2181 est,
504 2102 534 2160 in
562 2099 672 2179 templo
697 2099 811 2160 Sancus
839 2099 962 2159 durasse
985 2117 1053 2178 pro-

29 2191 120 2250 dente
155 2206 189 2248 se
218 2197 323 2249 auctor
350 2197 396 2249 est
424 2189 460 2250 bl.
484 2188 602 2269 Varro,
635 2190 801 2268 laetamque
829 2187 865 2248 ab
886 2207 927 2248 'ea
956 2195 1053 2267 togam

30 2282 147 2359 regiam
166 2277 341 2338 undulatam
359 2280 390 2338 in
410 2278 481 2339 aede
496 2278 653 2359 Fortunae,
672 2296 729 2357 qua
745 2278 808 2338 Ser.
823 2277 938 2338 Tullius
957 2279 1053 2338 luerat

30 2388 114 2430 nsua
132 2366 219 2428 rinde
244 2367 353 2428 lactum
376 2375 412 2428 ut
434 2366 580 2428 nubentes
603 2370 732 2446 virgines
756 2369 949 2428 comitaretur
971 2366 1054 2426 colus

8 2464 153 2539 acompta
186 2466 216 2518 et
244 2458 329 2518 lusus
359 2475 428 2518 cum
456 2459 591 2518 stamine.
636 2475 670 2516 ca
697 2458 792 2536 prima
820 2458 915 2517 tenuit
942 2464 1054 2516 rectam

32 2551 178 2628 tunicam,
202 2546 307 2625 quales
326 2565 394 2607 cum
411 2554 480 2625 toga
493 2564 569 2626 pura
583 2548 696 2607 tirones
719 2546 886 2605 induuntur
902 2562 1053 2622 novaeque

32 2644 154 2716 nuptae.
198 2635 339 2696 undulata
363 2637 454 2696 vestis
477 2638 572 2714 prima
599 2655 614 2695 e
639 2635 847 2696 laudatissimis
871 2635 935 2694 luit.
976 2632 1044 2693 inde
1058 2639 1108 2688 195

31 2724 233 2787 sororiculata
260 2724 390 2786 defluxit.
436 2732 519 2804 togas
547 2743 628 2784 rasas
652 2724 891 2803 Phryxianasque
915 2723 974 2782 divi
997 2721 1054 2782 lu-

108 2960 123 3006 1
147 2951 266 3022 propior
288 2950 350 3004 vd.
378 2950 554 3020 propriora.
582 2948 658 3018 prior
680 2966 704 3003 r.
777 2955 793 3002 2
818 2951 847 3004 at
868 2949 896 3002 ll.
929 2965 968 3002 aa
990 2945 1055 3001 esi?

32 3027 83 3090 cfr.
103 3039 168 3078 noa.
189 3023 242 3077 luc.
259 3027 343 3091 pald.
377 3024 382 3091 Ι
417 3021 529 3076 Salacia
547 3020 638 3075 Hurd.
668 3021 763 3074 saluca
784 3019 902 3073 nitr’d.
931 3019 1010 3073 salua
1027 3018 1057 3071 ,a

33 3099 66 3150 in
83 3111 141 3151 rna.
163 3097 168 3164 Ι
191 3093 332 3148 scutulato
350 3093 380 3146 ⁸²
397 3095 429 3148 ia
447 3109 503 3148 rua.
521 3092 563 3146 1²².
592 3091 696 3146 stolato
714 3097 745 3144 R.
775 3091 894 3146 aiulatoa
912 3107 934 3144 r.
957 3095 961 3160 Ι
981 3106 1055 3144 com-

34 3167 138 3240 mendp
156 3171 190 3219 R.
219 3164 314 3220 —moda
332 3169 357 3218 d
414 3165 550 3218 'deame
567 3163 675 3233 priscos
692 3179 717 3217 o.
747 3166 751 3232 Ι
780 3180 846 3218 usos
864 3162 906 3216 1².
934 3179 986 3215 usu
1003 3165 1058 3214 kd.

35 3257 86 3294 uso
105 3256 129 3292 r.
205 3238 356 3292 Scoactae
373 3235 408 3289 1²
425 3237 458 3290 in
475 3251 530 3290 ras.
554 3237 627 3288 -ium
645 3235 682 3289 a¹.
706 3237 776 3288 -tam
794 3251 818 3288 r.
885 3240 918 3287 10
937 3232 1015 3287 aenis
1032 3249 1057 3286 o.

36 3312 96 3364 enis
114 3313 198 3362 nitu.
228 3307 307 3361 cunis
325 3312 354 3361 li.
382 3307 441 3362 eius
459 3325 484 3360 a.
559 3313 593 3360 14
611 3307 697 3361 eiiam
716 3311 740 3360 d.
768 3306 826 3360 iam
844 3323 867 3359 r.
888 3307 893 3374 1
916 3317 1058 3374 gausapae

35 3383 79 3435 1².
107 3397 196 3436 causa
212 3397 238 3434 r.
312 3385 345 3434 16
363 3393 504 3450 gausapae
522 3378 565 3432 1²².
594 3394 673 3448 -prao
691 3379 728 3431 a¹.
758 3391 896 3446 causapua
914 3375 983 3428 1³1¹.
1003 3391 1059 3447 5pa

37 3453 76 3507 «1².
104 3469 153 3523 -po
177 3452 215 3506 (1².
245 3466 341 3521 -aepae
364 3451 569 3521 ⁸¹.1capsapae
591 3449 636 3503 12¹.
665 3465 731 3519 -pue
753 3448 798 3501 12².
881 3451 916 3500 20
939 3446 1004 3501 colu
1025 3449 1057 3500 B.

38 3526 80 3579 -lo
97 3543 121 3579 r.
218 3529 252 3577 21
273 3521 357 3578 Sanci
373 3523 453 3577 Brot.
479 3521 520 3592 ·gi
539 3521 597 3576 Gal.
687 3525 721 3574 23
740 3519 904 3573 undulatam
923 3515 961 3571 ι’.
988 3533 1058 3586 ung-

38 3595 131 3650 1¹12&
157 3597 231 3650 -tum
244 3612 268 3649 r.
327 3600 361 3650 26
374 3597 487 3666 tyrones
501 3599 525 3648 d.
552 3589 855 3648 incusavimus.
882 3589 968 3643 tironi
981 3605 1004 3642 r.

41 3675 75 3722 27
94 3668 167 3724 unde
181 3667 243 3720 laia
260 3671 288 3725 (1.,
302 3669 307 3736 i
323 3665 486 3721 lautissimis
505 3664 573 3718 ⁸²1²*
586 3666 618 3719 ia
631 3679 687 3719 ras.
742 3665 776 3714 28
795 3675 872 3715 rasas
891 3664 915 3714 d.
939 3675 1020 3714 raras
1034 3673 1058 3714 r.
