2572 3936
190 157 254 221 174
544 153 573 208 (l.
592 153 692 208 PLINI
711 151 868 208 succum

188 323 286 368 aurae.
339 304 414 366 colla
442 306 591 384 inponunt
620 301 884 384 praecedentibus,
917 303 1011 364 fessos
1042 301 1138 362 duces
1176 301 1222 362 ad

187 404 271 475 terga
293 396 450 475 recipiunt.
474 427 516 436 -
545 385 699 474 (Giooniae
722 392 809 453 nidos
833 391 953 453 eosdem
976 399 1132 472 repetunt,
1160 409 1222 470 ge-

187 487 336 545 netricum
364 491 516 544 senectam
543 484 672 542 invicem
698 473 855 562 educant.)
884 514 926 524 -—
960 480 1078 542 olonrm
1105 489 1220 541 morte

188 581 327 634 narratur
349 572 456 632 flebilis
479 578 598 652 cantus,
621 571 708 651 falso,
731 579 766 631 ut
788 570 918 631 arbitror
946 570 1058 649 aliquot
1086 572 1219 649 experi-

188 665 306 723 mentis.
350 661 441 722 iidem
463 667 566 721 mutua
590 678 679 720 carne
702 667 865 721 vescuntur
888 662 967 720 inter
991 677 1032 722 se.
1233 665 1248 703 ⁵

136 765 171 814 64
256 744 330 832 (33)
366 749 477 810 Verum
503 749 576 810 haee
604 752 834 810 commeantium
855 767 911 828 per
933 751 1026 809 maria
1047 757 1220 826 terrasque

187 841 388 920 peregrinatio
416 857 477 900 non
503 841 616 918 patitur
643 839 757 899 differri
783 841 916 900 minores
945 855 1064 918 quoque
1096 836 1220 916 quibus

189 937 235 989 est
262 935 368 989 natura
396 927 509 988 similis.
554 936 718 1007 utcumque
746 930 826 988 enim
854 946 945 1007 supra
972 927 1066 988 dictas
1093 929 1218 1004 magni-

135 1030 169 1081 65
188 1017 261 1078 tudo
284 1025 315 1077 et
336 1019 416 1077 vires
439 1035 601 1096 corporum
621 1019 746 1077 inritare
770 1016 864 1077 videri
886 1019 1011 1097 possint,
1034 1017 1218 1076 coturnices

189 1114 256 1166 ante
280 1107 370 1168 etiam
393 1123 512 1185 semper
539 1105 702 1167 adveniunt
725 1124 814 1184 quam
835 1124 940 1186 grues,
967 1123 1056 1184 parva
1079 1107 1142 1164 aris
1171 1113 1216 1187 et,
1232 1109 1258 1148 1⁰

189 1213 258 1256 oum
280 1195 317 1255 ad
340 1213 395 1255 nos
417 1197 511 1275 venit,
539 1196 693 1256 terrestris
719 1197 822 1274 potius
848 1213 938 1274 quam
965 1193 1109 1256 sublimis.
1160 1195 1214 1254 ad-

188 1283 287 1344 volant
310 1291 341 1344 et
362 1283 417 1344 hae
441 1283 531 1344 simili
553 1284 652 1364 modo,
675 1302 736 1344 non
759 1286 823 1344 sine
842 1283 975 1363 periculo
995 1284 1214 1364 navigantium,

188 1390 258 1433 oum
280 1372 553 1452 adpropinquavere
576 1375 674 1433 terris.
721 1375 831 1452 quippe
854 1373 927 1433 velis
950 1390 1037 1452 saepe
1059 1371 1215 1453 inoidrmt,

135 1469 170 1518 66
189 1469 220 1521 et
241 1460 298 1521 hoc
326 1479 446 1541 semper
472 1469 576 1544 noctu,
603 1470 802 1541 merguntque
830 1463 953 1540 navigia.
997 1463 1056 1521 iter
1084 1469 1132 1520 est
1160 1461 1213 1520 his

187 1568 243 1629 per
265 1549 394 1629 hospitia
417 1557 507 1611 certa.
553 1559 655 1611 austro
678 1569 739 1611 non
761 1550 873 1631 rolant,
900 1550 1001 1611 umido
1030 1548 1148 1610 scilicet
1179 1556 1250 1609 et1⁵

188 1641 322 1718 graviore
346 1647 442 1700 vento.
469 1658 561 1700 aura
588 1648 687 1700 tamen
714 1639 781 1700 vehi
809 1639 912 1700 volunt
938 1645 1063 1718 propter
1085 1639 1210 1717 pondus

188 1745 350 1808 corporum
372 1730 510 1807 viresque
533 1747 647 1809 parvas.
679 1729 749 1788 hinc
771 1727 934 1789 volantium
956 1727 1005 1788 illa
1028 1729 1210 1806 conquestio

187 1816 289 1877 labore
309 1835 457 1898 expressa.
494 1817 631 1897 aquilone
652 1837 723 1898 ergo
741 1819 868 1879 maxime
888 1817 985 1878 volant
1003 1823 1209 1898 ortygometra

74 1955 90 1987 ¹.
188 1906 274 1968 duce.
326 1907 453 1986 primam
483 1925 586 1968 cerum
615 1915 714 1968 terrac
747 1907 1033 1987 adpropinquantem
1062 1909 1209 1986 accipiter

187 1997 273 2075 rapit.
320 2013 438 2074 semper
461 1995 531 2056 hinc
557 2005 726 2056 remeantes
754 1999 926 2058 comitatum
954 1995 1127 2078 sollicitant,
1156 1995 1206 2056 ab·
1220 2004 1245 2043 2⁰

137 2093 170 2140 ct
190 2092 323 2162 euntque
337 2102 397 2144 una
410 2102 570 2163 persuasae
585 2083 686 2164 glottis
700 2093 731 2145 et
749 2093 818 2146 otus
840 2093 871 2146 et
891 2085 1075 2166 cychramus.
1103 2085 1207 2164 glottis

186 2171 378 2252 praelongam
401 2174 512 2232 exserit
534 2173 678 2256 linguam,
701 2174 780 2234 unde
805 2177 833 2234 ei
855 2193 972 2235 nomen.
1017 2174 1094 2234 hono
1117 2176 1208 2235 initio
1259 2215 1260 2223 ι

187 2260 318 2322 blandita
340 2263 581 2340 peregrinatione
604 2263 687 2324 avide
710 2264 884 2343 prolectam·
897 2265 1077 2342 paenitentia
1099 2265 1132 2330 in
1155 2282 1205 2322 vo·
1257 2267 1259 2352 ,¹

187 2349 248 2410 latu
272 2368 341 2410 cum
363 2349 464 2410 labore
488 2350 601 2412 scilicet
629 2351 725 2434 subit,
757 2355 868 2413 reverti
894 2354 1095 2413 incomitatam
1122 2353 1205 2431 piget
1256 2363 1257 2416 l

187 2445 218 2499 et
241 2441 339 2522 sequi,
367 2457 423 2499 nec
446 2458 586 2519 umquam
612 2441 680 2520 plus
708 2459 769 2501 uno
796 2441 844 2501 die
870 2443 982 2522 pergit,
1008 2443 1040 2501 in
1066 2423 1256 2520 proximor*

186 2527 315 2608 hospitio
343 2527 463 2590 deserit.
508 2547 613 2590 verum
639 2532 791 2592 invenitur
818 2530 874 2592 alia
901 2529 1095 2590 antecedente
1123 2547 1200 2590 anno

134 2623 168 2674 68
186 2617 290 2678 relicta
320 2616 409 2678 simili
436 2618 525 2678 modo
554 2619 585 2678 in
616 2618 748 2698 singulos
778 2619 850 2679 dies.
895 2619 1071 2698 cychramus
1099 2637 1199 2698 perse-

186 2709 336 2767 verantior
360 2706 481 2767 festinat
504 2709 592 2768 etiam
614 2709 772 2787 pervenire
795 2707 832 2768 ad
855 2711 1000 2787 expetitas
1020 2705 1077 2767 sibi
1095 2715 1200 2768 terras.

258 2937 274 2984 2
297 2948 381 2986 uncos
404 2948 451 3002 ego
469 2933 568 3000 posui;
595 2932 802 2998 transponenda
824 2931 906 2987 cerdo
927 2933 1055 2987 cideotw
1077 2932 1109 2985 ln
1125 2930 1145 3002 §
1159 2937 1196 2987 62

181 3006 247 3069 poet
264 3001 338 3056 visas
356 3002 397 3056 ibi
414 3004 456 3057 cel
467 3007 534 3071 post
552 3002 724 3056 confirment.
748 3001 996 3069 cruciationum.
1012 3003 1056 3056 ll.
1112 3009 1128 3056 4
1144 3001 1195 3056 fal·

187 3077 300 3126 sos.re.
327 3072 376 3126 -sis
395 3078 419 3127 d.
492 3079 517 3126 8.
537 3079 553 3126 9
572 3074 635 3128 diat.
656 3074 748 3127 Iernos
766 3075 859 3128 diurn.
879 3075 930 3128 tter.
950 3079 1007 3128 unt.
1022 3077 1096 3128 1834
1112 3091 1139 3126 u.
1158 3077 1193 3129 52

181 3147 290 3211 12422.
359 3145 465 3198 Senim
478 3149 574 3199 caecil.
648 3143 798 3198 tinnilari
811 3149 842 3200 a.
917 3150 949 3198 12
963 3145 1017 3198 hae
1031 3161 1056 3198 o.
1084 3143 1191 3198 heecll.

185 3217 301 3268 ceterum
318 3216 369 3281 cfr.
383 3214 405 3284 ἕ
418 3219 464 3270 85.
483 3219 549 3270 127.
623 3220 657 3268 20
676 3213 743 3270 hino
755 3215 819 3270 rad.
838 3215 922 3270 hier.
994 3221 1028 3270 21
1047 3212 1192 3284 persuasae

185 3285 243 3341 cod.
259 3285 355 3340 Mure.
380 3302 442 3339 -esa
454 3291 504 3340 rs.
527 3286 607 3356 eslf!
618 3285 662 3338 12¹.
690 3302 742 3356 per
756 3303 806 3341 sue
819 3287 899 3356 signo
911 3286 949 3339 12²
962 3287 1021 3340 edd.
1037 3291 1100 3340 ante
1107 3285 1189 3339 ercu.

184 3371 318 3426 peruersa
336 3360 360 3410 d.
377 3355 495 3426 {glottis
514 3359 544 3410 et
561 3359 624 3412 otus
643 3356 673 3408 d²
690 3359 732 3422 (et
749 3359 782 3411 iu
797 3363 874 3424 rae).
904 3356 1049 3426 gluttisset
1066 3358 1127 3411 otus
1143 3362 1189 3409 1²2.

184 3427 294 3498 glotilll
308 3427 353 3481 12¹.
384 3427 499 3498 glolites
515 3427 561 3480 12².
589 3427 593 3497 Ι
620 3427 719 3496 glottis
733 3432 758 3482 d.
782 3428 881 3498 gluttis
899 3434 950 3482 ro.
975 3427 1050 3498 gotis
1066 3427 1109 3481 12¹.
1133 3427 1190 3496 glo-

184 3498 251 3552 lites
268 3497 313 3552 3².
395 3504 429 3553 23
447 3500 611 3568 prouectum
629 3498 660 3550 οἳ
677 3500 736 3554 cdd.
750 3505 811 3554 cett.
837 3502 841 3566 Ι
865 3499 1038 3570 poenitentia
1051 3503 1081 3552 r.
1114 3497 1192 3552 -liem

185 3571 261 3636 (pen-
277 3569 303 3637 e)
317 3585 341 3623 r.
384 3575 420 3624 24
438 3569 633 3624 incomitatam
646 3586 670 3623 c.
690 3572 733 3624 -ta
746 3571 773 3624 ll.
829 3576 871 3626 27.
886 3574 920 3625 28
934 3569 1151 3640 perseuerantior
1164 3574 1188 3622 d.

185 3639 270 3692 -alior
288 3642 321 3708 (R
339 3655 416 3694 eraso
433 3642 464 3708 ιι)
482 3658 505 3694 r.
