2572 3936
327 157 412 212 NAT.
431 118 525 214 fflsT.
544 159 584 212 xi
604 163 708 214 18-21
729 161 855 230 (eo-24)
1031 161 1098 228 225

80 315 185 388 aperto
205 313 235 368 et
257 309 289 368 in
308 306 401 368 altum
424 308 527 389 elatae,
549 309 630 388 gyris
648 308 747 371 volatu
771 309 867 391 editis,
890 318 955 371 tum
978 311 1099 373 demum

80 398 118 458 ad
142 397 243 458 eibum
270 396 407 478 redeunt.
452 395 581 458 vitabis
608 397 793 482 longissima,
820 407 855 460 ut
881 418 1025 480 prospere
1053 403 1097 462 in·
1117 408 1151 458 oa

80 489 169 548 imica
193 505 227 547 ac
250 487 373 548 fortuita
396 487 515 569 cedant,
545 490 676 567 septenis
700 491 793 550 annis.
840 492 994 552 universas
1018 489 1098 551 alvos

81 577 245 656 numquam
268 575 347 638 ultra
370 575 474 638 decem
497 595 591 638 annos
614 577 746 640 durasse
759 579 907 659 proditur.
954 587 1024 641 sunt
1046 583 1099 660 qui

50 673 229 747 emortuas,
253 667 278 727 si
300 667 379 728 intra
402 673 516 728 tectum
537 665 635 728 hieme
659 676 830 752 serventur,
854 670 923 732 dein
947 668 1008 730 sole
1032 688 1097 732 ver·

80 774 120 817 no
144 763 318 817 torreantur
341 774 374 816 ac
398 755 526 817 liculneo
546 758 650 818 ,cinere
673 759 773 839 tepido
797 760 967 841 foveantur,
990 766 1098 840 putent

80 847 281 926 revivescere,
316 839 390 929 (23)
421 847 453 906 in
483 852 580 908 totum
608 865 679 908 vero
710 851 832 910 amissas
861 851 995 930 reparari
1025 867 1095 912 ven·
1116 854 1151 904 ‘10
1222 895 1224 898 -

80 933 180 996 tribus
209 933 330 996 bubulis
359 934 532 997 recentibus
567 953 636 997 cum
663 937 731 998 fimo
760 938 890 1020 obrutis,
913 938 1097 1020 Vergilius

80 1027 278 1086 iuvencorum
301 1043 429 1106 corpore
452 1027 632 1108 exanimato,
656 1029 734 1087 sicut
757 1046 904 1107 equorum
926 1047 1037 1109 vespas¹
1054 1037 1122 1114 atq

37 1132 66 1172 10
81 1132 141 1194 que
161 1113 332 1202 crabrones,
356 1117 434 1176 siout
452 1117 605 1177 asinorum
629 1115 812 1197 scarabaeos,
835 1124 968 1178 mutante
992 1125 1097 1180 natura

47 1201 50 1206 ’
81 1223 119 1265 en
142 1203 207 1266 aliis
231 1203 376 1284 quaedam
399 1206 430 1265 in
453 1203 516 1266 alia.
541 1205 594 1266 sed
616 1204 725 1266 horum
748 1208 882 1268 omnium
909 1207 1006 1267 coitus
1033 1224 1097 1267 cer-

81 1301 204 1354 nuntur.
261 1301 291 1354 et
322 1301 422 1355 tamen
454 1295 485 1354 in
518 1294 582 1355 letu
619 1295 722 1356 eadem
757 1313 851 1376 prope
885 1302 990 1356 natura
1022 1313 1098 1375 quae

81 1382 196 1464 apibus

150 1466 207 1535 21.
232 1465 306 1556 (24)
329 1471 443 1552 Vespae
466 1475 497 1533 in
521 1471 641 1536 sublimi
664 1492 680 1534 e
708 1473 771 1534 luto
799 1473 885 1534 nidos
914 1475 1039 1556 iaciunt,
1066 1475 1098 1534 in
1111 1477 1150 1528 'll

37 1580 65 1622 15
81 1561 129 1623 his
153 1580 250 1644 ceras,
281 1560 442 1623 crabrones
471 1565 605 1624 cavernis
633 1571 684 1624 aut
711 1561 767 1624 sub
796 1570 885 1624 terra.
931 1571 962 1624 et
990 1563 1099 1625 borum

81 1653 216 1712 omnium
229 1651 406 1731 sexangulae
421 1651 521 1734 cellae,
541 1669 626 1713 cerae
641 1660 741 1714 antem
756 1671 772 1712 a
792 1654 912 1734 cortice,
931 1670 1098 1714 araneosae

82 1742 162 1802 fetus
192 1743 256 1822 ipse
284 1740 448 1822 inaequalis
479 1749 514 1802 ut
542 1740 690 1824 barbaris,
720 1741 795 1802 alins
824 1740 933 1822 evolat,
962 1741 1037 1804 alius
1066 1744 1099 1802 in

82 1829 212 1911 nympha
236 1837 294 1912 est,
322 1831 397 1892 alius
420 1833 452 1891 in
475 1831 652 1914 vermiculo,
684 1838 715 1892 et
743 1838 900 1912 autumno,
932 1849 993 1894 non
1019 1849 1099 1914 vere,

83 1921 183 1982 omnia
213 1937 256 1980 ea.
307 1919 471 2000 plenilunio
507 1923 633 1982 maxime
669 1927 818 1984 crescunt.
878 1938 985 2001 vespae
1022 1939 1101 2000 qrtae-
1118 1925 1151 1976 '12

39 2030 68 2080 no
83 2010 300 2072 ichneumones
318 2017 462 2072 vocantur
486 2043 528 2052 —
553 2018 624 2072 sunt
646 2018 746 2072 autem
769 2011 901 2071 minores
920 2027 1009 2090 quam
1027 2009 1099 2071 aliae

83 2135 125 2143 —
149 2089 244 2162 unum
263 2117 358 2179 genus
378 2119 414 2160 ex
433 2101 548 2162 araneis
566 2107 739 2182 peremunt,
761 2099 950 2180 phalangium
974 2099 1099 2180 appella·

82 2199 157 2271 tum,
180 2197 210 2250 ct
228 2191 259 2250 in
272 2189 364 2251 ,nidos
384 2207 454 2250 suos
474 2191 584 2271 lerunt,
607 2189 714 2251 deinde
733 2190 863 2252 inlinunt
887 2196 972 2249 etex
995 2191 1031 2250 iis
1055 2191 1098 2249 in·

82 2278 219 2340 cubando
240 2297 332 2362 ¹suum
360 2297 455 2359 genus
482 2287 650 2358 procreant,
695 2287 851 2359 praeterea
879 2297 983 2340 omnes
1011 2295 1100 2338 carne

82 2375 247 2430 vescuntur
265 2376 370 2430 contra
389 2385 478 2448 quam
497 2387 567 2448 apes
586 2387 661 2448 qnae
680 2367 796 2430 nullum
814 2387 924 2448 corpus
943 2370 1101 2446 attingunt.

39 2478 67 2520 25
84 2459 138 2519 sed
165 2477 271 2538 vespae
299 2477 418 2520 muscas
445 2457 620 2538 grandiores
648 2466 794 2519 venantur
821 2464 1032 2537 amputatoque
1064 2459 1101 2516 iis

84 2549 182 2629 capite
209 2547 359 2627 reliquum
392 2566 502 2627 corpus
531 2547 680 2628 auferunt.
736 2545 916 2608 crabronum
948 2546 1100 2606 silvestres
1121 2551 1153 2600 73

83 2640 115 2698 in
135 2635 277 2698 arborum
295 2641 429 2698 cavernis
452 2637 573 2718 degunt,
597 2636 694 2697 hieme
718 2644 752 2697 ut
774 2643 874 2696 cetera
893 2638 1007 2696 insecta
1031 2653 1099 2697 con·

101 2797 298 2805 ..,....—..—..

157 2885 172 2934 1
193 2879 284 2934 elatae
302 2884 337 2934 lt.
363 2879 447 2935 datae
464 2897 504 2935 rc.
530 2883 534 2950 Ι
560 2881 652 2952 egyris
670 2879 735 2934 ndi.
764 2879 848 2950 egiris
866 2883 920 2948 lta.
945 2880 950 2948 Ι
975 2877 1057 2934 editis
1075 2895 1100 2932 0.

84 2953 120 3007 -11
138 2957 173 3006 tr.
202 2953 258 3006 -tus
276 2968 299 3005 r.
378 2950 458 3006 2his
475 2957 510 3006 Ι.
539 2953 622 3008 estu.
651 2952 691 3020 eis
709 2968 734 3007 0.
758 2952 762 3020 Ι
784 2953 912 3005 011110.
941 2951 1030 3005 eutr.

84 3032 101 3080 3
125 3024 189 3080 diat.
207 3023 281 3078 Detl.
307 3023 312 3092 l
336 3021 480 3078 universas
503 3023 581 3079 alvos
602 3024 767 3094 Mancinus
789 3023 851 3079 udo.
871 3022 931 3078 crit.
950 3024 1025 3091 Hp.
1036 3025 1102 3078 525.

85 3113 130 3150 -sa
149 3094 242 3149 saluos
260 3099 296 3150 1.
325 3111 368 3150 -se
387 3093 467 3150 aluos
484 3111 529 3150 re.
609 3101 632 3150 -6
651 3093 886 3150 ac-foneantur
903 3097 981 3148 lide.
1009 3109 1060 3148 oct.
1078 3109 1102 3147 r.

86 3169 89 3239 l
116 3165 214 3236 tepido
237 3167 305 3222 cord.
327 3167 454 3222 Menan.
490 3165 587 3236 lapido
610 3171 646 3221 11.
682 3165 801 3221 totidem
826 3165 921 3236 tepide
944 3165 1001 3220 cod.
1021 3163 1102 3232 ottffi

83 3240 147 3294 1010
166 3236 211 3292 die
229 3255 254 3294 a.
364 3243 398 3292 10
421 3237 586 3294 scarabaeos
604 3242 661 3292 Io.
694 3255 785 3292 -orum
802 3254 826 3293 r.
930 3242 963 3290 11
988 3252 1022 3290 ex
1040 3235 1103 3290 aliis

85 3311 280 3364 -cemuntnr
293 3315 389 3366 00111.
418 3326 453 3365 ex
466 3309 614 3364 eliis-12
632 3308 736 3364 infetu
749 3310 852 3364 00111.
925 3314 959 3364 lo
974 3323 1054 3362 cerae
1068 3311 1105 3361 Π.

85 3399 130 3437 -ra
143 3379 261 3437 rHard.
284 3382 288 3450 Ι
311 3381 502 3454 altedBca
529 3397 579 3436 oro.
594 3397 617 3436 r.
640 3383 645 3450 l
673 3379 795 3436 corticea
813 3381 926 3436 affara.
953 3381 958 3450 Ι
986 3395 1104 3434 araneus

84 3453 186 3510 effatus
203 3458 235 3508 lt.
264 3454 294 3508 et
311 3469 447 3509 araneosa
465 3452 538 3508 fetus
557 3451 671 3508 dHurd.
744 3457 777 3506 1v
796 3453 829 3522 nt
846 3451 973 3507 barbaris
987 3455 1021 3504 11.
1046 3468 1104 3504 -cus

84 3525 221 3584 01010011.
247 3525 276 3580 et
289 3542 348 3580 rna
366 3524 473 3580 rBarb.
493 3526 522 3580 et
533 3521 713 3580 varins'Detl.
742 3527 858 3580 actuum
875 3522 1022 3592 01010101.
1036 3523 1062 3577 h.
1078 3539 1105 3578 a.

90 3602 119 3652 V
121 3601 161 3655 23
171 3613 202 3668 p.
213 3599 269 3653 555
275 3595 312 3664 A,
322 3601 347 3652 1.
412 3601 445 3652 18
459 3612 525 3652 uere
539 3601 574 3652 Η.
598 3612 684 3652 uerno
698 3612 742 3652 ro.
807 3599 840 3660 25
855 3596 1055 3666 amputatoque
1068 3599 1105 3650 1.

85 3672 128 3730 ,10
146 3685 191 3726 ro.
264 3675 299 3726 16
318 3669 468 3726 crabrones
487 3674 511 3722 B
524 3685 538 3726 e
552 3683 622 3726 corr.

139 3761 208 3803 Μ.
221 3769 278 3804 aar.
292 3769 356 3806 mar.
383 3761 417 3808 11.
588 3793 591 3799 -
765 3828 766 3832 Ἰ
910 3763 942 3812 15
