<?xml version="1.0" encoding="UTF-8"?>
<!DOCTYPE html PUBLIC "-//W3C//DTD XHTML 1.0 Transitional//EN"
    "http://www.w3.org/TR/xhtml1/DTD/xhtml1-transitional.dtd">
<html xmlns="http://www.w3.org/1999/xhtml" xml:lang="en" lang="en">
 <head>
  <title>
</title>
<meta http-equiv="Content-Type" content="text/html;charset=utf-8" />
  <meta name='ocr-system' content='tesseract 3.04.00' />
  <meta name='ocr-capabilities' content='ocr_page ocr_carea ocr_par ocr_line ocrx_word'/>
</head>
<body>
  <div class='ocr_page' id='page_1' title='image "./naturalishistor02plingoog_0703.png"; bbox 0 0 2396 3940; ppageno 0'>
   <div class='ocr_carea' id='block_1_1' title="bbox 252 147 1012 219">
    <p class='ocr_par' dir='ltr' id='par_1_1' title="bbox 252 147 1012 219">
     <span class='ocr_line' id='line_1_1' title="bbox 252 147 1012 219; baseline 0.014 -15"><span class='ocrx_word' id='word_1_1' title='bbox 252 149 533 205; x_wconf 73' lang='grc'>5555155551</span> <span class='ocrx_word' id='word_1_2' title='bbox 553 155 623 205; x_wconf 80' lang='lat' dir='ltr'><strong>4-a</strong></span> <span class='ocrx_word' id='word_1_3' title='bbox 643 152 751 219; x_wconf 80' lang='lat' dir='ltr'><strong>&lt;e-1a)</strong></span> <span class='ocrx_word' id='word_1_4' title='bbox 946 147 1012 214; x_wconf 84' lang='grc'><strong>325</strong></span> 
     </span>
    </p>
   </div>
   <div class='ocr_carea' id='block_1_2' title="bbox 7 298 1069 2710">
    <p class='ocr_par' dir='ltr' id='par_1_2' title="bbox 8 298 1066 1367">
     <span class='ocr_line' id='line_1_2' title="bbox 9 298 1013 382; baseline 0.002 -22"><span class='ocrx_word' id='word_1_5' title='bbox 9 321 70 362; x_wconf 85' lang='lat' dir='ltr'><strong>rem.</strong></span> <span class='ocrx_word' id='word_1_6' title='bbox 107 299 164 360; x_wconf 92' lang='lat' dir='ltr'><strong>duo</strong></span> <span class='ocrx_word' id='word_1_7' title='bbox 188 303 254 361; x_wconf 87' lang='lat' dir='ltr'><strong>eius</strong></span> <span class='ocrx_word' id='word_1_8' title='bbox 273 319 391 382; x_wconf 92' lang='lat' dir='ltr'><strong>genera,</strong></span> <span class='ocrx_word' id='word_1_9' title='bbox 414 298 504 380; x_wconf 92' lang='lat' dir='ltr'><strong>Lycia</strong></span> <span class='ocrx_word' id='word_1_10' title='bbox 528 307 558 360; x_wconf 89' lang='lat' dir='ltr'><strong>et</strong></span> <span class='ocrx_word' id='word_1_11' title='bbox 576 299 745 380; x_wconf 86' lang='lat' dir='ltr'><strong>Phoenicia,</strong></span> <span class='ocrx_word' id='word_1_12' title='bbox 769 301 912 361; x_wconf 89' lang='lat' dir='ltr'><strong>dillerunt</strong></span> <span class='ocrx_word' id='word_1_13' title='bbox 934 301 1013 362; x_wconf 87' lang='lat' dir='ltr'><strong>lolio.</strong></span> 
     </span>
     <span class='ocr_line' id='line_1_3' title="bbox 9 389 1013 470; baseline 0 -20"><span class='ocrx_word' id='word_1_14' title='bbox 9 409 65 450; x_wconf 85' lang='lat' dir='ltr'><strong>nam</strong></span> <span class='ocrx_word' id='word_1_15' title='bbox 89 409 162 470; x_wconf 89' lang='lat' dir='ltr'><strong>quae</strong></span> <span class='ocrx_word' id='word_1_16' title='bbox 185 390 309 470; x_wconf 88' lang='lat' dir='ltr'><strong>durum,</strong></span> <span class='ocrx_word' id='word_1_17' title='bbox 332 398 466 470; x_wconf 88' lang='lat' dir='ltr'><strong>acutum,</strong></span> <span class='ocrx_word' id='word_1_18' title='bbox 490 392 642 469; x_wconf 88' lang='lat' dir='ltr'><strong>spinosum</strong></span> <span class='ocrx_word' id='word_1_19' title='bbox 667 389 756 450; x_wconf 87' lang='lat' dir='ltr'><strong>lrahet</strong></span> <span class='ocrx_word' id='word_1_20' title='bbox 778 391 941 469; x_wconf 76' lang='lat' dir='ltr'><strong>oxycedros</strong></span> <span class='ocrx_word' id='word_1_21' title='bbox 964 409 1013 451; x_wconf 85' lang='lat' dir='ltr'><strong>ro·</strong></span> 
     </span>
     <span class='ocr_line' id='line_1_4' title="bbox 9 479 1013 561; baseline 0.001 -21"><span class='ocrx_word' id='word_1_22' title='bbox 9 491 98 561; x_wconf 67' lang='lat' dir='ltr'><strong>tatur,</strong></span> <span class='ocrx_word' id='word_1_23' title='bbox 132 499 249 540; x_wconf 89' lang='lat' dir='ltr'><strong>ramosa</strong></span> <span class='ocrx_word' id='word_1_24' title='bbox 281 488 311 541; x_wconf 95' lang='lat' dir='ltr'><strong>et</strong></span> <span class='ocrx_word' id='word_1_25' title='bbox 343 480 429 540; x_wconf 94' lang='lat' dir='ltr'><strong>nodis</strong></span> <span class='ocrx_word' id='word_1_26' title='bbox 461 481 568 540; x_wconf 84' lang='lat' dir='ltr'><strong>infesta</strong></span> <span class='ocrx_word' id='word_1_27' title='bbox 601 479 692 540; x_wconf 92' lang='lat' dir='ltr'><strong>altera</strong></span> <span class='ocrx_word' id='word_1_28' title='bbox 724 479 815 540; x_wconf 90' lang='lat' dir='ltr'><strong>odore</strong></span> <span class='ocrx_word' id='word_1_29' title='bbox 851 487 1013 559; x_wconf 83' lang='lat' dir='ltr'><strong>praestans</strong></span> 
     </span>
     <span class='ocr_line' id='line_1_5' title="bbox 9 569 1066 650; baseline -0.002 -22"><span class='ocrx_word' id='word_1_30' title='bbox 9 573 128 631; x_wconf 76' lang='lat' dir='ltr'><strong>iactum</strong></span> <span class='ocrx_word' id='word_1_31' title='bbox 160 571 262 630; x_wconf 89' lang='lat' dir='ltr'><strong>lerunt</strong></span> <span class='ocrx_word' id='word_1_32' title='bbox 294 573 383 650; x_wconf 84' lang='lat' dir='ltr'><strong>myrti</strong></span> <span class='ocrx_word' id='word_1_33' title='bbox 415 569 631 650; x_wconf 80' lang='lat' dir='ltr'>magnitudine,</span> <span class='ocrx_word' id='word_1_34' title='bbox 664 569 781 630; x_wconf 83' lang='lat' dir='ltr'>dulcem</span> <span class='ocrx_word' id='word_1_35' title='bbox 814 587 928 648; x_wconf 91' lang='lat' dir='ltr'><strong>sapore.</strong></span> <span class='ocrx_word' id='word_1_36' title='bbox 984 577 1066 630; x_wconf 83' lang='grc'>5553</span> 
     </span>
     <span class='ocr_line' id='line_1_6' title="bbox 9 658 1014 741; baseline 0.001 -22"><span class='ocrx_word' id='word_1_37' title='bbox 9 661 119 720; x_wconf 88' lang='lat' dir='ltr'><strong>maioris</strong></span> <span class='ocrx_word' id='word_1_38' title='bbox 142 660 225 720; x_wconf 85' lang='lat' dir='ltr'><strong>cedri</strong></span> <span class='ocrx_word' id='word_1_39' title='bbox 248 660 307 720; x_wconf 92' lang='lat' dir='ltr'><strong>duo</strong></span> <span class='ocrx_word' id='word_1_40' title='bbox 330 677 449 739; x_wconf 86' lang='lat' dir='ltr'><strong>genera.</strong></span> <span class='ocrx_word' id='word_1_41' title='bbox 495 677 571 738; x_wconf 90' lang='lat' dir='ltr'><strong>quae</strong></span> <span class='ocrx_word' id='word_1_42' title='bbox 594 658 682 719; x_wconf 86' lang='lat' dir='ltr'><strong>lloret</strong></span> <span class='ocrx_word' id='word_1_43' title='bbox 705 660 836 720; x_wconf 82' lang='lat' dir='ltr'><strong>fructum</strong></span> <span class='ocrx_word' id='word_1_44' title='bbox 859 677 919 720; x_wconf 91' lang='lat' dir='ltr'><strong>non</strong></span> <span class='ocrx_word' id='word_1_45' title='bbox 947 660 1014 741; x_wconf 90' lang='lat' dir='ltr'><strong>lert,</strong></span> 
     </span>
     <span class='ocr_line' id='line_1_7' title="bbox 9 748 1014 831; baseline -0.001 -21"><span class='ocrx_word' id='word_1_46' title='bbox 9 751 150 810; x_wconf 85' lang='lat' dir='ltr'><strong>&#39;ructilera</strong></span> <span class='ocrx_word' id='word_1_47' title='bbox 173 769 234 810; x_wconf 93' lang='lat' dir='ltr'><strong>non</strong></span> <span class='ocrx_word' id='word_1_48' title='bbox 256 749 357 831; x_wconf 89' lang='lat' dir='ltr'><strong>lloret,</strong></span> <span class='ocrx_word' id='word_1_49' title='bbox 385 751 468 810; x_wconf 93' lang='lat' dir='ltr'><strong>etin</strong></span> <span class='ocrx_word' id='word_1_50' title='bbox 492 767 526 809; x_wconf 93' lang='lat' dir='ltr'><strong>ea</strong></span> <span class='ocrx_word' id='word_1_51' title='bbox 554 748 778 809; x_wconf 80' lang='lat' dir='ltr'><strong>antecedentem</strong></span> <span class='ocrx_word' id='word_1_52' title='bbox 806 749 937 810; x_wconf 81' lang='lat' dir='ltr'><strong>fructum</strong></span> <span class='ocrx_word' id='word_1_53' title='bbox 966 767 1014 809; x_wconf 91' lang='lat' dir='ltr'><strong>oc·</strong></span> 
     </span>
     <span class='ocr_line' id='line_1_8' title="bbox 9 837 1014 920; baseline 0.001 -22"><span class='ocrx_word' id='word_1_54' title='bbox 9 848 86 920; x_wconf 72' lang='lat' dir='ltr'><strong>rupat</strong></span> <span class='ocrx_word' id='word_1_55' title='bbox 108 858 210 900; x_wconf 88' lang='lat' dir='ltr'><strong>novus.</strong></span> <span class='ocrx_word' id='word_1_56' title='bbox 249 858 350 899; x_wconf 89' lang='lat' dir='ltr'><strong>semen</strong></span> <span class='ocrx_word' id='word_1_57' title='bbox 375 841 439 900; x_wconf 90' lang='lat' dir='ltr'><strong>eius</strong></span> <span class='ocrx_word' id='word_1_58' title='bbox 463 855 606 918; x_wconf 83' lang='lat' dir='ltr'><strong>cupresso</strong></span> <span class='ocrx_word' id='word_1_59' title='bbox 630 837 733 899; x_wconf 93' lang='lat' dir='ltr'><strong>simile.</strong></span> <span class='ocrx_word' id='word_1_60' title='bbox 771 838 890 918; x_wconf 86' lang='lat' dir='ltr'><strong>quidam</strong></span> <span class='ocrx_word' id='word_1_61' title='bbox 913 838 1014 900; x_wconf 90' lang='lat' dir='ltr'><strong>cedre·</strong></span> 
     </span>
     <span class='ocr_line' id='line_1_9' title="bbox 10 927 1014 990; baseline 0 -2"><span class='ocrx_word' id='word_1_62' title='bbox 10 939 75 989; x_wconf 85' lang='lat' dir='ltr'><strong>olen</strong></span> <span class='ocrx_word' id='word_1_63' title='bbox 100 938 212 989; x_wconf 86' lang='lat' dir='ltr'><strong>vocant.</strong></span> <span class='ocrx_word' id='word_1_64' title='bbox 260 947 296 988; x_wconf 84' lang='lat' dir='ltr'><strong>ex</strong></span> <span class='ocrx_word' id='word_1_65' title='bbox 319 929 374 988; x_wconf 93' lang='lat' dir='ltr'><strong>hac</strong></span> <span class='ocrx_word' id='word_1_66' title='bbox 397 930 497 988; x_wconf 91' lang='lat' dir='ltr'><strong>resina</strong></span> <span class='ocrx_word' id='word_1_67' title='bbox 519 927 728 989; x_wconf 91' lang='lat' dir='ltr'><strong>laudatissima.</strong></span> <span class='ocrx_word' id='word_1_68' title='bbox 775 931 916 989; x_wconf 89' lang='lat' dir='ltr'><strong>materiae</strong></span> <span class='ocrx_word' id='word_1_69' title='bbox 943 946 1014 990; x_wconf 90' lang='lat' dir='ltr'><strong>vero</strong></span> 
     </span>
     <span class='ocr_line' id='line_1_10' title="bbox 9 1015 1014 1099; baseline 0.001 -21"><span class='ocrx_word' id='word_1_70' title='bbox 9 1023 53 1098; x_wconf 94' lang='lat' dir='ltr'><strong>psi</strong></span> <span class='ocrx_word' id='word_1_71' title='bbox 82 1021 255 1099; x_wconf 78' lang='lat' dir='ltr'><strong>aeternitas,</strong></span> <span class='ocrx_word' id='word_1_72' title='bbox 281 1020 381 1098; x_wconf 90' lang='lat' dir='ltr'><strong>itaque</strong></span> <span class='ocrx_word' id='word_1_73' title='bbox 410 1027 439 1078; x_wconf 91' lang='lat' dir='ltr'><strong>et</strong></span> <span class='ocrx_word' id='word_1_74' title='bbox 468 1015 625 1078; x_wconf 89' lang='lat' dir='ltr'><strong>simulacra</strong></span> <span class='ocrx_word' id='word_1_75' title='bbox 653 1017 778 1078; x_wconf 91' lang='lat' dir='ltr'><strong>deorum</strong></span> <span class='ocrx_word' id='word_1_76' title='bbox 806 1036 842 1078; x_wconf 88' lang='lat' dir='ltr'><strong>ex</strong></span> <span class='ocrx_word' id='word_1_77' title='bbox 870 1036 904 1078; x_wconf 91' lang='lat' dir='ltr'><strong>ea</strong></span> <span class='ocrx_word' id='word_1_78' title='bbox 932 1018 1014 1079; x_wconf 90' lang='lat' dir='ltr'><strong>lacti·</strong></span> 
     </span>
     <span class='ocr_line' id='line_1_11' title="bbox 8 1106 1015 1185; baseline 0.001 -18"><span class='ocrx_word' id='word_1_79' title='bbox 8 1116 143 1168; x_wconf 49' lang='lat' dir='ltr'><strong>¹averunt.</strong></span> <span class='ocrx_word' id='word_1_80' title='bbox 184 1108 324 1168; x_wconf 90' lang='lat' dir='ltr'><strong>cedrinus</strong></span> <span class='ocrx_word' id='word_1_81' title='bbox 351 1115 398 1168; x_wconf 89' lang='lat' dir='ltr'><strong>est</strong></span> <span class='ocrx_word' id='word_1_82' title='bbox 416 1107 526 1168; x_wconf 89' lang='lat' dir='ltr'><strong>Rornae</strong></span> <span class='ocrx_word' id='word_1_83' title='bbox 551 1109 582 1166; x_wconf 95' lang='lat' dir='ltr'><strong>in</strong></span> <span class='ocrx_word' id='word_1_84' title='bbox 606 1106 730 1166; x_wconf 90' lang='lat' dir='ltr'><strong>delubro</strong></span> <span class='ocrx_word' id='word_1_85' title='bbox 749 1106 852 1185; x_wconf 79' lang='lat' dir='ltr'><strong>Apollo</strong></span> <span class='ocrx_word' id='word_1_86' title='bbox 873 1107 1015 1168; x_wconf 87' lang='lat' dir='ltr'><strong>Sosianus</strong></span> 
     </span>
     <span class='ocr_line' id='line_1_12' title="bbox 8 1195 1015 1277; baseline -0.002 -19"><span class='ocrx_word' id='word_1_87' title='bbox 8 1199 133 1258; x_wconf 80' lang='lat' dir='ltr'><strong>leleucia</strong></span> <span class='ocrx_word' id='word_1_88' title='bbox 156 1197 304 1258; x_wconf 85' lang='lat' dir='ltr'><strong>advectus</strong></span> <span class='ocrx_word' id='word_1_89' title='bbox 342 1197 432 1258; x_wconf 88' lang='lat' dir='ltr'><strong>cedro</strong></span> <span class='ocrx_word' id='word_1_90' title='bbox 456 1196 561 1257; x_wconf 91' lang='lat' dir='ltr'><strong>similis</strong></span> <span class='ocrx_word' id='word_1_91' title='bbox 585 1198 616 1256; x_wconf 93' lang='lat' dir='ltr'><strong>in</strong></span> <span class='ocrx_word' id='word_1_92' title='bbox 639 1196 763 1256; x_wconf 80' lang='lat' dir='ltr'><strong>Arcadia</strong></span> <span class='ocrx_word' id='word_1_93' title='bbox 787 1204 834 1256; x_wconf 91' lang='lat' dir='ltr'><strong>est</strong></span> <span class='ocrx_word' id='word_1_94' title='bbox 857 1195 960 1277; x_wconf 88' lang='lat' dir='ltr'><strong>arbor,</strong></span> <span class='ocrx_word' id='word_1_95' title='bbox 983 1198 1015 1256; x_wconf 93' lang='lat' dir='ltr'><strong>in</strong></span> 
     </span>
     <span class='ocr_line' id='line_1_13' title="bbox 8 1286 522 1367; baseline 0.002 -21"><span class='ocrx_word' id='word_1_96' title='bbox 8 1288 123 1367; x_wconf 64' lang='lat' dir='ltr'><strong>lhrygia</strong></span> <span class='ocrx_word' id='word_1_97' title='bbox 147 1288 247 1348; x_wconf 85' lang='lat' dir='ltr'><strong>frutex</strong></span> <span class='ocrx_word' id='word_1_98' title='bbox 270 1296 393 1347; x_wconf 89' lang='lat' dir='ltr'><strong>vocatur</strong></span> <span class='ocrx_word' id='word_1_99' title='bbox 416 1286 522 1347; x_wconf 84' lang='lat' dir='ltr'><strong>cedris</strong></span> 
     </span>
    </p>

    <p class='ocr_par' dir='ltr' id='par_1_3' title="bbox 7 1371 1067 2262">
     <span class='ocr_line' id='line_1_14' title="bbox 63 1371 1067 1459; baseline -0.007 -22"><span class='ocrx_word' id='word_1_100' title='bbox 63 1373 99 1438; x_wconf 81' lang='lat'><strong>6.</strong></span> <span class='ocrx_word' id='word_1_101' title='bbox 124 1371 198 1459; x_wconf 74' lang='lat'>(12)</span> <span class='ocrx_word' id='word_1_102' title='bbox 224 1375 308 1456; x_wconf 91' lang='lat' dir='ltr'><strong>Syria</strong></span> <span class='ocrx_word' id='word_1_103' title='bbox 332 1385 362 1436; x_wconf 90' lang='lat' dir='ltr'><strong>et</strong></span> <span class='ocrx_word' id='word_1_104' title='bbox 385 1375 588 1437; x_wconf 89' lang='lat' dir='ltr'><strong>terebinthum</strong></span> <span class='ocrx_word' id='word_1_105' title='bbox 611 1374 708 1436; x_wconf 89' lang='lat' dir='ltr'><strong>habet.</strong></span> <span class='ocrx_word' id='word_1_106' title='bbox 754 1394 790 1435; x_wconf 81' lang='lat' dir='ltr'><strong>eu</strong></span> <span class='ocrx_word' id='word_1_107' title='bbox 817 1377 855 1436; x_wconf 92' lang='lat' dir='ltr'><strong>iis</strong></span> <span class='ocrx_word' id='word_1_108' title='bbox 883 1376 1013 1436; x_wconf 90' lang='lat' dir='ltr'><strong>mascula</strong></span> <span class='ocrx_word' id='word_1_109' title='bbox 1032 1383 1067 1431; x_wconf 81' lang='grc'><strong>54</strong></span> 
     </span>
     <span class='ocr_line' id='line_1_15' title="bbox 8 1464 1014 1547; baseline -0.002 -21"><span class='ocrx_word' id='word_1_110' title='bbox 8 1475 41 1526; x_wconf 66' lang='lat' dir='ltr'><strong>ast</strong></span> <span class='ocrx_word' id='word_1_111' title='bbox 69 1469 134 1527; x_wconf 92' lang='lat' dir='ltr'><strong>sine</strong></span> <span class='ocrx_word' id='word_1_112' title='bbox 164 1467 278 1547; x_wconf 83' lang='lat' dir='ltr'><strong>fructu,</strong></span> <span class='ocrx_word' id='word_1_113' title='bbox 311 1466 488 1526; x_wconf 71' lang='lat' dir='ltr'><strong>sentinarum</strong></span> <span class='ocrx_word' id='word_1_114' title='bbox 521 1466 579 1526; x_wconf 93' lang='lat' dir='ltr'><strong>duo</strong></span> <span class='ocrx_word' id='word_1_115' title='bbox 610 1483 728 1544; x_wconf 89' lang='lat' dir='ltr'><strong>genera.</strong></span> <span class='ocrx_word' id='word_1_116' title='bbox 780 1464 866 1525; x_wconf 86' lang='lat' dir='ltr'><strong>alteri</strong></span> <span class='ocrx_word' id='word_1_117' title='bbox 898 1465 1014 1526; x_wconf 89' lang='lat' dir='ltr'><strong>lructus</strong></span> 
     </span>
     <span class='ocr_line' id='line_1_16' title="bbox 8 1554 1014 1638; baseline -0.002 -22"><span class='ocrx_word' id='word_1_118' title='bbox 8 1556 87 1618; x_wconf 74' lang='lat' dir='ltr'><strong>&#39;ribei</strong></span> <span class='ocrx_word' id='word_1_119' title='bbox 108 1556 197 1616; x_wconf 89' lang='lat' dir='ltr'><strong>lentis</strong></span> <span class='ocrx_word' id='word_1_120' title='bbox 225 1555 442 1638; x_wconf 74' lang='lat' dir='ltr'><strong>magnitudine,</strong></span> <span class='ocrx_word' id='word_1_121' title='bbox 470 1555 555 1615; x_wconf 88' lang='lat' dir='ltr'><strong>alteri</strong></span> <span class='ocrx_word' id='word_1_122' title='bbox 582 1554 709 1634; x_wconf 91' lang='lat' dir='ltr'><strong>pallidus</strong></span> <span class='ocrx_word' id='word_1_123' title='bbox 738 1573 806 1614; x_wconf 90' lang='lat' dir='ltr'><strong>cum</strong></span> <span class='ocrx_word' id='word_1_124' title='bbox 834 1555 893 1614; x_wconf 84' lang='lat' dir='ltr'><strong>vile</strong></span> <span class='ocrx_word' id='word_1_125' title='bbox 920 1561 1014 1615; x_wconf 90' lang='lat' dir='ltr'><strong>matu-</strong></span> 
     </span>
     <span class='ocr_line' id='line_1_17' title="bbox 8 1644 1014 1728; baseline -0.003 -22"><span class='ocrx_word' id='word_1_126' title='bbox 8 1648 96 1728; x_wconf 70' lang='grc'>55515,</span> <span class='ocrx_word' id='word_1_127' title='bbox 119 1664 180 1706; x_wconf 88' lang='grc'><strong>555</strong></span> <span class='ocrx_word' id='word_1_128' title='bbox 199 1646 339 1724; x_wconf 83' lang='lat' dir='ltr'><strong>grandior</strong></span> <span class='ocrx_word' id='word_1_129' title='bbox 362 1644 437 1725; x_wconf 88' lang='lat' dir='ltr'><strong>laba,</strong></span> <span class='ocrx_word' id='word_1_130' title='bbox 460 1645 552 1704; x_wconf 92' lang='lat' dir='ltr'><strong>odore</strong></span> <span class='ocrx_word' id='word_1_131' title='bbox 570 1644 729 1725; x_wconf 90' lang='lat' dir='ltr'><strong>iucundus,</strong></span> <span class='ocrx_word' id='word_1_132' title='bbox 752 1651 834 1704; x_wconf 91' lang='lat' dir='ltr'><strong>tactu</strong></span> <span class='ocrx_word' id='word_1_133' title='bbox 853 1645 1014 1704; x_wconf 91' lang='lat' dir='ltr'><strong>resinosus.</strong></span> 
     </span>
     <span class='ocr_line' id='line_1_18' title="bbox 8 1732 1015 1812; baseline -0.003 -17"><span class='ocrx_word' id='word_1_134' title='bbox 8 1739 74 1796; x_wconf 64' lang='lat' dir='ltr'><strong>eirca</strong></span> <span class='ocrx_word' id='word_1_135' title='bbox 105 1735 178 1812; x_wconf 86' lang='lat' dir='ltr'><strong>iden</strong></span> <span class='ocrx_word' id='word_1_136' title='bbox 209 1735 334 1796; x_wconf 85' lang='lat' dir='ltr'><strong>Troadis</strong></span> <span class='ocrx_word' id='word_1_137' title='bbox 367 1742 397 1795; x_wconf 92' lang='lat' dir='ltr'><strong>et</strong></span> <span class='ocrx_word' id='word_1_138' title='bbox 426 1736 457 1794; x_wconf 92' lang='lat' dir='ltr'><strong>in</strong></span> <span class='ocrx_word' id='word_1_139' title='bbox 487 1733 658 1794; x_wconf 88' lang='lat' dir='ltr'><strong>Macedonia</strong></span> <span class='ocrx_word' id='word_1_140' title='bbox 690 1733 789 1794; x_wconf 86' lang='lat' dir='ltr'><strong>brevis</strong></span> <span class='ocrx_word' id='word_1_141' title='bbox 821 1732 910 1793; x_wconf 89' lang='lat' dir='ltr'><strong>arbor</strong></span> <span class='ocrx_word' id='word_1_142' title='bbox 942 1733 1015 1792; x_wconf 91' lang='lat' dir='ltr'><strong>haec</strong></span> 
     </span>
     <span class='ocr_line' id='line_1_19' title="bbox 7 1823 1015 1906; baseline -0.002 -22"><span class='ocrx_word' id='word_1_143' title='bbox 7 1835 84 1906; x_wconf 85' lang='lat' dir='ltr'><strong>nque</strong></span> <span class='ocrx_word' id='word_1_144' title='bbox 109 1827 266 1906; x_wconf 83' lang='lat' dir='ltr'><strong>fruticosa,</strong></span> <span class='ocrx_word' id='word_1_145' title='bbox 295 1827 326 1885; x_wconf 93' lang='lat' dir='ltr'><strong>in</strong></span> <span class='ocrx_word' id='word_1_146' title='bbox 354 1824 497 1884; x_wconf 90' lang='lat' dir='ltr'><strong>Damasco</strong></span> <span class='ocrx_word' id='word_1_147' title='bbox 527 1823 629 1902; x_wconf 82' lang='lat' dir='ltr'><strong>Syriae</strong></span> <span class='ocrx_word' id='word_1_148' title='bbox 660 1841 772 1902; x_wconf 91' lang='lat' dir='ltr'><strong>magna.</strong></span> <span class='ocrx_word' id='word_1_149' title='bbox 818 1823 957 1882; x_wconf 88' lang='lat' dir='ltr'><strong>materies</strong></span> <span class='ocrx_word' id='word_1_150' title='bbox 988 1825 1015 1882; x_wconf 94' lang='lat' dir='ltr'><strong>ei</strong></span> 
     </span>
     <span class='ocr_line' id='line_1_20' title="bbox 7 1909 1016 1992; baseline -0.004 -18"><span class='ocrx_word' id='word_1_151' title='bbox 7 1915 156 1975; x_wconf 81' lang='lat' dir='ltr'><strong>rdrnodum</strong></span> <span class='ocrx_word' id='word_1_152' title='bbox 178 1913 258 1975; x_wconf 92' lang='lat' dir='ltr'><strong>lenta</strong></span> <span class='ocrx_word' id='word_1_153' title='bbox 281 1933 315 1974; x_wconf 91' lang='lat' dir='ltr'><strong>ac</strong></span> <span class='ocrx_word' id='word_1_154' title='bbox 338 1913 433 1974; x_wconf 84' lang='lat' dir='ltr'><strong>fidelis</strong></span> <span class='ocrx_word' id='word_1_155' title='bbox 457 1913 492 1972; x_wconf 93' lang='lat' dir='ltr'><strong>ad</strong></span> <span class='ocrx_word' id='word_1_156' title='bbox 517 1919 706 1992; x_wconf 87' lang='lat' dir='ltr'><strong>vetustatem,</strong></span> <span class='ocrx_word' id='word_1_157' title='bbox 735 1913 812 1990; x_wconf 85' lang='lat' dir='ltr'><strong>nigri</strong></span> <span class='ocrx_word' id='word_1_158' title='bbox 840 1909 1016 1992; x_wconf 75' lang='lat' dir='ltr'><strong>splendonio,</strong></span> 
     </span>
     <span class='ocr_line' id='line_1_21' title="bbox 7 2000 1017 2082; baseline -0.003 -18"><span class='ocrx_word' id='word_1_159' title='bbox 7 2007 49 2064; x_wconf 92' lang='lat' dir='ltr'><strong>los</strong></span> <span class='ocrx_word' id='word_1_160' title='bbox 74 2021 248 2064; x_wconf 90' lang='lat' dir='ltr'><strong>racemosus</strong></span> <span class='ocrx_word' id='word_1_161' title='bbox 271 2003 364 2063; x_wconf 90' lang='lat' dir='ltr'><strong>olivae</strong></span> <span class='ocrx_word' id='word_1_162' title='bbox 388 2003 485 2082; x_wconf 92' lang='lat' dir='ltr'><strong>modo,</strong></span> <span class='ocrx_word' id='word_1_163' title='bbox 509 2001 562 2061; x_wconf 91' lang='lat' dir='ltr'><strong>sed</strong></span> <span class='ocrx_word' id='word_1_164' title='bbox 585 2001 706 2081; x_wconf 82' lang='lat' dir='ltr'><strong>cubem,</strong></span> <span class='ocrx_word' id='word_1_165' title='bbox 730 2000 798 2060; x_wconf 90' lang='lat' dir='ltr'><strong>lolia</strong></span> <span class='ocrx_word' id='word_1_166' title='bbox 822 2000 921 2060; x_wconf 93' lang='lat' dir='ltr'><strong>densa.</strong></span> <span class='ocrx_word' id='word_1_167' title='bbox 958 2001 1017 2061; x_wconf 86' lang='lat' dir='ltr'><strong>lert</strong></span> 
     </span>
     <span class='ocr_line' id='line_1_22' title="bbox 7 2089 1016 2171; baseline -0.001 -19"><span class='ocrx_word' id='word_1_168' title='bbox 7 2103 25 2154; x_wconf 63' lang='lat' dir='ltr'><strong>rt</strong></span> <span class='ocrx_word' id='word_1_169' title='bbox 48 2093 199 2154; x_wconf 85' lang='lat' dir='ltr'><strong>folliculos</strong></span> <span class='ocrx_word' id='word_1_170' title='bbox 219 2095 389 2154; x_wconf 87' lang='lat' dir='ltr'><strong>emittentes</strong></span> <span class='ocrx_word' id='word_1_171' title='bbox 413 2091 557 2171; x_wconf 90' lang='lat' dir='ltr'><strong>quaedam</strong></span> <span class='ocrx_word' id='word_1_172' title='bbox 581 2089 716 2151; x_wconf 90' lang='lat' dir='ltr'><strong>animalia</strong></span> <span class='ocrx_word' id='word_1_173' title='bbox 739 2109 795 2150; x_wconf 91' lang='lat' dir='ltr'><strong>ceu</strong></span> <span class='ocrx_word' id='word_1_174' title='bbox 819 2090 931 2150; x_wconf 90' lang='lat' dir='ltr'><strong>culices</strong></span> <span class='ocrx_word' id='word_1_175' title='bbox 954 2090 1016 2151; x_wconf 91' lang='lat' dir='ltr'><strong>len·</strong></span> 
     </span>
     <span class='ocr_line' id='line_1_23' title="bbox 8 2181 833 2262; baseline -0.002 -20"><span class='ocrx_word' id='word_1_176' title='bbox 8 2201 154 2262; x_wconf 83' lang='lat' dir='ltr'><strong>oramque</strong></span> <span class='ocrx_word' id='word_1_177' title='bbox 178 2185 347 2243; x_wconf 92' lang='lat' dir='ltr'><strong>resinosum</strong></span> <span class='ocrx_word' id='word_1_178' title='bbox 371 2184 422 2261; x_wconf 92' lang='lat' dir='ltr'><strong>qui</strong></span> <span class='ocrx_word' id='word_1_179' title='bbox 445 2181 476 2242; x_wconf 81' lang='lat' dir='ltr'><strong>et&#39;</strong></span> <span class='ocrx_word' id='word_1_180' title='bbox 499 2200 535 2241; x_wconf 85' lang='lat' dir='ltr'><strong>ex</strong></span> <span class='ocrx_word' id='word_1_181' title='bbox 559 2182 671 2241; x_wconf 89' lang='lat' dir='ltr'><strong>cortice</strong></span> <span class='ocrx_word' id='word_1_182' title='bbox 695 2181 833 2259; x_wconf 91' lang='lat' dir='ltr'><strong>erumpit.</strong></span> 
     </span>
    </p>

    <p class='ocr_par' dir='ltr' id='par_1_4' title="bbox 7 2265 1069 2710">
     <span class='ocr_line' id='line_1_24' title="bbox 63 2265 1069 2354; baseline -0.007 -22"><span class='ocrx_word' id='word_1_183' title='bbox 63 2265 140 2354; x_wconf 84' lang='lat'>(13)</span> <span class='ocrx_word' id='word_1_184' title='bbox 163 2271 202 2332; x_wconf 89' lang='lat' dir='ltr'><strong>Et</strong></span> <span class='ocrx_word' id='word_1_185' title='bbox 224 2271 298 2332; x_wconf 92' lang='lat' dir='ltr'><strong>rhus</strong></span> <span class='ocrx_word' id='word_1_186' title='bbox 320 2271 423 2351; x_wconf 88' lang='lat' dir='ltr'><strong>Syriae</strong></span> <span class='ocrx_word' id='word_1_187' title='bbox 447 2271 577 2331; x_wconf 92' lang='lat' dir='ltr'><strong>mascula</strong></span> <span class='ocrx_word' id='word_1_188' title='bbox 600 2271 659 2331; x_wconf 87' lang='lat' dir='ltr'><strong>lert</strong></span> <span class='ocrx_word' id='word_1_189' title='bbox 682 2269 776 2331; x_wconf 89' lang='lat' dir='ltr'><strong>sterili</strong></span> <span class='ocrx_word' id='word_1_190' title='bbox 799 2270 921 2349; x_wconf 75' lang='lat' dir='ltr'><strong>lentina,</strong></span> <span class='ocrx_word' id='word_1_191' title='bbox 945 2268 1069 2329; x_wconf 83' lang='grc'>1511555</span> 
     </span>
     <span class='ocr_line' id='line_1_25' title="bbox 7 2359 1016 2441; baseline -0.004 -19"><span class='ocrx_word' id='word_1_192' title='bbox 7 2361 67 2422; x_wconf 91' lang='lat' dir='ltr'><strong>dmi</strong></span> <span class='ocrx_word' id='word_1_193' title='bbox 92 2360 182 2441; x_wconf 92' lang='lat' dir='ltr'><strong>paulo</strong></span> <span class='ocrx_word' id='word_1_194' title='bbox 205 2360 338 2439; x_wconf 92' lang='lat' dir='ltr'><strong>longiore</strong></span> <span class='ocrx_word' id='word_1_195' title='bbox 368 2369 399 2421; x_wconf 88' lang='lat' dir='ltr'><strong>et</strong></span> <span class='ocrx_word' id='word_1_196' title='bbox 426 2360 535 2441; x_wconf 91' lang='lat' dir='ltr'><strong>piloso,</strong></span> <span class='ocrx_word' id='word_1_197' title='bbox 563 2359 703 2420; x_wconf 89' lang='lat' dir='ltr'><strong>loliorum</strong></span> <span class='ocrx_word' id='word_1_198' title='bbox 731 2377 850 2438; x_wconf 90' lang='lat' dir='ltr'><strong>semper</strong></span> <span class='ocrx_word' id='word_1_199' title='bbox 877 2360 956 2418; x_wconf 89' lang='lat' dir='ltr'><strong>inter</strong></span> <span class='ocrx_word' id='word_1_200' title='bbox 984 2377 1016 2418; x_wconf 90' lang='lat' dir='ltr'><strong>sc</strong></span> 
     </span>
     <span class='ocr_line' id='line_1_26' title="bbox 7 2447 1017 2531; baseline -0.005 -21"><span class='ocrx_word' id='word_1_201' title='bbox 7 2453 156 2511; x_wconf 85' lang='lat' dir='ltr'><strong>:ontrariis</strong></span> <span class='ocrx_word' id='word_1_202' title='bbox 178 2450 334 2531; x_wconf 82' lang='lat' dir='ltr'><strong>pediculis,</strong></span> <span class='ocrx_word' id='word_1_203' title='bbox 357 2449 459 2529; x_wconf 93' lang='lat' dir='ltr'><strong>gracili</strong></span> <span class='ocrx_word' id='word_1_204' title='bbox 477 2448 620 2527; x_wconf 86' lang='lat' dir='ltr'><strong>brevique</strong></span> <span class='ocrx_word' id='word_1_205' title='bbox 639 2465 731 2508; x_wconf 90' lang='lat' dir='ltr'><strong>ramo.</strong></span> <span class='ocrx_word' id='word_1_206' title='bbox 763 2447 856 2526; x_wconf 88' lang='lat' dir='ltr'><strong>pelles</strong></span> <span class='ocrx_word' id='word_1_207' title='bbox 875 2447 1017 2506; x_wconf 90' lang='lat' dir='ltr'><strong>candidae</strong></span> 
     </span>
     <span class='ocr_line' id='line_1_27' title="bbox 7 2534 1018 2618; baseline -0.004 -19"><span class='ocrx_word' id='word_1_208' title='bbox 7 2541 200 2600; x_wconf 86' lang='lat' dir='ltr'><strong>:onliciuntur</strong></span> <span class='ocrx_word' id='word_1_209' title='bbox 231 2541 276 2600; x_wconf 92' lang='lat' dir='ltr'><strong>iis.</strong></span> <span class='ocrx_word' id='word_1_210' title='bbox 328 2557 429 2600; x_wconf 88' lang='lat' dir='ltr'><strong>semen</strong></span> <span class='ocrx_word' id='word_1_211' title='bbox 460 2539 534 2598; x_wconf 92' lang='lat' dir='ltr'><strong>lenti</strong></span> <span class='ocrx_word' id='word_1_212' title='bbox 564 2537 659 2598; x_wconf 89' lang='lat' dir='ltr'><strong>simile</strong></span> <span class='ocrx_word' id='word_1_213' title='bbox 691 2555 759 2596; x_wconf 91' lang='lat' dir='ltr'><strong>cum</strong></span> <span class='ocrx_word' id='word_1_214' title='bbox 789 2555 845 2596; x_wconf 87' lang='lat' dir='ltr'><strong>uva</strong></span> <span class='ocrx_word' id='word_1_215' title='bbox 875 2534 1018 2618; x_wconf 89' lang='lat' dir='ltr'><strong>rubescit,</strong></span> 
     </span>
     <span class='ocr_line' id='line_1_28' title="bbox 7 2627 813 2710; baseline -0.006 -20"><span class='ocrx_word' id='word_1_216' title='bbox 7 2629 75 2708; x_wconf 81' lang='lat' dir='ltr'><strong>yrrod</strong></span> <span class='ocrx_word' id='word_1_217' title='bbox 100 2629 230 2689; x_wconf 84' lang='lat' dir='ltr'><strong>vocatur</strong></span> <span class='ocrx_word' id='word_1_218' title='bbox 248 2631 331 2710; x_wconf 78' lang='lat' dir='ltr'><strong>rhus,</strong></span> <span class='ocrx_word' id='word_1_219' title='bbox 354 2628 578 2689; x_wconf 91' lang='lat' dir='ltr'><strong>medicamentis</strong></span> <span class='ocrx_word' id='word_1_220' title='bbox 601 2627 813 2687; x_wconf 91' lang='lat' dir='ltr'><strong>necessarium.</strong></span> 
     </span>
    </p>
   </div>
   <div class='ocr_carea' id='block_1_3' title="bbox 7 2752 213 2772">
    <p class='ocr_par' dir='ltr' id='par_1_5' title="bbox 7 2752 213 2772">
     <span class='ocr_line' id='line_1_29' title="bbox 7 2752 213 2772; baseline -0.005 -10"><span class='ocrx_word' id='word_1_221' title='bbox 7 2752 213 2772; x_wconf 36' lang='grc' dir='ltr'>...Ἦ-...-</span> 
     </span>
    </p>
   </div>
   <div class='ocr_carea' id='block_1_4' title="bbox 7 2797 1019 3729">
    <p class='ocr_par' dir='ltr' id='par_1_6' title="bbox 7 2797 1015 2940">
     <span class='ocr_line' id='line_1_30' title="bbox 7 2797 1015 2870; baseline -0.003 -15"><span class='ocrx_word' id='word_1_222' title='bbox 7 2808 92 2856; x_wconf 76' lang='lat' dir='ltr'><strong>mit.</strong></span> <span class='ocrx_word' id='word_1_223' title='bbox 126 2801 402 2856; x_wconf 74' lang='lat' dir='ltr'><strong>-litudineeddvett</strong></span> <span class='ocrx_word' id='word_1_224' title='bbox 493 2818 520 2869; x_wconf 89' lang='lat' dir='ltr'><strong>p.</strong></span> <span class='ocrx_word' id='word_1_225' title='bbox 535 2804 596 2867; x_wconf 81' lang='grc'>324,</span> <span class='ocrx_word' id='word_1_226' title='bbox 610 2805 644 2854; x_wconf 77' lang='grc'><strong>22</strong></span> <span class='ocrx_word' id='word_1_227' title='bbox 667 2798 755 2852; x_wconf 82' lang='lat' dir='ltr'><strong>habet</strong></span> <span class='ocrx_word' id='word_1_228' title='bbox 772 2802 835 2850; x_wconf 72' lang='lat' dir='ltr'><strong>ER.</strong></span> <span class='ocrx_word' id='word_1_229' title='bbox 868 2799 929 2852; x_wconf 88' lang='grc'>-555</span> <span class='ocrx_word' id='word_1_230' title='bbox 946 2797 1015 2870; x_wconf 75' lang='lat' dir='ltr'><strong>rel</strong></span> 
     </span>
     <span class='ocr_line' id='line_1_31' title="bbox 7 2870 790 2940; baseline -0.005 -14"><span class='ocrx_word' id='word_1_231' title='bbox 7 2873 217 2929; x_wconf 68' lang='grc'>1555515513.</span> <span class='ocrx_word' id='word_1_232' title='bbox 247 2889 305 2927; x_wconf 88' lang='grc'>-555</span> <span class='ocrx_word' id='word_1_233' title='bbox 324 2874 353 2926; x_wconf 85' lang='grc'><strong>55</strong></span> <span class='ocrx_word' id='word_1_234' title='bbox 370 2888 394 2925; x_wconf 86' lang='lat' dir='ltr'><strong>o.</strong></span> <span class='ocrx_word' id='word_1_235' title='bbox 423 2888 500 2926; x_wconf 72' lang='lat' dir='ltr'><strong>cum</strong></span> <span class='ocrx_word' id='word_1_236' title='bbox 518 2875 564 2924; x_wconf 81' lang='lat' dir='ltr'><strong>ed.</strong></span> <span class='ocrx_word' id='word_1_237' title='bbox 593 2870 741 2940; x_wconf 88' lang='lat' dir='ltr'><strong>poenicum</strong></span> <span class='ocrx_word' id='word_1_238' title='bbox 760 2875 790 2922; x_wconf 80' lang='lat' dir='ltr'><strong>D.</strong></span> 
     </span>
    </p>

    <p class='ocr_par' dir='ltr' id='par_1_7' title="bbox 7 2940 1019 3658">
     <span class='ocr_line' id='line_1_32' title="bbox 69 2940 1018 3011; baseline -0.004 -13"><span class='ocrx_word' id='word_1_239' title='bbox 69 2953 82 2998; x_wconf 90' lang='lat'>1</span> <span class='ocrx_word' id='word_1_240' title='bbox 104 2944 301 3000; x_wconf 78' lang='lat' dir='ltr'><strong>differunt—4</strong></span> <span class='ocrx_word' id='word_1_241' title='bbox 319 2942 438 2997; x_wconf 74' lang='lat' dir='ltr'><strong>nuceum</strong></span> <span class='ocrx_word' id='word_1_242' title='bbox 460 2959 510 2997; x_wconf 87' lang='lat' dir='ltr'><strong>om.</strong></span> <span class='ocrx_word' id='word_1_243' title='bbox 524 2947 556 2996; x_wconf 83' lang='lat' dir='ltr'><strong>B.</strong></span> <span class='ocrx_word' id='word_1_244' title='bbox 648 2947 663 2995; x_wconf 90' lang='grc'>2</span> <span class='ocrx_word' id='word_1_245' title='bbox 688 2940 831 3011; x_wconf 87' lang='lat' dir='ltr'><strong>spinosum</strong></span> <span class='ocrx_word' id='word_1_246' title='bbox 850 2943 964 2995; x_wconf 80' lang='lat' dir='ltr'><strong>acutum</strong></span> <span class='ocrx_word' id='word_1_247' title='bbox 982 2947 1018 3010; x_wconf 76' lang='grc' dir='ltr'><strong>Η,</strong></span> 
     </span>
     <span class='ocr_line' id='line_1_33' title="bbox 7 3012 1019 3084; baseline -0.003 -14"><span class='ocrx_word' id='word_1_248' title='bbox 7 3019 39 3071; x_wconf 88' lang='lat' dir='ltr'><strong>ed</strong></span> <span class='ocrx_word' id='word_1_249' title='bbox 57 3019 111 3084; x_wconf 83' lang='lat' dir='ltr'><strong>cfr.</strong></span> <span class='ocrx_word' id='word_1_250' title='bbox 129 3017 264 3084; x_wconf 75' lang='lat' dir='ltr'><strong>Theophr.</strong></span> <span class='ocrx_word' id='word_1_251' title='bbox 279 3016 305 3070; x_wconf 72' lang='lat' dir='ltr'><strong>lc.</strong></span> <span class='ocrx_word' id='word_1_252' title='bbox 316 3016 355 3084; x_wconf 82' lang='lat' dir='ltr'><strong>pt.</strong></span> <span class='ocrx_word' id='word_1_253' title='bbox 371 3017 477 3082; x_wconf 76' lang='lat'><strong>11112,</strong></span> <span class='ocrx_word' id='word_1_254' title='bbox 487 3019 513 3068; x_wconf 90' lang='lat'><strong>3.</strong></span> <span class='ocrx_word' id='word_1_255' title='bbox 586 3019 602 3066; x_wconf 92' lang='grc'>5</span> <span class='ocrx_word' id='word_1_256' title='bbox 621 3013 703 3068; x_wconf 85' lang='lat' dir='ltr'><strong>flores</strong></span> <span class='ocrx_word' id='word_1_257' title='bbox 717 3017 751 3067; x_wconf 76' lang='grc' dir='ltr'><strong>Μ.</strong></span> <span class='ocrx_word' id='word_1_258' title='bbox 826 3019 841 3068; x_wconf 82' lang='grc'><strong>7</strong></span> <span class='ocrx_word' id='word_1_259' title='bbox 860 3012 920 3068; x_wconf 87' lang='lat' dir='ltr'><strong>eius</strong></span> <span class='ocrx_word' id='word_1_260' title='bbox 934 3017 1019 3072; x_wconf 70' lang='lat' dir='ltr'><strong>lito,</strong></span> 
     </span>
     <span class='ocr_line' id='line_1_34' title="bbox 7 3083 1019 3156; baseline -0.002 -16"><span class='ocrx_word' id='word_1_261' title='bbox 7 3091 37 3142; x_wconf 82' lang='grc'><strong>55</strong></span> <span class='ocrx_word' id='word_1_262' title='bbox 55 3089 95 3142; x_wconf 62' lang='grc'><strong>51.</strong></span> <span class='ocrx_word' id='word_1_263' title='bbox 127 3105 201 3142; x_wconf 85' lang='lat' dir='ltr'><strong>anno</strong></span> <span class='ocrx_word' id='word_1_264' title='bbox 221 3087 325 3141; x_wconf 65' lang='lat' dir='ltr'><strong>est1l¹⁸</strong></span> <span class='ocrx_word' id='word_1_265' title='bbox 354 3104 401 3140; x_wconf 91' lang='lat' dir='ltr'><strong>-no</strong></span> <span class='ocrx_word' id='word_1_266' title='bbox 422 3086 480 3150; x_wconf 89' lang='lat' dir='ltr'><strong>eius</strong></span> <span class='ocrx_word' id='word_1_267' title='bbox 498 3084 577 3139; x_wconf 77' lang='lat' dir='ltr'><strong>li²e².</strong></span> <span class='ocrx_word' id='word_1_268' title='bbox 610 3084 770 3156; x_wconf 67' lang='lat' dir='ltr'><strong>annossysd.</strong></span> <span class='ocrx_word' id='word_1_269' title='bbox 862 3083 1019 3139; x_wconf 68' lang='grc'>51015551</span> 
     </span>
     <span class='ocr_line' id='line_1_35' title="bbox 7 3155 1018 3224; baseline -0.004 -10"><span class='ocrx_word' id='word_1_270' title='bbox 7 3163 34 3213; x_wconf 83' lang='lat' dir='ltr'><strong>la</strong></span> <span class='ocrx_word' id='word_1_271' title='bbox 52 3159 220 3214; x_wconf 63' lang='grc'>55555551.</span> <span class='ocrx_word' id='word_1_272' title='bbox 255 3159 288 3212; x_wconf 86' lang='lat' dir='ltr'><strong>-li</strong></span> <span class='ocrx_word' id='word_1_273' title='bbox 306 3158 478 3212; x_wconf 76' lang='lat' dir='ltr'><strong>durauerrmi</strong></span> <span class='ocrx_word' id='word_1_274' title='bbox 494 3157 538 3210; x_wconf 68' lang='lat'><strong>122.</strong></span> <span class='ocrx_word' id='word_1_275' title='bbox 625 3162 658 3210; x_wconf 92' lang='grc'><strong>12</strong></span> <span class='ocrx_word' id='word_1_276' title='bbox 678 3156 768 3211; x_wconf 81' lang='lat' dir='ltr'><strong>cedris</strong></span> <span class='ocrx_word' id='word_1_277' title='bbox 785 3161 820 3210; x_wconf 72' lang='grc' dir='ltr'><strong>Π.</strong></span> <span class='ocrx_word' id='word_1_278' title='bbox 854 3173 910 3224; x_wconf 88' lang='lat' dir='ltr'><strong>-rys</strong></span> <span class='ocrx_word' id='word_1_279' title='bbox 927 3155 1018 3211; x_wconf 80' lang='lat' dir='ltr'><strong>BSill.</strong></span> 
     </span>
     <span class='ocr_line' id='line_1_36' title="bbox 7 3227 1018 3300; baseline -0.003 -16"><span class='ocrx_word' id='word_1_280' title='bbox 7 3249 43 3284; x_wconf 83' lang='lat' dir='ltr'><strong>nn.</strong></span> <span class='ocrx_word' id='word_1_281' title='bbox 55 3250 101 3286; x_wconf 80' lang='lat' dir='ltr'><strong>ro.</strong></span> <span class='ocrx_word' id='word_1_282' title='bbox 123 3233 249 3300; x_wconf 61' lang='lat' dir='ltr'><strong>osunen</strong></span> <span class='ocrx_word' id='word_1_283' title='bbox 266 3231 316 3284; x_wconf 83' lang='lat' dir='ltr'><strong>luc.</strong></span> <span class='ocrx_word' id='word_1_284' title='bbox 328 3247 358 3298; x_wconf 79' lang='lat' dir='ltr'><strong>p.</strong></span> <span class='ocrx_word' id='word_1_285' title='bbox 370 3233 415 3284; x_wconf 83' lang='lat'><strong>38.</strong></span> <span class='ocrx_word' id='word_1_286' title='bbox 489 3235 530 3282; x_wconf 90' lang='lat'><strong>13.</strong></span> <span class='ocrx_word' id='word_1_287' title='bbox 543 3234 576 3282; x_wconf 85' lang='lat'><strong>14</strong></span> <span class='ocrx_word' id='word_1_288' title='bbox 595 3228 720 3282; x_wconf 84' lang='lat' dir='ltr'><strong>mascula</strong></span> <span class='ocrx_word' id='word_1_289' title='bbox 738 3231 782 3281; x_wconf 85' lang='lat' dir='ltr'><strong>est</strong></span> <span class='ocrx_word' id='word_1_290' title='bbox 794 3233 846 3282; x_wconf 81' lang='lat' dir='ltr'><strong>Bo.</strong></span> <span class='ocrx_word' id='word_1_291' title='bbox 874 3227 931 3280; x_wconf 82' lang='lat' dir='ltr'><strong>-lae</strong></span> <span class='ocrx_word' id='word_1_292' title='bbox 944 3231 1018 3282; x_wconf 78' lang='lat' dir='ltr'><strong>Ded.</strong></span> 
     </span>
     <span class='ocr_line' id='line_1_37' title="bbox 7 3297 1017 3358; baseline -0.002 -3"><span class='ocrx_word' id='word_1_293' title='bbox 7 3303 50 3357; x_wconf 87' lang='lat' dir='ltr'><strong>lus</strong></span> <span class='ocrx_word' id='word_1_294' title='bbox 69 3309 107 3358; x_wconf 74' lang='grc' dir='ltr'><strong>Η.</strong></span> <span class='ocrx_word' id='word_1_295' title='bbox 181 3305 217 3356; x_wconf 78' lang='grc'><strong>16</strong></span> <span class='ocrx_word' id='word_1_296' title='bbox 236 3301 453 3356; x_wconf 72' lang='grc'>5555555513.</span> <span class='ocrx_word' id='word_1_297' title='bbox 482 3300 556 3354; x_wconf 84' lang='lat' dir='ltr'><strong>-dior</strong></span> <span class='ocrx_word' id='word_1_298' title='bbox 574 3317 619 3354; x_wconf 82' lang='lat' dir='ltr'><strong>ro.</strong></span> <span class='ocrx_word' id='word_1_299' title='bbox 698 3304 731 3352; x_wconf 90' lang='grc'><strong>18</strong></span> <span class='ocrx_word' id='word_1_300' title='bbox 752 3299 899 3353; x_wconf 72' lang='grc'>51511155.</span> <span class='ocrx_word' id='word_1_301' title='bbox 927 3297 1017 3353; x_wconf 76' lang='lat' dir='ltr'><strong>reiit.</strong></span> 
     </span>
     <span class='ocr_line' id='line_1_38' title="bbox 7 3369 1018 3428; baseline 0 -6"><span class='ocrx_word' id='word_1_302' title='bbox 7 3373 54 3428; x_wconf 62' lang='lat' dir='ltr'><strong>eius</strong></span> <span class='ocrx_word' id='word_1_303' title='bbox 74 3380 99 3428; x_wconf 84' lang='lat' dir='ltr'><strong>d.</strong></span> <span class='ocrx_word' id='word_1_304' title='bbox 200 3379 234 3427; x_wconf 89' lang='grc'><strong>22</strong></span> <span class='ocrx_word' id='word_1_305' title='bbox 259 3375 289 3427; x_wconf 86' lang='grc'><strong>55</strong></span> <span class='ocrx_word' id='word_1_306' title='bbox 311 3390 345 3427; x_wconf 86' lang='lat' dir='ltr'><strong>ex</strong></span> <span class='ocrx_word' id='word_1_307' title='bbox 363 3371 641 3426; x_wconf 71' lang='lat' dir='ltr'><strong>Hn²edd.antchl.</strong></span> <span class='ocrx_word' id='word_1_308' title='bbox 674 3387 708 3425; x_wconf 84' lang='lat' dir='ltr'><strong>ex</strong></span> <span class='ocrx_word' id='word_1_309' title='bbox 725 3370 853 3424; x_wconf 76' lang='lat' dir='ltr'><strong>erBroi.</strong></span> <span class='ocrx_word' id='word_1_310' title='bbox 887 3371 917 3422; x_wconf 82' lang='grc'><strong>55</strong></span> <span class='ocrx_word' id='word_1_311' title='bbox 934 3369 1018 3422; x_wconf 82' lang='lat' dir='ltr'><strong>redd.</strong></span> 
     </span>
     <span class='ocr_line' id='line_1_39' title="bbox 7 3439 1019 3512; baseline -0.006 -14"><span class='ocrx_word' id='word_1_312' title='bbox 7 3445 52 3500; x_wconf 71' lang='lat' dir='ltr'><strong>iel.</strong></span> <span class='ocrx_word' id='word_1_313' title='bbox 167 3452 201 3500; x_wconf 86' lang='grc'><strong>23</strong></span> <span class='ocrx_word' id='word_1_314' title='bbox 224 3446 292 3500; x_wconf 85' lang='grc'>1555</span> <span class='ocrx_word' id='word_1_315' title='bbox 310 3464 334 3498; x_wconf 77' lang='lat' dir='ltr'><strong>a.</strong></span> <span class='ocrx_word' id='word_1_316' title='bbox 368 3461 415 3497; x_wconf 89' lang='lat' dir='ltr'><strong>rus</strong></span> <span class='ocrx_word' id='word_1_317' title='bbox 433 3449 464 3498; x_wconf 77' lang='lat' dir='ltr'><strong>ll.</strong></span> <span class='ocrx_word' id='word_1_318' title='bbox 490 3447 493 3512; x_wconf 88' lang='grc' dir='ltr'>Ι</span> <span class='ocrx_word' id='word_1_319' title='bbox 524 3461 562 3497; x_wconf 86' lang='lat' dir='ltr'><strong>an</strong></span> <span class='ocrx_word' id='word_1_320' title='bbox 579 3445 672 3510; x_wconf 78' lang='lat' dir='ltr'><strong>potios</strong></span> <span class='ocrx_word' id='word_1_321' title='bbox 689 3441 817 3496; x_wconf 85' lang='lat' dir='ltr'><strong>mascula</strong></span> <span class='ocrx_word' id='word_1_322' title='bbox 836 3439 925 3494; x_wconf 78' lang='lat' dir='ltr'><strong>sterili</strong></span> <span class='ocrx_word' id='word_1_323' title='bbox 942 3439 1019 3493; x_wconf 81' lang='lat' dir='ltr'><strong>fert?</strong></span> 
     </span>
     <span class='ocr_line' id='line_1_40' title="bbox 7 3511 1018 3587; baseline -0.004 -15"><span class='ocrx_word' id='word_1_324' title='bbox 7 3519 44 3584; x_wconf 66' lang='lat' dir='ltr'><strong>fr.</strong></span> <span class='ocrx_word' id='word_1_325' title='bbox 64 3535 156 3587; x_wconf 77' lang='lat' dir='ltr'><strong>supro</strong></span> <span class='ocrx_word' id='word_1_326' title='bbox 174 3535 198 3571; x_wconf 86' lang='lat' dir='ltr'><strong>o.</strong></span> <span class='ocrx_word' id='word_1_327' title='bbox 213 3521 249 3570; x_wconf 82' lang='lat'><strong>13</strong></span> <span class='ocrx_word' id='word_1_328' title='bbox 268 3522 292 3570; x_wconf 83' lang='lat' dir='ltr'><strong>et</strong></span> <span class='ocrx_word' id='word_1_329' title='bbox 313 3517 443 3583; x_wconf 79' lang='lat' dir='ltr'><strong>leeoplar.</strong></span> <span class='ocrx_word' id='word_1_330' title='bbox 464 3517 490 3568; x_wconf 79' lang='lat' dir='ltr'><strong>la.</strong></span> <span class='ocrx_word' id='word_1_331' title='bbox 505 3515 546 3583; x_wconf 81' lang='lat' dir='ltr'><strong>pl.</strong></span> <span class='ocrx_word' id='word_1_332' title='bbox 562 3517 612 3566; x_wconf 91' lang='lat' dir='ltr'><strong>III</strong></span> <span class='ocrx_word' id='word_1_333' title='bbox 620 3520 666 3580; x_wconf 80' lang='lat'><strong>18,</strong></span> <span class='ocrx_word' id='word_1_334' title='bbox 677 3518 702 3567; x_wconf 85' lang='lat'><strong>5.</strong></span> <span class='ocrx_word' id='word_1_335' title='bbox 788 3516 822 3566; x_wconf 91' lang='grc'><strong>25</strong></span> <span class='ocrx_word' id='word_1_336' title='bbox 843 3511 966 3566; x_wconf 79' lang='lat' dir='ltr'><strong>contrari</strong></span> <span class='ocrx_word' id='word_1_337' title='bbox 983 3517 1018 3568; x_wconf 72' lang='lat'><strong>1.</strong></span> 
     </span>
     <span class='ocr_line' id='line_1_41' title="bbox 21 3581 1018 3658; baseline -0.007 -15"><span class='ocrx_word' id='word_1_338' title='bbox 21 3589 170 3658; x_wconf 88' lang='lat' dir='ltr'><strong>pedeculis</strong></span> <span class='ocrx_word' id='word_1_339' title='bbox 188 3594 220 3642; x_wconf 81' lang='lat' dir='ltr'><strong>B.</strong></span> <span class='ocrx_word' id='word_1_340' title='bbox 249 3586 382 3656; x_wconf 87' lang='lat' dir='ltr'><strong>peduculi</strong></span> <span class='ocrx_word' id='word_1_341' title='bbox 399 3588 464 3654; x_wconf 66' lang='grc'><strong>551</strong></span> <span class='ocrx_word' id='word_1_342' title='bbox 490 3585 590 3655; x_wconf 86' lang='lat' dir='ltr'><strong>gracili</strong></span> <span class='ocrx_word' id='word_1_343' title='bbox 608 3602 658 3640; x_wconf 86' lang='lat' dir='ltr'><strong>om.</strong></span> <span class='ocrx_word' id='word_1_344' title='bbox 677 3589 709 3638; x_wconf 77' lang='grc' dir='ltr'><strong>Β.</strong></span> <span class='ocrx_word' id='word_1_345' title='bbox 800 3588 834 3637; x_wconf 84' lang='grc'><strong>26</strong></span> <span class='ocrx_word' id='word_1_346' title='bbox 853 3581 937 3637; x_wconf 79' lang='lat' dir='ltr'><strong>lentis</strong></span> <span class='ocrx_word' id='word_1_347' title='bbox 955 3585 1018 3636; x_wconf 71' lang='lat' dir='ltr'><strong>HR.</strong></span> 
     </span>
    </p>

    <p class='ocr_par' dir='ltr' id='par_1_8' title="bbox 67 3659 585 3729">
     <span class='ocr_line' id='line_1_42' title="bbox 67 3659 585 3729; baseline -0.008 -14"><span class='ocrx_word' id='word_1_348' title='bbox 67 3667 103 3715; x_wconf 81' lang='grc'><strong>27</strong></span> <span class='ocrx_word' id='word_1_349' title='bbox 124 3661 192 3714; x_wconf 86' lang='lat' dir='ltr'><strong>rhus</strong></span> <span class='ocrx_word' id='word_1_350' title='bbox 211 3661 302 3729; x_wconf 69' lang='lat' dir='ltr'><strong>ollii),</strong></span> <span class='ocrx_word' id='word_1_351' title='bbox 331 3675 376 3713; x_wconf 89' lang='lat' dir='ltr'><strong>ros</strong></span> <span class='ocrx_word' id='word_1_352' title='bbox 395 3663 481 3712; x_wconf 73' lang='lat' dir='ltr'><strong>iiiia.</strong></span> <span class='ocrx_word' id='word_1_353' title='bbox 511 3673 541 3710; x_wconf 90' lang='lat' dir='ltr'><strong>os</strong></span> <span class='ocrx_word' id='word_1_354' title='bbox 561 3659 585 3711; x_wconf 81' lang='lat' dir='ltr'><strong>d.</strong></span> 
     </span>
    </p>
   </div>
   <div class='ocr_carea' id='block_1_5' title="bbox 0 0 1202 3940">
    <p class='ocr_par' dir='ltr' id='par_1_9' title="bbox 0 0 1202 3940">
     <span class='ocr_line' id='line_1_43' title="bbox 0 0 1202 3940; baseline 0 0"><span class='ocrx_word' id='word_1_355' title='bbox 0 0 1202 3940; x_wconf 95' lang='lat' dir='ltr'><strong> </strong></span> 
     </span>
    </p>
   </div>
  </div>
 </body>
</html>
