2590 3934
343 163 427 216 NAT.
445 163 538 218 HIST.
558 163 622 218 VIII
641 169 746 219 Its-oo
767 167 893 234 (ra-ao)
1065 165 1128 229 105
1153 184 1157 196 ·

107 312 232 373 umbros
260 321 447 374 vocaverunt.
497 313 732 375 infirmissimum
759 317 862 394 pecori
892 323 1006 396 caput‚-
1026 333 1126 394 quam-

108 402 213 462 obrem
236 421 372 464 aversum
396 422 412 463 a
435 403 496 463 sole
520 405 601 482 pasci
625 404 802 482 cogendum..
842 423 930 483 quarn
954 405 1127 465 stultissima

108 491 279 552 animalium
292 492 397 554 lanata.
426 511 484 572 qua
498 495 625 553 timuere
640 493 765 575 ingredi,
785 512 878 554 unurn
897 512 991 554 cornu
1010 502 1128 573 raptum

109 589 286 660 sequuntur.
310 584 369 642 vita
387 582 558 662 longissima
577 585 647 642 anni
665 598 698 662 x,
717 585 748 642 in
763 583 916 662 Aethiopia
932 598 1007 644 XIII.
1031 585 1128 662 capris

81 669 215 732 aeodem
237 671 304 731 loeo
326 687 374 753 xl,
397 673 429 732 in
452 672 568 750 reliquo
591 670 664 732 orbe
687 673 849 752 plurimum
873 675 981 732 octoni.
1013 681 1127 732 utrum·

109 778 168 838 que
192 778 286 839 genus
310 763 388 822 intra
411 768 551 841 qrrartum
574 764 685 822 coitum
709 761 857 841 impletur.

178 842 237 912 ὅθ.
261 843 335 932 (76)
373 849 484 930 Caprae
507 853 628 930 pariunt
651 860 681 911 et
705 845 879 932 quaternos,
903 851 955 911 sed
979 869 1047 912 raro
1070 852 1181 911 ad-200

109 938 240 1000 modum.
277 939 378 1000 ferunt
401 955 424 999 v
448 939 614 1021 mensibus,
638 949 671 1000 ut
694 959 772 1002 oves.
816 944 900 1020 capri
921 939 1128 1020 pinguitudine

110 1027 309 1089 sterilescunt.
340 1038 407 1090 ante
427 1031 531 1089 trimos
555 1031 654 1090 minus
677 1029 790 1090 utiliter
809 1038 953 1108 generant
976 1037 1006 1090 et
1029 1032 1060 1089 in
1083 1047 1127 1090 se-

67 1131 94 1170 10
109 1125 197 1178 necta
224 1136 280 1178 nec
309 1118 386 1179 ultra
415 1119 652 1202 quadriennium.
698 1121 845 1198 inpriunt
873 1121 998 1199 septimo
1026 1137 1127 1180 mense

110 1215 140 1266 et
163 1206 260 1268 adhuc
282 1207 434 1269 lactentes
465 1207 604 1269 mutilum
627 1211 658 1268 in
677 1217 806 1287 utroque
830 1227 903 1268 sexu
927 1207 1038 1268 utilius,
1068 1210 1127 1286 pri-

109 1315 176 1356 mus
200 1298 231 1356 in
250 1297 297 1356 die
317 1300 415 1358 coitus
434 1315 493 1358 non
513 1297 624 1378 implet,
649 1316 778 1376 sequens
797 1298 946 1358 ellicacior
964 1316 998 1358 ac
1012 1298 1128 1358 deinde.

111 1388 284 1465 concipiunt
307 1385 467 1446 Novembri
494 1405 597 1447 mense
626 1395 659 1447 ut
682 1387 787 1448 Martio
814 1389 931 1467 pariant
956 1395 1128 1466 turgescen-

109 1473 191 1535 tibus
213 1474 358 1557 virgultis,
382 1476 538 1555 aliquando
562 1476 726 1557 anniculae,
750 1495 868 1556 semper
891 1476 997 1556 bimae,
1021 1479 1053 1536 in
1077 1477 1129 1535 tri-

68 1579 95 1620 ra
110 1572 191 1625 matu
220 1565 317 1626 utiles.
363 1567 483 1645 parIunt
510 1568 626 1630 octonis
654 1568 747 1626 annis.
794 1566 917 1626 abortus
944 1567 1051 1644 frigori
1077 1563 1127 1624 oh-

111 1656 227 1714 noxius.
277 1654 380 1714 oculos
418 1655 548 1715 suffusos
581 1673 668 1734 capra
710 1657 791 1716 iunci
827 1663 942 1735 puncto
977 1657 1181 1732 sanguineam

111 1751 266 1823 exonerat,
290 1762 379 1822 caper
402 1743 478 1804 rubi.
514 1743 675 1804 sollertiam
698 1747 763 1806 eius
787 1744 921 1804 animalis
944 1743 1129 1824 Mucianus

111 1835 204 1892 visam
231 1831 288 1892 sibi
315 1833 445 1912 prodidit
473 1836 504 1893 in
526 1842 617 1913 ponte
644 1836 814 1914 praetenui,
847 1833 962 1894 duabus
990 1832 1085 1892 obviis
1113 1851 1128 1890 e

111 1921 228 1982 diverso
253 1941 321 1982 curn
345 1925 559 1984 circumactum
583 1925 734 2002 angustiae
759 1941 819 1983 non
841 1930 981 2002 caperent
1004 1940 1059 1982 nec
1083 1939 1128 1980 re-

70 2028 96 2068 so
110 2013 341 2090 riprocationem
364 2012 518 2092 longitudo
542 2015 572 2072 in
595 2012 725 2073 exilitate
749 2031 845 2093 caeca,
868 2020 1002 2072 torrente
1026 2010 1129 2089 rapido

111 2102 267 2162 minaciter
290 2100 515 2182 subterfluente,
539 2101 661 2162 alteram
685 2101 863 2162 decubuisse
884 2109 971 2180 atque
994 2102 1035 2160 ita
1058 2099 1128 2159 alte-

111 2208 175 2250 ram
194 2185 380 2270 proculcatae
401 2210 633 2271 supergressam.
660 2209 757 2252 mares
772 2209 861 2270 quam
880 2193 1005 2250 maxime
1021 2192 1120 2268 simos,
1131 2199 1182 2246 202

111 2279 208 2358 longis
234 2279 356 2340 auribus
378 2282 587 2361 intractisque,
617 2283 707 2341 annis
731 2299 820 2359 quarn
842 2280 1038 2340 vlllosissimis
1061 2297 1128 2358 pro·

6 2423 8 2452 t
112 2368 191 2428 bant.
233 2369 410 2429 sentinarum
433 2371 643 2449 generositatis
667 2372 782 2449 insigne
806 2369 928 2430 laciniae
953 2367 1130 2448 corporibus

6 2469 8 2542 g
72 2476 128 2516 sue
158 2461 272 2518 cervice
301 2457 387 2518 binae
416 2459 626 2539 dependentes
674 2478 732 2519 non
761 2459 899 2520 omnihus
923 2477 1046 2538 cornua,
1078 2457 1129 2516 sed

113 2546 221 2625 quibus
250 2555 332 2628 sunt,
364 2550 395 2608 in
423 2547 469 2608 his
497 2555 527 2608 et
554 2549 663 2608 iudicia
691 2566 837 2609 annorum
864 2566 918 2627 per
946 2551 1129 2607 incrementa

112 2636 266 2697 nodorum.
313 2637 424 2698 mutilis
448 2637 531 2698 lactis
559 2640 653 2697 maior
676 2637 806 2698 ubertas.
853 2636 975 2698 auribus
999 2655 1047 2696 eas
1071 2637 1129 2714 spi-

112 2745 193 2806 rare,
216 2745 276 2786 non
296 2725 435 2807 naribus,
464 2745 519 2786 nec
542 2745 683 2806 umquam
708 2726 784 2787 lebri
808 2744 909 2785 carere
934 2725 1129 2784 Archelaus

112 2824 216 2876 auctor
240 2824 294 2875 est.
340 2816 407 2876 ideo
431 2817 565 2876 fortassis
593 2819 689 2876 anirna
713 2816 760 2877 his
783 2834 871 2895 quam
895 2814 999 2874 ovibus
1025 2813 1128 2873 arden·
1157 2809 1164 2820 '

72 2923 99 2961 eo
113 2908 171 2965 tior
195 2905 410 2984 calidioresque
430 2904 614 2966 concubitus.
643 2906 765 2966 tradunt
783 2914 814 2965 et
832 2913 921 2964 noctu
944 2922 1003 2964 non
1023 2905 1121 2963 minus
1132 2911 1183 2958 203

114 3013 238 3054 cernere
262 3013 350 3073 quam
369 2995 516 3054 interdiu:
539 2995 619 3074 iden,
643 2997 668 3054 si
688 2997 841 3074 caprinum
860 2997 944 3054 iecur
964 3000 1130 3073 vescantur,

165 3153 324 3160 *fin—...n-

187 3243 200 3288 1
221 3241 358 3292 uocarunt
375 3244 428 3292 au.
514 3245 529 3292 5
550 3239 644 3293 octoni
661 3240 704 3294 1²².
723 3255 773 3292 om.
793 3255 815 3291 r.
844 3239 894 3304 cfr.
909 3238 995 3291 Ardet.
1010 3238 1035 3290 It.
1051 3255 1076 3290 c.
1093 3239 1135 3287 VI

114 3313 149 3362 19
159 3325 190 3376 p.
202 3309 297 3375 5733,
307 3315 354 3365 23.
392 3317 408 3364 8
428 3312 506 3381 capri
519 3311 674 3365 Schneider.
689 3311 727 3364 od
737 3310 905 3365 ColumVH
915 3314 942 3375 6,
952 3313 978 3362 3.
999 3324 1057 3361 ree
1072 3309 1130 3362 llo.

185 3385 202 3433 9
225 3383 408 3449 generant-
425 3389 458 3436 10
480 3399 532 3436 nec
551 3382 620 3435 ΒΨ
643 3383 699 3450 (sed
713 3382 742 3434 ⁸²
761 3398 811 3436 om.
825 3382 886 3448 uec)
905 3397 929 3434 o.
944 3395 995 3436 om.
1009 3397 1032 3433 r.
1099 3385 1130 3432 lb

113 3451 198 3506 utiles
214 3451 292 3506 Prot.
307 3454 365 3506 coll.
382 3453 484 3508 Colum.
500 3457 557 3506 VII
568 3459 594 3520 6,
604 3460 631 3509 8.
656 3453 771 3508 inutiles
791 3453 817 3507 ll.
835 3455 839 3521 l
860 3453 974 3508 abortus
991 3467 1016 3505 o.
1040 3451 1088 3504 -tis
1102 3451 1130 3504 u.

117 3530 120 3586 1
149 3522 248 3593 frigori
271 3541 295 3594 υ,
325 3541 366 3578 ·re
388 3530 462 3578 Reti.
495 3524 617 3595 forigore
640 3531 696 3578 DF.
771 3531 804 3579 16
827 3526 933 3594 punctu
957 3523 1044 3578 Hard.
1074 3525 1131 3576 -oto

113 3596 172 3649 ald.
202 3599 277 3652 ntes
296 3613 318 3650 r.
391 3602 425 3649 20
444 3613 529 3650 caeca
547 3597 606 3650 llo.
631 3615 669 3652 on
688 3594 825 3652 caecam?
898 3601 931 3649 25
951 3611 966 3649 e
985 3594 1026 3648 1³².
1050 3610 1082 3648 ae
1102 3594 1132 3646 2²

114 3671 144 3724 iu
164 3685 218 3724 ras.
248 3671 277 3722 et
294 3667 440 3724 redduett.
461 3686 478 3720 a
497 3667 562 3722 Dal.
635 3675 667 3722 31
690 3671 719 3722 et
736 3669 800 3722 ideo
819 3667 979 3722 dertusen.
