<?xml version="1.0" encoding="UTF-8"?>
<!DOCTYPE html PUBLIC "-//W3C//DTD XHTML 1.0 Transitional//EN"
    "http://www.w3.org/TR/xhtml1/DTD/xhtml1-transitional.dtd">
<html xmlns="http://www.w3.org/1999/xhtml" xml:lang="en" lang="en">
 <head>
  <title>
</title>
<meta http-equiv="Content-Type" content="text/html;charset=utf-8" />
  <meta name='ocr-system' content='tesseract 3.04.00' />
  <meta name='ocr-capabilities' content='ocr_page ocr_carea ocr_par ocr_line ocrx_word'/>
</head>
<body>
  <div class='ocr_page' id='page_1' title='image "./naturalishistor02plingoog_0756.png"; bbox 0 0 2392 3946; ppageno 0'>
   <div class='ocr_carea' id='block_1_1' title="bbox 149 157 824 243">
    <p class='ocr_par' dir='ltr' id='par_1_1' title="bbox 149 157 824 243">
     <span class='ocr_line' id='line_1_1' title="bbox 149 157 824 243; baseline -0.025 -14"><span class='ocrx_word' id='word_1_1' title='bbox 149 169 216 243; x_wconf 80' lang='lat'><strong>380</strong></span> <span class='ocrx_word' id='word_1_2' title='bbox 498 167 528 222; x_wconf 87' lang='lat' dir='ltr'><strong>e.</strong></span> <span class='ocrx_word' id='word_1_3' title='bbox 548 163 647 222; x_wconf 79' lang='lat' dir='ltr'><strong>emm</strong></span> <span class='ocrx_word' id='word_1_4' title='bbox 667 157 824 216; x_wconf 86' lang='lat' dir='ltr'><strong>saeuum</strong></span> 
     </span>
    </p>
   </div>
   <div class='ocr_carea' id='block_1_2' title="bbox 98 299 1174 2005">
    <p class='ocr_par' dir='ltr' id='par_1_2' title="bbox 152 299 1138 496">
     <span class='ocr_line' id='line_1_2' title="bbox 152 299 1136 407; baseline -0.03 -19"><span class='ocrx_word' id='word_1_5' title='bbox 152 343 243 407; x_wconf 88' lang='lat' dir='ltr'><strong>supra</strong></span> <span class='ocrx_word' id='word_1_6' title='bbox 266 323 345 384; x_wconf 89' lang='lat' dir='ltr'><strong>dicta</strong></span> <span class='ocrx_word' id='word_1_7' title='bbox 369 335 439 380; x_wconf 90' lang='lat' dir='ltr'><strong>acor</strong></span> <span class='ocrx_word' id='word_1_8' title='bbox 461 305 523 379; x_wconf 80' lang='lat' dir='ltr'><strong>aut&#39;</strong></span> <span class='ocrx_word' id='word_1_9' title='bbox 536 315 682 378; x_wconf 82' lang='lat' dir='ltr'><strong>fumidum</strong></span> <span class='ocrx_word' id='word_1_10' title='bbox 704 311 803 391; x_wconf 85' lang='lat' dir='ltr'><strong>virus,</strong></span> <span class='ocrx_word' id='word_1_11' title='bbox 824 308 899 388; x_wconf 89' lang='lat' dir='ltr'><strong>picis</strong></span> <span class='ocrx_word' id='word_1_12' title='bbox 921 314 1017 365; x_wconf 86' lang='lat' dir='ltr'><strong>autem</strong></span> <span class='ocrx_word' id='word_1_13' title='bbox 1037 299 1136 360; x_wconf 82' lang='lat' dir='ltr'><strong>adustio.</strong></span> 
     </span>
     <span class='ocr_line' id='line_1_3' title="bbox 152 387 1138 496; baseline -0.029 -19"><span class='ocrx_word' id='word_1_14' title='bbox 152 417 389 496; x_wconf 82' lang='lat' dir='ltr'><strong>experimentum</strong></span> <span class='ocrx_word' id='word_1_15' title='bbox 407 423 488 489; x_wconf 87' lang='lat' dir='ltr'><strong>aere,</strong></span> <span class='ocrx_word' id='word_1_16' title='bbox 511 408 537 466; x_wconf 92' lang='lat' dir='ltr'><strong>si</strong></span> <span class='ocrx_word' id='word_1_17' title='bbox 560 405 725 484; x_wconf 78' lang='lat' dir='ltr'><strong>fragmenta</strong></span> <span class='ocrx_word' id='word_1_18' title='bbox 747 397 922 460; x_wconf 78' lang='lat' dir='ltr'><strong>subluceant</strong></span> <span class='ocrx_word' id='word_1_19' title='bbox 943 412 978 454; x_wconf 88' lang='lat' dir='ltr'><strong>ac</strong></span> <span class='ocrx_word' id='word_1_20' title='bbox 1000 387 1138 453; x_wconf 90' lang='lat' dir='ltr'><strong>subdente</strong></span> 
     </span>
    </p>

    <p class='ocr_par' dir='ltr' id='par_1_3' title="bbox 98 479 1161 1022">
     <span class='ocr_line' id='line_1_4' title="bbox 98 479 1141 569; baseline -0.03 -1"><span class='ocrx_word' id='word_1_21' title='bbox 98 510 150 562; x_wconf 70' lang='lat'><strong>128</strong></span> <span class='ocrx_word' id='word_1_22' title='bbox 161 505 328 566; x_wconf 87' lang='lat' dir='ltr'><strong>lentescant</strong></span> <span class='ocrx_word' id='word_1_23' title='bbox 355 515 442 560; x_wconf 88' lang='lat' dir='ltr'><strong>acore</strong></span> <span class='ocrx_word' id='word_1_24' title='bbox 469 495 611 558; x_wconf 85' lang='lat' dir='ltr'><strong>iumtude.</strong></span> <span class='ocrx_word' id='word_1_25' title='bbox 668 492 737 552; x_wconf 80' lang='lat' dir='ltr'><strong>Asia</strong></span> <span class='ocrx_word' id='word_1_26' title='bbox 771 491 870 569; x_wconf 87' lang='lat' dir='ltr'><strong>picem</strong></span> <span class='ocrx_word' id='word_1_27' title='bbox 896 483 1011 545; x_wconf 91' lang='lat' dir='ltr'><strong>ldaeam</strong></span> <span class='ocrx_word' id='word_1_28' title='bbox 1039 479 1141 541; x_wconf 78' lang='lat' dir='ltr'><strong>marim</strong></span> 
     </span>
     <span class='ocr_line' id='line_1_5' title="bbox 153 567 1141 674; baseline -0.029 -19"><span class='ocrx_word' id='word_1_29' title='bbox 153 591 273 674; x_wconf 87' lang='lat' dir='ltr'><strong>prebat,</strong></span> <span class='ocrx_word' id='word_1_30' title='bbox 300 589 424 650; x_wconf 75' lang='lat' dir='ltr'>Graecia</span> <span class='ocrx_word' id='word_1_31' title='bbox 450 585 611 665; x_wconf 75' lang='lat' dir='ltr'><strong>Piericam,</strong></span> <span class='ocrx_word' id='word_1_32' title='bbox 634 579 817 660; x_wconf 85' lang='lat' dir='ltr'><strong>Vergilius</strong></span> <span class='ocrx_word' id='word_1_33' title='bbox 838 575 1002 655; x_wconf 79' lang='lat' dir='ltr'><strong>Naryciam.</strong></span> <span class='ocrx_word' id='word_1_34' title='bbox 1044 567 1141 647; x_wconf 86' lang='lat' dir='ltr'><strong>diligen·</strong></span> 
     </span>
     <span class='ocr_line' id='line_1_6' title="bbox 153 657 1161 754; baseline -0.029 -9"><span class='ocrx_word' id='word_1_35' title='bbox 153 685 247 744; x_wconf 87' lang='lat' dir='ltr'><strong>lieres</strong></span> <span class='ocrx_word' id='word_1_36' title='bbox 265 679 429 741; x_wconf 78' lang='lat' dir='ltr'><strong>admiscent</strong></span> <span class='ocrx_word' id='word_1_37' title='bbox 447 676 563 754; x_wconf 84' lang='lat' dir='ltr'><strong>nigram</strong></span> <span class='ocrx_word' id='word_1_38' title='bbox 580 670 759 751; x_wconf 89' lang='lat' dir='ltr'><strong>mastlcben,</strong></span> <span class='ocrx_word' id='word_1_39' title='bbox 777 683 853 748; x_wconf 87' lang='lat' dir='ltr'><strong>quae</strong></span> <span class='ocrx_word' id='word_1_40' title='bbox 871 667 904 726; x_wconf 92' lang='lat' dir='ltr'><strong>in</strong></span> <span class='ocrx_word' id='word_1_41' title='bbox 920 663 1015 724; x_wconf 81' lang='lat' dir='ltr'><strong>Ponto</strong></span> <span class='ocrx_word' id='word_1_42' title='bbox 1032 657 1161 719; x_wconf 73' lang='lat' dir='ltr'><strong>lamminis</strong></span> 
     </span>
     <span class='ocr_line' id='line_1_7' title="bbox 153 757 1146 848; baseline -0.029 -15"><span class='ocrx_word' id='word_1_43' title='bbox 153 770 260 832; x_wconf 91' lang='lat' dir='ltr'><strong>similis</strong></span> <span class='ocrx_word' id='word_1_44' title='bbox 287 770 433 848; x_wconf 77' lang='lat' dir='ltr'><strong>gignitur,</strong></span> <span class='ocrx_word' id='word_1_45' title='bbox 465 773 496 826; x_wconf 93' lang='lat' dir='ltr'><strong>et</strong></span> <span class='ocrx_word' id='word_1_46' title='bbox 522 765 577 824; x_wconf 86' lang='lat' dir='ltr'><strong>iris</strong></span> <span class='ocrx_word' id='word_1_47' title='bbox 603 757 734 822; x_wconf 87' lang='lat' dir='ltr'><strong>radicem</strong></span> <span class='ocrx_word' id='word_1_48' title='bbox 761 757 928 834; x_wconf 85' lang='lat' dir='ltr'><strong>oleumque.</strong></span> <span class='ocrx_word' id='word_1_49' title='bbox 978 767 1045 811; x_wconf 88' lang='lat' dir='ltr'><strong>uam</strong></span> <span class='ocrx_word' id='word_1_50' title='bbox 1069 763 1146 807; x_wconf 87' lang='lat' dir='ltr'><strong>ceram</strong></span> 
     </span>
     <span class='ocr_line' id='line_1_8' title="bbox 154 838 1146 941; baseline -0.028 -19"><span class='ocrx_word' id='word_1_51' title='bbox 154 857 371 941; x_wconf 78' lang='lat' dir='ltr'><strong>accipientibus</strong></span> <span class='ocrx_word' id='word_1_52' title='bbox 393 856 471 915; x_wconf 86' lang='lat' dir='ltr'><strong>vasis</strong></span> <span class='ocrx_word' id='word_1_53' title='bbox 495 859 682 932; x_wconf 81' lang='lat' dir='ltr'><strong>compertum</strong></span> <span class='ocrx_word' id='word_1_54' title='bbox 709 850 777 908; x_wconf 83' lang='lat' dir='ltr'><strong>vina</strong></span> <span class='ocrx_word' id='word_1_55' title='bbox 804 861 951 906; x_wconf 80' lang='lat' dir='ltr'><strong>acescere.</strong></span> <span class='ocrx_word' id='word_1_56' title='bbox 996 838 1047 900; x_wconf 91' lang='lat' dir='ltr'><strong>sed</strong></span> <span class='ocrx_word' id='word_1_57' title='bbox 1073 845 1146 896; x_wconf 78' lang='lat' dir='ltr'><strong>trans</strong></span> 
     </span>
     <span class='ocr_line' id='line_1_9' title="bbox 155 927 1148 1022; baseline -0.028 -11"><span class='ocrx_word' id='word_1_58' title='bbox 155 949 235 1011; x_wconf 89' lang='lat' dir='ltr'><strong>lerre</strong></span> <span class='ocrx_word' id='word_1_59' title='bbox 258 952 289 1008; x_wconf 93' lang='lat' dir='ltr'><strong>in</strong></span> <span class='ocrx_word' id='word_1_60' title='bbox 312 965 348 1008; x_wconf 90' lang='lat' dir='ltr'><strong>ea</strong></span> <span class='ocrx_word' id='word_1_61' title='bbox 370 961 438 1006; x_wconf 87' lang='lat' dir='ltr'><strong>vasa</strong></span> <span class='ocrx_word' id='word_1_62' title='bbox 460 945 493 1004; x_wconf 92' lang='lat' dir='ltr'><strong>iu</strong></span> <span class='ocrx_word' id='word_1_63' title='bbox 516 941 626 1022; x_wconf 91' lang='lat' dir='ltr'><strong>quibus</strong></span> <span class='ocrx_word' id='word_1_64' title='bbox 648 945 767 1000; x_wconf 84' lang='lat' dir='ltr'><strong>acetum</strong></span> <span class='ocrx_word' id='word_1_65' title='bbox 789 936 881 998; x_wconf 85' lang='lat' dir='ltr'><strong>luerit</strong></span> <span class='ocrx_word' id='word_1_66' title='bbox 907 931 1011 994; x_wconf 76' lang='lat' dir='ltr'><strong>ullius</strong></span> <span class='ocrx_word' id='word_1_67' title='bbox 1032 927 1148 1006; x_wconf 86' lang='lat' dir='ltr'><strong>quanin</strong></span> 
     </span>
    </p>

    <p class='ocr_par' dir='ltr' id='par_1_4' title="bbox 102 1019 1173 1385">
     <span class='ocr_line' id='line_1_10' title="bbox 102 1019 1148 1116; baseline -0.019 -24"><span class='ocrx_word' id='word_1_68' title='bbox 102 1043 154 1094; x_wconf 77' lang='lat'><strong>129</strong></span> <span class='ocrx_word' id='word_1_69' title='bbox 164 1057 199 1100; x_wconf 86' lang='lat' dir='ltr'><strong>ea</strong></span> <span class='ocrx_word' id='word_1_70' title='bbox 221 1040 253 1099; x_wconf 89' lang='lat' dir='ltr'><strong>in</strong></span> <span class='ocrx_word' id='word_1_71' title='bbox 276 1035 387 1116; x_wconf 87' lang='lat' dir='ltr'><strong>quibus</strong></span> <span class='ocrx_word' id='word_1_72' title='bbox 410 1032 497 1095; x_wconf 88' lang='lat' dir='ltr'><strong>dulce</strong></span> <span class='ocrx_word' id='word_1_73' title='bbox 524 1037 576 1093; x_wconf 84' lang='lat' dir='ltr'><strong>aut</strong></span> <span class='ocrx_word' id='word_1_74' title='bbox 604 1029 742 1093; x_wconf 90' lang='lat' dir='ltr'><strong>mulsum.</strong></span> <span class='ocrx_word' id='word_1_75' title='bbox 788 1024 873 1086; x_wconf 79' lang='lat' dir='ltr'><strong>(latu</strong></span> <span class='ocrx_word' id='word_1_76' title='bbox 901 1021 986 1084; x_wconf 90' lang='lat' dir='ltr'><strong>iubet</strong></span> <span class='ocrx_word' id='word_1_77' title='bbox 1012 1019 1074 1077; x_wconf 87' lang='lat' dir='ltr'><strong>vina</strong></span> <span class='ocrx_word' id='word_1_78' title='bbox 1097 1031 1148 1074; x_wconf 86' lang='lat' dir='ltr'><strong>eun·</strong></span> 
     </span>
     <span class='ocr_line' id='line_1_11' title="bbox 156 1103 1173 1189; baseline -0.029 0"><span class='ocrx_word' id='word_1_79' title='bbox 156 1129 271 1189; x_wconf 89' lang='lat' dir='ltr'><strong>einuari</strong></span> <span class='ocrx_word' id='word_1_80' title='bbox 292 1159 337 1170; x_wconf 88' lang='lat'><strong>--</strong></span> <span class='ocrx_word' id='word_1_81' title='bbox 360 1125 418 1184; x_wconf 88' lang='lat' dir='ltr'><strong>boc</strong></span> <span class='ocrx_word' id='word_1_82' title='bbox 442 1125 523 1183; x_wconf 90' lang='lat' dir='ltr'><strong>enim</strong></span> <span class='ocrx_word' id='word_1_83' title='bbox 550 1122 646 1182; x_wconf 89' lang='lat' dir='ltr'><strong>utitur</strong></span> <span class='ocrx_word' id='word_1_84' title='bbox 669 1116 761 1178; x_wconf 86' lang='lat' dir='ltr'><strong>verbo</strong></span> <span class='ocrx_word' id='word_1_85' title='bbox 788 1147 832 1158; x_wconf 88' lang='lat'><strong>--</strong></span> <span class='ocrx_word' id='word_1_86' title='bbox 861 1113 972 1173; x_wconf 89' lang='lat' dir='ltr'><strong>cineris</strong></span> <span class='ocrx_word' id='word_1_87' title='bbox 999 1103 1076 1168; x_wconf 81' lang='lat' dir='ltr'><strong>lixivi</strong></span> <span class='ocrx_word' id='word_1_88' title='bbox 1100 1119 1149 1162; x_wconf 86' lang='lat' dir='ltr'><strong>auu</strong></span> <span class='ocrx_word' id='word_1_89' title='bbox 1159 1111 1173 1152; x_wconf 78' lang='lat'><strong>10</strong></span> 
     </span>
     <span class='ocr_line' id='line_1_12' title="bbox 157 1191 1151 1292; baseline -0.028 -14"><span class='ocrx_word' id='word_1_90' title='bbox 157 1218 276 1278; x_wconf 88' lang='lat' dir='ltr'><strong>deirntu</strong></span> <span class='ocrx_word' id='word_1_91' title='bbox 307 1216 386 1276; x_wconf 86' lang='lat' dir='ltr'><strong>cocti</strong></span> <span class='ocrx_word' id='word_1_92' title='bbox 415 1221 500 1292; x_wconf 86' lang='lat' dir='ltr'><strong>parte</strong></span> <span class='ocrx_word' id='word_1_93' title='bbox 531 1209 760 1289; x_wconf 85' lang='lat' dir='ltr'><strong>quadragesima</strong></span> <span class='ocrx_word' id='word_1_94' title='bbox 790 1206 821 1266; x_wconf 84' lang='lat' dir='ltr'><strong>lu</strong></span> <span class='ocrx_word' id='word_1_95' title='bbox 854 1201 1001 1280; x_wconf 87' lang='lat' dir='ltr'><strong>culleum,</strong></span> <span class='ocrx_word' id='word_1_96' title='bbox 1031 1194 1074 1257; x_wconf 83' lang='lat' dir='ltr'><strong>rel</strong></span> <span class='ocrx_word' id='word_1_97' title='bbox 1100 1191 1151 1252; x_wconf 85' lang='lat' dir='ltr'><strong>sals</strong></span> 
     </span>
     <span class='ocr_line' id='line_1_13' title="bbox 159 1283 1151 1385; baseline -0.028 -18"><span class='ocrx_word' id='word_1_98' title='bbox 159 1303 351 1385; x_wconf 78' lang='lat' dir='ltr'><strong>sesquilibra,</strong></span> <span class='ocrx_word' id='word_1_99' title='bbox 380 1302 501 1362; x_wconf 89' lang='lat' dir='ltr'><strong>interim</strong></span> <span class='ocrx_word' id='word_1_100' title='bbox 530 1306 561 1360; x_wconf 90' lang='lat' dir='ltr'><strong>et</strong></span> <span class='ocrx_word' id='word_1_101' title='bbox 583 1305 651 1360; x_wconf 87' lang='lat' dir='ltr'><strong>tuso</strong></span> <span class='ocrx_word' id='word_1_102' title='bbox 678 1309 835 1357; x_wconf 76' lang='lat' dir='ltr'><strong>munnere.</strong></span> <span class='ocrx_word' id='word_1_103' title='bbox 891 1291 962 1352; x_wconf 84' lang='lat' dir='ltr'><strong>facit</strong></span> <span class='ocrx_word' id='word_1_104' title='bbox 992 1293 1023 1348; x_wconf 88' lang='lat' dir='ltr'><strong>et</strong></span> <span class='ocrx_word' id='word_1_105' title='bbox 1047 1283 1151 1362; x_wconf 84' lang='lat' dir='ltr'><strong>sulpuris</strong></span> 
     </span>
    </p>

    <p class='ocr_par' dir='ltr' id='par_1_5' title="bbox 106 1368 1174 2005">
     <span class='ocr_line' id='line_1_14' title="bbox 106 1368 1151 1474; baseline -0.029 -15"><span class='ocrx_word' id='word_1_106' title='bbox 106 1398 158 1448; x_wconf 84' lang='lat'><strong>1³0</strong></span> <span class='ocrx_word' id='word_1_107' title='bbox 168 1397 359 1474; x_wconf 85' lang='lat' dir='ltr'><strong>mentionem,</strong></span> <span class='ocrx_word' id='word_1_108' title='bbox 381 1393 498 1451; x_wconf 84' lang='lat' dir='ltr'><strong>resinae</strong></span> <span class='ocrx_word' id='word_1_109' title='bbox 522 1403 594 1448; x_wconf 83' lang='lat' dir='ltr'><strong>vere</strong></span> <span class='ocrx_word' id='word_1_110' title='bbox 612 1387 643 1448; x_wconf 93' lang='lat' dir='ltr'><strong>in</strong></span> <span class='ocrx_word' id='word_1_111' title='bbox 662 1385 840 1446; x_wconf 75' lang='lat' dir='ltr'><strong>nouissimis.</strong></span> <span class='ocrx_word' id='word_1_112' title='bbox 876 1395 971 1460; x_wconf 87' lang='lat' dir='ltr'><strong>super·</strong></span> <span class='ocrx_word' id='word_1_113' title='bbox 993 1375 1085 1437; x_wconf 89' lang='lat' dir='ltr'><strong>amula</strong></span> <span class='ocrx_word' id='word_1_114' title='bbox 1103 1368 1151 1430; x_wconf 87' lang='lat' dir='ltr'><strong>addi</strong></span> 
     </span>
     <span class='ocr_line' id='line_1_15' title="bbox 160 1463 1151 1552; baseline -0.028 -6"><span class='ocrx_word' id='word_1_115' title='bbox 160 1489 382 1545; x_wconf 74' lang='lat' dir='ltr'><strong>maturescente</strong></span> <span class='ocrx_word' id='word_1_116' title='bbox 404 1479 464 1540; x_wconf 90' lang='lat' dir='ltr'><strong>lam</strong></span> <span class='ocrx_word' id='word_1_117' title='bbox 486 1480 555 1539; x_wconf 87' lang='lat' dir='ltr'><strong>vinu</strong></span> <span class='ocrx_word' id='word_1_118' title='bbox 578 1475 662 1538; x_wconf 80' lang='lat' dir='ltr'><strong>iarbae</strong></span> <span class='ocrx_word' id='word_1_119' title='bbox 684 1481 831 1552; x_wconf 72' lang='lat' dir='ltr'><strong>mutuum,</strong></span> <span class='ocrx_word' id='word_1_120' title='bbox 857 1467 939 1549; x_wconf 85' lang='lat' dir='ltr'><strong>quud</strong></span> <span class='ocrx_word' id='word_1_121' title='bbox 962 1466 1012 1527; x_wconf 88' lang='lat' dir='ltr'><strong>ille</strong></span> <span class='ocrx_word' id='word_1_122' title='bbox 1039 1463 1151 1524; x_wconf 81' lang='lat' dir='ltr'><strong>toruum</strong></span> 
     </span>
     <span class='ocr_line' id='line_1_16' title="bbox 161 1546 1174 1652; baseline -0.027 -19"><span class='ocrx_word' id='word_1_123' title='bbox 161 1572 302 1652; x_wconf 85' lang='lat' dir='ltr'><strong>appellat,</strong></span> <span class='ocrx_word' id='word_1_124' title='bbox 329 1587 384 1630; x_wconf 86' lang='lat' dir='ltr'><strong>uos</strong></span> <span class='ocrx_word' id='word_1_125' title='bbox 410 1568 612 1647; x_wconf 85' lang='lat' dir='ltr'><strong>intellegimus</strong></span> <span class='ocrx_word' id='word_1_126' title='bbox 638 1565 799 1624; x_wconf 76' lang='lat' dir='ltr'><strong>uerissime</strong></span> <span class='ocrx_word' id='word_1_127' title='bbox 827 1573 1014 1640; x_wconf 83' lang='lat' dir='ltr'><strong>expressum.</strong></span> <span class='ocrx_word' id='word_1_128' title='bbox 1056 1559 1084 1613; x_wconf 93' lang='lat' dir='ltr'><strong>et</strong></span> <span class='ocrx_word' id='word_1_129' title='bbox 1105 1546 1174 1608; x_wconf 75' lang='lat' dir='ltr'><strong>alliu</strong></span> 
     </span>
     <span class='ocr_line' id='line_1_17' title="bbox 162 1639 1151 1738; baseline -0.027 -15"><span class='ocrx_word' id='word_1_130' title='bbox 162 1664 274 1722; x_wconf 90' lang='lat' dir='ltr'><strong>scimus</strong></span> <span class='ocrx_word' id='word_1_131' title='bbox 288 1658 445 1738; x_wconf 86' lang='lat' dir='ltr'><strong>tinguendi</strong></span> <span class='ocrx_word' id='word_1_132' title='bbox 463 1659 556 1737; x_wconf 87' lang='lat' dir='ltr'><strong>gratia</strong></span> <span class='ocrx_word' id='word_1_133' title='bbox 575 1653 707 1735; x_wconf 86' lang='lat' dir='ltr'><strong>colores,</strong></span> <span class='ocrx_word' id='word_1_134' title='bbox 719 1659 754 1713; x_wconf 91' lang='lat' dir='ltr'><strong>ut</strong></span> <span class='ocrx_word' id='word_1_135' title='bbox 770 1652 957 1730; x_wconf 85' lang='lat' dir='ltr'><strong>pigmentum</strong></span> <span class='ocrx_word' id='word_1_136' title='bbox 976 1640 1089 1722; x_wconf 88' lang='lat' dir='ltr'><strong>aliqued</strong></span> <span class='ocrx_word' id='word_1_137' title='bbox 1103 1639 1151 1714; x_wconf 80' lang='lat' dir='ltr'><strong>uni,</strong></span> 
     </span>
     <span class='ocr_line' id='line_1_18' title="bbox 163 1731 1151 1829; baseline -0.023 -19"><span class='ocrx_word' id='word_1_138' title='bbox 163 1759 252 1829; x_wconf 90' lang='lat' dir='ltr'><strong>atque</strong></span> <span class='ocrx_word' id='word_1_139' title='bbox 274 1751 317 1810; x_wconf 89' lang='lat' dir='ltr'><strong>ita</strong></span> <span class='ocrx_word' id='word_1_140' title='bbox 338 1750 480 1828; x_wconf 87' lang='lat' dir='ltr'><strong>pinguius</strong></span> <span class='ocrx_word' id='word_1_141' title='bbox 503 1747 578 1806; x_wconf 74' lang='lat' dir='ltr'><strong>lieri.</strong></span> <span class='ocrx_word' id='word_1_142' title='bbox 618 1751 664 1806; x_wconf 89' lang='lat' dir='ltr'><strong>tut</strong></span> <span class='ocrx_word' id='word_1_143' title='bbox 686 1741 839 1803; x_wconf 81' lang='lat' dir='ltr'><strong>ueneficiis</strong></span> <span class='ocrx_word' id='word_1_144' title='bbox 861 1736 982 1818; x_wconf 88' lang='lat' dir='ltr'><strong>placere</strong></span> <span class='ocrx_word' id='word_1_145' title='bbox 1006 1733 1116 1812; x_wconf 85' lang='lat' dir='ltr'><strong>cogitur,</strong></span> <span class='ocrx_word' id='word_1_146' title='bbox 1132 1731 1151 1784; x_wconf 82' lang='lat' dir='ltr'><strong>el</strong></span> 
     </span>
     <span class='ocr_line' id='line_1_19' title="bbox 162 1823 1150 1909; baseline -0.023 -10"><span class='ocrx_word' id='word_1_147' title='bbox 162 1841 308 1900; x_wconf 87' lang='lat' dir='ltr'><strong>miramur</strong></span> <span class='ocrx_word' id='word_1_148' title='bbox 326 1839 449 1899; x_wconf 82' lang='lat' dir='ltr'><strong>noxium</strong></span> <span class='ocrx_word' id='word_1_149' title='bbox 468 1851 542 1898; x_wconf 89' lang='lat' dir='ltr'><strong>esse.</strong></span> <span class='ocrx_word' id='word_1_150' title='bbox 570 1836 602 1909; x_wconf 81' lang='lat' dir='ltr'><strong>lu</strong></span> <span class='ocrx_word' id='word_1_151' title='bbox 624 1829 730 1893; x_wconf 75' lang='lat' dir='ltr'><strong>uitium</strong></span> <span class='ocrx_word' id='word_1_152' title='bbox 751 1827 923 1891; x_wconf 84' lang='lat' dir='ltr'><strong>inclinantis</strong></span> <span class='ocrx_word' id='word_1_153' title='bbox 947 1823 1150 1902; x_wconf 81' lang='lat' dir='ltr'><strong>experimentum</strong></span> 
     </span>
     <span class='ocr_line' id='line_1_20' title="bbox 164 1915 912 2005; baseline -0.016 -17"><span class='ocrx_word' id='word_1_154' title='bbox 164 1936 210 1988; x_wconf 86' lang='lat' dir='ltr'><strong>est</strong></span> <span class='ocrx_word' id='word_1_155' title='bbox 233 1927 348 1988; x_wconf 88' lang='lat' dir='ltr'><strong>lamnae</strong></span> <span class='ocrx_word' id='word_1_156' title='bbox 370 1923 527 2005; x_wconf 85' lang='lat' dir='ltr'><strong>plumbeae</strong></span> <span class='ocrx_word' id='word_1_157' title='bbox 550 1929 684 1984; x_wconf 83' lang='lat' dir='ltr'><strong>mutatus</strong></span> <span class='ocrx_word' id='word_1_158' title='bbox 706 1923 738 1980; x_wconf 90' lang='lat' dir='ltr'><strong>in</strong></span> <span class='ocrx_word' id='word_1_159' title='bbox 762 1937 799 1980; x_wconf 86' lang='lat' dir='ltr'><strong>ea</strong></span> <span class='ocrx_word' id='word_1_160' title='bbox 822 1915 912 1978; x_wconf 88' lang='lat' dir='ltr'><strong>coles.</strong></span> 
     </span>
    </p>
   </div>
   <div class='ocr_carea' id='block_1_3' title="bbox 110 1995 1168 2540">
    <p class='ocr_par' dir='ltr' id='par_1_6' title="bbox 110 1995 1168 2448">
     <span class='ocr_line' id='line_1_21' title="bbox 110 1995 1168 2104; baseline -0.025 -24"><span class='ocrx_word' id='word_1_161' title='bbox 110 2017 161 2069; x_wconf 76' lang='lat'><strong>181</strong></span> <span class='ocrx_word' id='word_1_162' title='bbox 230 2008 306 2098; x_wconf 82' lang='lat'>(26)</span> <span class='ocrx_word' id='word_1_163' title='bbox 338 2011 498 2104; x_wconf 82' lang='lat' dir='ltr'><strong>Proprium</strong></span> <span class='ocrx_word' id='word_1_164' title='bbox 521 2021 621 2074; x_wconf 86' lang='lat' dir='ltr'><strong>autem</strong></span> <span class='ocrx_word' id='word_1_165' title='bbox 648 2013 728 2071; x_wconf 88' lang='lat' dir='ltr'><strong>inter</strong></span> <span class='ocrx_word' id='word_1_166' title='bbox 755 1995 888 2087; x_wconf 74' lang='lat' dir='ltr'><strong>liquores</strong></span> <span class='ocrx_word' id='word_1_167' title='bbox 914 2005 986 2064; x_wconf 77' lang='lat' dir='ltr'><strong>dno</strong></span> <span class='ocrx_word' id='word_1_168' title='bbox 1014 1997 1168 2060; x_wconf 63' lang='lat' dir='ltr'><strong>rnucesuut⁰</strong></span> 
     </span>
     <span class='ocr_line' id='line_1_22' title="bbox 162 2083 1149 2184; baseline -0.018 -20"><span class='ocrx_word' id='word_1_169' title='bbox 162 2112 214 2164; x_wconf 87' lang='lat' dir='ltr'><strong>aut</strong></span> <span class='ocrx_word' id='word_1_170' title='bbox 236 2105 267 2165; x_wconf 90' lang='lat' dir='ltr'><strong>lu</strong></span> <span class='ocrx_word' id='word_1_171' title='bbox 291 2111 410 2164; x_wconf 88' lang='lat' dir='ltr'><strong>acetum</strong></span> <span class='ocrx_word' id='word_1_172' title='bbox 432 2105 517 2184; x_wconf 86' lang='lat' dir='ltr'><strong>verti,</strong></span> <span class='ocrx_word' id='word_1_173' title='bbox 540 2108 719 2178; x_wconf 78' lang='lat' dir='ltr'><strong>exstantque</strong></span> <span class='ocrx_word' id='word_1_174' title='bbox 742 2097 906 2159; x_wconf 87' lang='lat' dir='ltr'><strong>medicinae</strong></span> <span class='ocrx_word' id='word_1_175' title='bbox 924 2091 1081 2153; x_wconf 84' lang='lat' dir='ltr'><strong>volumine.</strong></span> <span class='ocrx_word' id='word_1_176' title='bbox 1108 2083 1149 2140; x_wconf 72' lang='lat' dir='ltr'><strong>ltu</strong></span> 
     </span>
     <span class='ocr_line' id='line_1_23' title="bbox 161 2175 1151 2272; baseline -0.017 -21"><span class='ocrx_word' id='word_1_177' title='bbox 161 2194 223 2252; x_wconf 81' lang='lat' dir='ltr'><strong>vini</strong></span> <span class='ocrx_word' id='word_1_178' title='bbox 242 2195 351 2253; x_wconf 84' lang='lat' dir='ltr'><strong>siccata</strong></span> <span class='ocrx_word' id='word_1_179' title='bbox 370 2193 478 2272; x_wconf 89' lang='lat' dir='ltr'><strong>recipit</strong></span> <span class='ocrx_word' id='word_1_180' title='bbox 495 2194 584 2270; x_wconf 84' lang='lat' dir='ltr'><strong>ignes</strong></span> <span class='ocrx_word' id='word_1_181' title='bbox 601 2205 634 2250; x_wconf 89' lang='lat' dir='ltr'><strong>ae</strong></span> <span class='ocrx_word' id='word_1_182' title='bbox 653 2192 718 2249; x_wconf 91' lang='lat' dir='ltr'><strong>sine</strong></span> <span class='ocrx_word' id='word_1_183' title='bbox 742 2186 882 2248; x_wconf 84' lang='lat' dir='ltr'><strong>abmentu</strong></span> <span class='ocrx_word' id='word_1_184' title='bbox 905 2200 961 2262; x_wconf 88' lang='lat' dir='ltr'><strong>per</strong></span> <span class='ocrx_word' id='word_1_185' title='bbox 985 2195 1051 2240; x_wconf 86' lang='lat' dir='ltr'><strong>sese</strong></span> <span class='ocrx_word' id='word_1_186' title='bbox 1071 2175 1151 2251; x_wconf 71' lang='lat' dir='ltr'><strong>lagu</strong></span> 
     </span>
     <span class='ocr_line' id='line_1_24' title="bbox 163 2259 1152 2354; baseline -0.015 -15"><span class='ocrx_word' id='word_1_187' title='bbox 163 2282 239 2342; x_wconf 88' lang='lat' dir='ltr'><strong>ciuis</strong></span> <span class='ocrx_word' id='word_1_188' title='bbox 253 2283 318 2340; x_wconf 88' lang='lat' dir='ltr'><strong>eius</strong></span> <span class='ocrx_word' id='word_1_189' title='bbox 333 2283 405 2340; x_wconf 89' lang='lat' dir='ltr'><strong>nitri</strong></span> <span class='ocrx_word' id='word_1_190' title='bbox 420 2287 556 2341; x_wconf 88' lang='lat' dir='ltr'><strong>naturam</strong></span> <span class='ocrx_word' id='word_1_191' title='bbox 570 2278 660 2339; x_wconf 88' lang='lat' dir='ltr'><strong>habet</strong></span> <span class='ocrx_word' id='word_1_192' title='bbox 678 2277 858 2354; x_wconf 90' lang='lat' dir='ltr'><strong>easdemque</strong></span> <span class='ocrx_word' id='word_1_193' title='bbox 876 2274 965 2352; x_wconf 90' lang='lat' dir='ltr'><strong>vires,</strong></span> <span class='ocrx_word' id='word_1_194' title='bbox 984 2269 1042 2329; x_wconf 88' lang='lat' dir='ltr'><strong>hec</strong></span> <span class='ocrx_word' id='word_1_195' title='bbox 1059 2259 1152 2341; x_wconf 72' lang='lat' dir='ltr'><strong>amplius</strong></span> 
     </span>
     <span class='ocr_line' id='line_1_25' title="bbox 163 2367 568 2448; baseline 0 -20"><span class='ocrx_word' id='word_1_196' title='bbox 163 2367 243 2447; x_wconf 86' lang='lat' dir='ltr'><strong>quad</strong></span> <span class='ocrx_word' id='word_1_197' title='bbox 267 2370 407 2448; x_wconf 85' lang='lat' dir='ltr'><strong>pinguior</strong></span> <span class='ocrx_word' id='word_1_198' title='bbox 430 2372 568 2430; x_wconf 87' lang='lat' dir='ltr'><strong>sentitur.</strong></span> 
     </span>
    </p>

    <p class='ocr_par' dir='ltr' id='par_1_7' title="bbox 110 2439 1167 2540">
     <span class='ocr_line' id='line_1_26' title="bbox 110 2439 1167 2540; baseline -0.024 -17"><span class='ocrx_word' id='word_1_199' title='bbox 110 2461 162 2512; x_wconf 80' lang='lat'><strong>132</strong></span> <span class='ocrx_word' id='word_1_200' title='bbox 230 2453 283 2520; x_wconf 77' lang='lat'><strong>21.</strong></span> <span class='ocrx_word' id='word_1_201' title='bbox 316 2451 392 2540; x_wconf 78' lang='grc'>(27)</span> <span class='ocrx_word' id='word_1_202' title='bbox 424 2458 528 2538; x_wconf 83' lang='lat' dir='ltr'><strong>llagna</strong></span> <span class='ocrx_word' id='word_1_203' title='bbox 559 2466 591 2519; x_wconf 86' lang='lat' dir='ltr'><strong>et</strong></span> <span class='ocrx_word' id='word_1_204' title='bbox 618 2454 744 2518; x_wconf 80' lang='lat' dir='ltr'><strong>rudecto</strong></span> <span class='ocrx_word' id='word_1_205' title='bbox 772 2453 831 2514; x_wconf 88' lang='lat' dir='ltr'><strong>iam</strong></span> <span class='ocrx_word' id='word_1_206' title='bbox 861 2452 929 2511; x_wconf 85' lang='lat' dir='ltr'><strong>vinu</strong></span> <span class='ocrx_word' id='word_1_207' title='bbox 960 2443 1114 2509; x_wconf 80' lang='lat' dir='ltr'><strong>differentia</strong></span> <span class='ocrx_word' id='word_1_208' title='bbox 1134 2439 1167 2494; x_wconf 65' lang='lat' dir='ltr'><strong>iu*</strong></span> 
     </span>
    </p>
   </div>
   <div class='ocr_carea' id='block_1_4' title="bbox 163 2641 1153 3718">
    <p class='ocr_par' dir='ltr' id='par_1_8' title="bbox 163 2641 1153 2818">
     <span class='ocr_line' id='line_1_27' title="bbox 166 2641 1153 2746; baseline -0.003 -28"><span class='ocrx_word' id='word_1_209' title='bbox 166 2734 171 2744; x_wconf 27' lang='grc' dir='ltr'>ι</span> <span class='ocrx_word' id='word_1_210' title='bbox 236 2667 253 2718; x_wconf 75' lang='lat' dir='ltr'><strong>d</strong></span> <span class='ocrx_word' id='word_1_211' title='bbox 276 2681 316 2718; x_wconf 82' lang='lat' dir='ltr'><strong>aaa</strong></span> <span class='ocrx_word' id='word_1_212' title='bbox 333 2661 505 2746; x_wconf 77' lang='lat' dir='ltr'><strong>iniucunda?</strong></span> <span class='ocrx_word' id='word_1_213' title='bbox 534 2664 584 2729; x_wconf 81' lang='lat' dir='ltr'><strong>cfr.</strong></span> <span class='ocrx_word' id='word_1_214' title='bbox 603 2665 666 2715; x_wconf 87' lang='lat' dir='ltr'><strong>XII</strong></span> <span class='ocrx_word' id='word_1_215' title='bbox 674 2663 711 2715; x_wconf 67' lang='lat' dir='ltr'><strong>dei</strong></span> <span class='ocrx_word' id='word_1_216' title='bbox 727 2661 769 2732; x_wconf 72' lang='lat' dir='ltr'><strong>(p.</strong></span> <span class='ocrx_word' id='word_1_217' title='bbox 780 2664 847 2725; x_wconf 79' lang='lat'><strong>290,</strong></span> <span class='ocrx_word' id='word_1_218' title='bbox 857 2659 894 2726; x_wconf 87' lang='lat'><strong>6).</strong></span> <span class='ocrx_word' id='word_1_219' title='bbox 919 2656 926 2724; x_wconf 77' lang='lat' dir='ltr'><strong>l</strong></span> <span class='ocrx_word' id='word_1_220' title='bbox 953 2655 1064 2709; x_wconf 63' lang='lat' dir='ltr'><strong>idaiam</strong></span> <span class='ocrx_word' id='word_1_221' title='bbox 1079 2641 1153 2701; x_wconf 54' lang='lat' dir='ltr'><strong>Maii·</strong></span> 
     </span>
     <span class='ocr_line' id='line_1_28' title="bbox 163 2722 1102 2818; baseline -0.013 -32"><span class='ocrx_word' id='word_1_222' title='bbox 163 2733 324 2818; x_wconf 75' lang='lat' dir='ltr'><strong>aducamil.</strong></span> <span class='ocrx_word' id='word_1_223' title='bbox 356 2735 480 2790; x_wconf 86' lang='lat' dir='ltr'><strong>mdicam</strong></span> <span class='ocrx_word' id='word_1_224' title='bbox 499 2733 660 2788; x_wconf 62' lang='lat' dir='ltr'><strong>aestuante</strong></span> <span class='ocrx_word' id='word_1_225' title='bbox 670 2731 729 2788; x_wconf 71' lang='grc' dir='ltr'><strong>θεῖ.</strong></span> <span class='ocrx_word' id='word_1_226' title='bbox 761 2731 869 2786; x_wconf 83' lang='lat' dir='ltr'><strong>Idicem</strong></span> <span class='ocrx_word' id='word_1_227' title='bbox 886 2722 1102 2782; x_wconf 84' lang='lat' dir='ltr'><strong>Barb.ed.Verc.</strong></span> 
     </span>
    </p>

    <p class='ocr_par' dir='ltr' id='par_1_9' title="bbox 164 2788 1153 3447">
     <span class='ocr_line' id='line_1_29' title="bbox 165 2788 1153 2874; baseline -0.007 -17"><span class='ocrx_word' id='word_1_228' title='bbox 165 2809 181 2857; x_wconf 83' lang='lat' dir='ltr'><strong>b</strong></span> <span class='ocrx_word' id='word_1_229' title='bbox 200 2806 358 2861; x_wconf 76' lang='lat' dir='ltr'><strong>mesuchan</strong></span> <span class='ocrx_word' id='word_1_230' title='bbox 376 2805 518 2874; x_wconf 78' lang='lat' dir='ltr'><strong>cclLuqd.</strong></span> <span class='ocrx_word' id='word_1_231' title='bbox 548 2819 606 2858; x_wconf 78' lang='lat' dir='ltr'><strong>-em</strong></span> <span class='ocrx_word' id='word_1_232' title='bbox 624 2805 664 2858; x_wconf 82' lang='lat' dir='ltr'><strong>ed.</strong></span> <span class='ocrx_word' id='word_1_233' title='bbox 675 2803 735 2858; x_wconf 77' lang='lat' dir='ltr'><strong>Gal.</strong></span> <span class='ocrx_word' id='word_1_234' title='bbox 759 2803 835 2857; x_wconf 88' lang='lat' dir='ltr'><strong>-ieen</strong></span> <span class='ocrx_word' id='word_1_235' title='bbox 851 2807 903 2853; x_wconf 79' lang='lat' dir='ltr'><strong>Ila.</strong></span> <span class='ocrx_word' id='word_1_236' title='bbox 927 2797 1013 2853; x_wconf 68' lang='lat' dir='ltr'><strong>dcem</strong></span> <span class='ocrx_word' id='word_1_237' title='bbox 1031 2788 1153 2848; x_wconf 69' lang='lat' dir='ltr'><strong>leid-alli</strong></span> 
     </span>
     <span class='ocr_line' id='line_1_30' title="bbox 165 2859 1153 2958; baseline -0.004 -30"><span class='ocrx_word' id='word_1_238' title='bbox 165 2873 223 2956; x_wconf 75' lang='lat' dir='ltr'><strong>Gel.</strong></span> <span class='ocrx_word' id='word_1_239' title='bbox 251 2877 337 2958; x_wconf 50' lang='lat' dir='ltr'><strong>cing⁸</strong></span> <span class='ocrx_word' id='word_1_240' title='bbox 350 2881 413 2933; x_wconf 82' lang='lat'><strong><em>135.</em></strong></span> <span class='ocrx_word' id='word_1_241' title='bbox 440 2879 444 2944; x_wconf 84' lang='grc' dir='ltr'>Ι</span> <span class='ocrx_word' id='word_1_242' title='bbox 469 2875 615 2930; x_wconf 80' lang='lat' dir='ltr'><strong>bituminis</strong></span> <span class='ocrx_word' id='word_1_243' title='bbox 638 2871 952 2930; x_wconf 59' lang='lat' dir='ltr'><strong>pseudoanchusa.</strong></span> <span class='ocrx_word' id='word_1_244' title='bbox 1055 2859 1153 2920; x_wconf 60' lang='lat' dir='ltr'><strong>iiiiii·</strong></span> 
     </span>
     <span class='ocr_line' id='line_1_31' title="bbox 165 2929 1153 3016; baseline 0.007 -19"><span class='ocrx_word' id='word_1_245' title='bbox 165 2963 201 2997; x_wconf 87' lang='lat' dir='ltr'><strong>m</strong></span> <span class='ocrx_word' id='word_1_246' title='bbox 218 2952 270 3000; x_wconf 79' lang='lat' dir='ltr'><strong>ns.</strong></span> <span class='ocrx_word' id='word_1_247' title='bbox 302 2963 367 3000; x_wconf 85' lang='lat' dir='ltr'><strong>mm</strong></span> <span class='ocrx_word' id='word_1_248' title='bbox 386 2951 411 3000; x_wconf 86' lang='lat' dir='ltr'><strong>d.</strong></span> <span class='ocrx_word' id='word_1_249' title='bbox 503 2953 517 3000; x_wconf 79' lang='lat' dir='ltr'><strong>l</strong></span> <span class='ocrx_word' id='word_1_250' title='bbox 543 2948 719 3016; x_wconf 81' lang='lat' dir='ltr'><strong>compertum</strong></span> <span class='ocrx_word' id='word_1_251' title='bbox 738 2946 826 3000; x_wconf 77' lang='lat' dir='ltr'><strong>esta.</strong></span> <span class='ocrx_word' id='word_1_252' title='bbox 917 2947 949 2995; x_wconf 87' lang='lat'><strong>11</strong></span> <span class='ocrx_word' id='word_1_253' title='bbox 974 2929 1153 3010; x_wconf 55' lang='lat' dir='ltr'><strong>quadriliffl&#39;ffl</strong></span> 
     </span>
     <span class='ocr_line' id='line_1_32' title="bbox 164 2996 1153 3086; baseline -0.002 -18"><span class='ocrx_word' id='word_1_254' title='bbox 164 3015 253 3070; x_wconf 78' lang='lat' dir='ltr'><strong>Raab.</strong></span> <span class='ocrx_word' id='word_1_255' title='bbox 267 3033 281 3070; x_wconf 90' lang='lat' dir='ltr'><strong>e</strong></span> <span class='ocrx_word' id='word_1_256' title='bbox 296 3016 399 3071; x_wconf 76' lang='lat' dir='ltr'><strong>Catane</strong></span> <span class='ocrx_word' id='word_1_257' title='bbox 412 3021 460 3072; x_wconf 73' lang='lat'><strong>23.</strong></span> <span class='ocrx_word' id='word_1_258' title='bbox 488 3017 769 3086; x_wconf 77' lang='lat' dir='ltr'><strong>quadringentesima</strong></span> <span class='ocrx_word' id='word_1_259' title='bbox 782 3017 811 3070; x_wconf 89' lang='lat' dir='ltr'><strong>ll.</strong></span> <span class='ocrx_word' id='word_1_260' title='bbox 822 3015 881 3070; x_wconf 78' lang='lat' dir='ltr'><strong>eald.</strong></span> <span class='ocrx_word' id='word_1_261' title='bbox 892 3010 1049 3068; x_wconf 63' lang='lat' dir='ltr'><strong>aarum.</strong></span> <span class='ocrx_word' id='word_1_262' title='bbox 1064 3007 1069 3076; x_wconf 91' lang='grc' dir='ltr'>Ι</span> <span class='ocrx_word' id='word_1_263' title='bbox 1081 2996 1153 3058; x_wconf 65' lang='lat' dir='ltr'><strong>incd-</strong></span> 
     </span>
     <span class='ocr_line' id='line_1_33' title="bbox 165 3073 1153 3156; baseline 0 -18"><span class='ocrx_word' id='word_1_264' title='bbox 165 3085 242 3139; x_wconf 87' lang='lat' dir='ltr'><strong>leum</strong></span> <span class='ocrx_word' id='word_1_265' title='bbox 265 3087 445 3144; x_wconf 71' lang='lat' dir='ltr'><strong>caddllard.</strong></span> <span class='ocrx_word' id='word_1_266' title='bbox 474 3087 609 3156; x_wconf 56' lang='lat' dir='ltr'><strong>assiduata</strong></span> <span class='ocrx_word' id='word_1_267' title='bbox 623 3083 640 3141; x_wconf 86' lang='lat' dir='ltr'><strong>l.</strong></span> <span class='ocrx_word' id='word_1_268' title='bbox 656 3089 674 3141; x_wconf 87' lang='lat' dir='ltr'><strong>l.</strong></span> <span class='ocrx_word' id='word_1_269' title='bbox 713 3087 840 3142; x_wconf 87' lang='lat' dir='ltr'><strong>culleum</strong></span> <span class='ocrx_word' id='word_1_270' title='bbox 857 3087 886 3142; x_wconf 85' lang='lat' dir='ltr'><strong>ll.</strong></span> <span class='ocrx_word' id='word_1_271' title='bbox 925 3081 1033 3154; x_wconf 81' lang='lat' dir='ltr'><strong>pulegii</strong></span> <span class='ocrx_word' id='word_1_272' title='bbox 1053 3073 1153 3134; x_wconf 62' lang='lat' dir='ltr'><strong>adasate</strong></span> 
     </span>
     <span class='ocr_line' id='line_1_34' title="bbox 165 3145 1151 3240; baseline 0 -31"><span class='ocrx_word' id='word_1_273' title='bbox 165 3155 258 3210; x_wconf 76' lang='lat' dir='ltr'><strong>Haud.</strong></span> <span class='ocrx_word' id='word_1_274' title='bbox 282 3228 288 3240; x_wconf 32' lang='lat'>⁸</span> <span class='ocrx_word' id='word_1_275' title='bbox 336 3154 688 3214; x_wconf 68' lang='lat' dir='ltr'><strong>nursiamcasam.</strong></span> <span class='ocrx_word' id='word_1_276' title='bbox 718 3159 812 3212; x_wconf 71' lang='lat' dir='ltr'><strong>dnum</strong></span> <span class='ocrx_word' id='word_1_277' title='bbox 829 3157 988 3213; x_wconf 69' lang='lat' dir='ltr'><strong>reddente</strong></span> <span class='ocrx_word' id='word_1_278' title='bbox 996 3153 1060 3208; x_wconf 77' lang='lat' dir='ltr'><strong>Bas.</strong></span> <span class='ocrx_word' id='word_1_279' title='bbox 1126 3145 1151 3194; x_wconf 66' lang='lat'><strong>¹5¹</strong></span> 
     </span>
     <span class='ocr_line' id='line_1_35' title="bbox 166 3216 1151 3300; baseline 0.002 -20"><span class='ocrx_word' id='word_1_280' title='bbox 166 3231 200 3280; x_wconf 86' lang='grc'><strong>16</strong></span> <span class='ocrx_word' id='word_1_281' title='bbox 224 3226 290 3282; x_wconf 79' lang='lat' dir='ltr'><strong>addi</strong></span> <span class='ocrx_word' id='word_1_282' title='bbox 313 3229 418 3284; x_wconf 84' lang='lat' dir='ltr'><strong>seimus</strong></span> <span class='ocrx_word' id='word_1_283' title='bbox 440 3245 488 3300; x_wconf 76' lang='lat' dir='ltr'><strong>epe</strong></span> <span class='ocrx_word' id='word_1_284' title='bbox 505 3245 566 3286; x_wconf 76' lang='lat' dir='ltr'><strong>aaa.</strong></span> <span class='ocrx_word' id='word_1_285' title='bbox 587 3231 639 3284; x_wconf 79' lang='lat' dir='ltr'><strong>luc.</strong></span> <span class='ocrx_word' id='word_1_286' title='bbox 656 3246 685 3298; x_wconf 81' lang='lat' dir='ltr'><strong>p.</strong></span> <span class='ocrx_word' id='word_1_287' title='bbox 700 3234 750 3286; x_wconf 75' lang='lat'><strong>29.</strong></span> <span class='ocrx_word' id='word_1_288' title='bbox 789 3227 960 3284; x_wconf 81' lang='lat' dir='ltr'><strong>addiscimus</strong></span> <span class='ocrx_word' id='word_1_289' title='bbox 979 3225 1005 3281; x_wconf 78' lang='lat' dir='ltr'><strong>ll.</strong></span> <span class='ocrx_word' id='word_1_290' title='bbox 1041 3216 1151 3276; x_wconf 58' lang='lat' dir='ltr'><strong>adiissifflli</strong></span> 
     </span>
     <span class='ocr_line' id='line_1_36' title="bbox 165 3287 1151 3376; baseline 0.001 -28"><span class='ocrx_word' id='word_1_291' title='bbox 165 3296 383 3376; x_wconf 68' lang='lat' dir='ltr'><strong>cudd.(?)Head.</strong></span> <span class='ocrx_word' id='word_1_292' title='bbox 412 3300 497 3356; x_wconf 86' lang='lat' dir='ltr'><strong>adiici</strong></span> <span class='ocrx_word' id='word_1_293' title='bbox 514 3299 614 3354; x_wconf 79' lang='lat' dir='ltr'><strong>maelis</strong></span> <span class='ocrx_word' id='word_1_294' title='bbox 632 3301 770 3356; x_wconf 67' lang='lat' dir='ltr'><strong>adunate</strong></span> <span class='ocrx_word' id='word_1_295' title='bbox 779 3303 874 3357; x_wconf 76' lang='lat' dir='ltr'><strong>Hasd.</strong></span> <span class='ocrx_word' id='word_1_296' title='bbox 955 3304 986 3354; x_wconf 79' lang='lat' dir='ltr'><strong>tl</strong></span> <span class='ocrx_word' id='word_1_297' title='bbox 1004 3293 1062 3350; x_wconf 88' lang='lat' dir='ltr'><strong>fieri</strong></span> <span class='ocrx_word' id='word_1_298' title='bbox 1076 3287 1151 3344; x_wconf 65' lang='lat' dir='ltr'><strong>totle</strong></span> 
     </span>
     <span class='ocr_line' id='line_1_37' title="bbox 167 3365 1094 3447; baseline 0.014 -32"><span class='ocrx_word' id='word_1_299' title='bbox 167 3365 217 3416; x_wconf 75' lang='lat' dir='ltr'><strong>-ub</strong></span> <span class='ocrx_word' id='word_1_300' title='bbox 234 3369 326 3447; x_wconf 59' lang='lat' dir='ltr'><strong>uani</strong></span> <span class='ocrx_word' id='word_1_301' title='bbox 354 3372 411 3424; x_wconf 85' lang='lat' dir='ltr'><strong>-reb</strong></span> <span class='ocrx_word' id='word_1_302' title='bbox 428 3371 461 3424; x_wconf 78' lang='lat' dir='ltr'><strong>ui</strong></span> <span class='ocrx_word' id='word_1_303' title='bbox 478 3389 501 3425; x_wconf 79' lang='lat' dir='ltr'><strong>a.</strong></span> <span class='ocrx_word' id='word_1_304' title='bbox 527 3373 532 3439; x_wconf 76' lang='lat' dir='ltr'><strong>l</strong></span> <span class='ocrx_word' id='word_1_305' title='bbox 556 3371 700 3426; x_wconf 83' lang='lat' dir='ltr'><strong>veneficiis</strong></span> <span class='ocrx_word' id='word_1_306' title='bbox 720 3389 746 3426; x_wconf 81' lang='lat' dir='ltr'><strong>a.</strong></span> <span class='ocrx_word' id='word_1_307' title='bbox 773 3373 844 3428; x_wconf 86' lang='lat' dir='ltr'><strong>ben-</strong></span> <span class='ocrx_word' id='word_1_308' title='bbox 863 3373 891 3427; x_wconf 83' lang='lat' dir='ltr'><strong>ll.</strong></span> <span class='ocrx_word' id='word_1_309' title='bbox 917 3372 922 3440; x_wconf 86' lang='grc' dir='ltr'>Ι</span> <span class='ocrx_word' id='word_1_310' title='bbox 948 3369 1059 3440; x_wconf 63' lang='lat' dir='ltr'><strong>cogntus</strong></span> <span class='ocrx_word' id='word_1_311' title='bbox 1074 3381 1094 3416; x_wconf 78' lang='lat'><strong>⁸·</strong></span> 
     </span>
    </p>

    <p class='ocr_par' dir='ltr' id='par_1_10' title="bbox 166 3427 1150 3679">
     <span class='ocr_line' id='line_1_38' title="bbox 168 3427 1149 3520; baseline 0.004 -34"><span class='ocrx_word' id='word_1_312' title='bbox 168 3435 201 3483; x_wconf 90' lang='lat'><strong>18</strong></span> <span class='ocrx_word' id='word_1_313' title='bbox 218 3450 334 3490; x_wconf 79' lang='lat' dir='ltr'><strong>noxium</strong></span> <span class='ocrx_word' id='word_1_314' title='bbox 351 3439 461 3520; x_wconf 54' lang='lat' dir='ltr'><strong>aristei.</strong></span> <span class='ocrx_word' id='word_1_315' title='bbox 490 3441 558 3494; x_wconf 86' lang='lat' dir='ltr'><strong>-iam</strong></span> <span class='ocrx_word' id='word_1_316' title='bbox 576 3443 604 3496; x_wconf 86' lang='lat' dir='ltr'><strong>ll.</strong></span> <span class='ocrx_word' id='word_1_317' title='bbox 633 3442 675 3496; x_wconf 83' lang='lat' dir='ltr'><strong>-ie</strong></span> <span class='ocrx_word' id='word_1_318' title='bbox 693 3444 902 3500; x_wconf 57' lang='lat' dir='ltr'><strong>addemme.</strong></span> <span class='ocrx_word' id='word_1_319' title='bbox 975 3445 1007 3495; x_wconf 82' lang='lat' dir='ltr'><strong>is</strong></span> <span class='ocrx_word' id='word_1_320' title='bbox 1023 3427 1149 3492; x_wconf 70' lang='lat' dir='ltr'><strong>lamnae!</strong></span> 
     </span>
     <span class='ocr_line' id='line_1_39' title="bbox 166 3497 1150 3618; baseline 0.005 -59"><span class='ocrx_word' id='word_1_321' title='bbox 166 3507 285 3618; x_wconf 43' lang='lat' dir='ltr'><strong>{xlid-</strong></span> <span class='ocrx_word' id='word_1_322' title='bbox 314 3506 420 3563; x_wconf 82' lang='lat' dir='ltr'><strong>lamma</strong></span> <span class='ocrx_word' id='word_1_323' title='bbox 437 3529 463 3564; x_wconf 81' lang='lat' dir='ltr'><strong>a.</strong></span> <span class='ocrx_word' id='word_1_324' title='bbox 491 3511 566 3578; x_wconf 74' lang='lat' dir='ltr'><strong>dnae</strong></span> <span class='ocrx_word' id='word_1_325' title='bbox 585 3527 609 3564; x_wconf 83' lang='lat' dir='ltr'><strong>a.</strong></span> <span class='ocrx_word' id='word_1_326' title='bbox 624 3513 631 3579; x_wconf 78' lang='lat' dir='ltr'><strong>l</strong></span> <span class='ocrx_word' id='word_1_327' title='bbox 646 3513 787 3582; x_wconf 86' lang='lat' dir='ltr'><strong>plumbea</strong></span> <span class='ocrx_word' id='word_1_328' title='bbox 803 3533 831 3570; x_wconf 71' lang='lat' dir='ltr'><strong>a.</strong></span> <span class='ocrx_word' id='word_1_329' title='bbox 905 3521 939 3570; x_wconf 80' lang='lat'><strong>21</strong></span> <span class='ocrx_word' id='word_1_330' title='bbox 959 3513 1021 3568; x_wconf 85' lang='lat' dir='ltr'><strong>faex</strong></span> <span class='ocrx_word' id='word_1_331' title='bbox 1037 3513 1068 3563; x_wconf 65' lang='grc' dir='ltr'><strong>Ι,</strong></span> <span class='ocrx_word' id='word_1_332' title='bbox 1090 3497 1150 3556; x_wconf 54' lang='lat'><strong>¹⁴0¹&amp;</strong></span> 
     </span>
     <span class='ocr_line' id='line_1_40' title="bbox 166 3576 1149 3679; baseline 0.018 -54"><span class='ocrx_word' id='word_1_333' title='bbox 166 3634 193 3679; x_wconf 60' lang='grc' dir='ltr'><strong>ι</strong></span> <span class='ocrx_word' id='word_1_334' title='bbox 212 3577 278 3674; x_wconf 57' lang='lat'>1211.</span> <span class='ocrx_word' id='word_1_335' title='bbox 306 3576 365 3627; x_wconf 78' lang='lat' dir='ltr'><strong>tam</strong></span> <span class='ocrx_word' id='word_1_336' title='bbox 385 3593 419 3631; x_wconf 84' lang='lat' dir='ltr'><strong>ex</strong></span> <span class='ocrx_word' id='word_1_337' title='bbox 437 3597 462 3632; x_wconf 80' lang='lat' dir='ltr'><strong>a.</strong></span> <span class='ocrx_word' id='word_1_338' title='bbox 496 3583 525 3634; x_wconf 79' lang='lat' dir='ltr'><strong>et</strong></span> <span class='ocrx_word' id='word_1_339' title='bbox 542 3579 606 3635; x_wconf 82' lang='lat' dir='ltr'><strong>faex</strong></span> <span class='ocrx_word' id='word_1_340' title='bbox 625 3585 676 3649; x_wconf 83' lang='lat' dir='ltr'><strong>(ael</strong></span> <span class='ocrx_word' id='word_1_341' title='bbox 694 3584 755 3654; x_wconf 85' lang='lat' dir='ltr'><strong>fex)</strong></span> <span class='ocrx_word' id='word_1_342' title='bbox 775 3589 914 3644; x_wconf 55' lang='lat' dir='ltr'><strong>efflante</strong></span> <span class='ocrx_word' id='word_1_343' title='bbox 924 3585 985 3644; x_wconf 75' lang='lat' dir='ltr'><strong>Sall.</strong></span> <span class='ocrx_word' id='word_1_344' title='bbox 1068 3580 1095 3632; x_wconf 64' lang='lat'><strong>22</strong></span> <span class='ocrx_word' id='word_1_345' title='bbox 1112 3577 1149 3623; x_wconf 67' lang='lat'><strong>⁸⁰⁸²</strong></span> 
     </span>
    </p>

    <p class='ocr_par' dir='ltr' id='par_1_11' title="bbox 199 3635 803 3718">
     <span class='ocr_line' id='line_1_41' title="bbox 199 3635 803 3718; baseline 0.018 -20"><span class='ocrx_word' id='word_1_346' title='bbox 199 3635 240 3698; x_wconf 72' lang='lat'><strong>(¹³-</strong></span> <span class='ocrx_word' id='word_1_347' title='bbox 252 3639 270 3702; x_wconf 86' lang='lat'><strong>)·</strong></span> <span class='ocrx_word' id='word_1_348' title='bbox 298 3657 327 3694; x_wconf 89' lang='lat' dir='ltr'><strong>se</strong></span> <span class='ocrx_word' id='word_1_349' title='bbox 346 3660 389 3698; x_wconf 83' lang='grc' dir='ltr'><strong>νυ.</strong></span> <span class='ocrx_word' id='word_1_350' title='bbox 463 3655 498 3703; x_wconf 80' lang='lat'><strong>24</strong></span> <span class='ocrx_word' id='word_1_351' title='bbox 517 3667 573 3718; x_wconf 89' lang='lat' dir='ltr'><strong>quo</strong></span> <span class='ocrx_word' id='word_1_352' title='bbox 592 3652 650 3706; x_wconf 83' lang='lat' dir='ltr'><strong>edd.</strong></span> <span class='ocrx_word' id='word_1_353' title='bbox 662 3661 728 3711; x_wconf 77' lang='lat' dir='ltr'><strong>mate</strong></span> <span class='ocrx_word' id='word_1_354' title='bbox 738 3656 803 3714; x_wconf 76' lang='lat' dir='ltr'><strong>Sall.</strong></span> 
     </span>
    </p>
   </div>
   <div class='ocr_carea' id='block_1_5' title="bbox 0 0 1213 3940">
    <p class='ocr_par' dir='ltr' id='par_1_12' title="bbox 0 0 1213 3940">
     <span class='ocr_line' id='line_1_42' title="bbox 0 0 1213 3940; baseline 0 0"><span class='ocrx_word' id='word_1_355' title='bbox 0 0 1213 3940; x_wconf 95' lang='lat' dir='ltr'><strong> </strong></span> 
     </span>
    </p>
   </div>
  </div>
 </body>
</html>
