2302 3938
139 209 201 285 130
482 225 512 272 c.
535 224 630 273 ronna
654 223 801 274 saeuum

139 385 217 444 tiam.
237 380 345 460 lybica
361 378 544 461 appellantur
557 381 654 443 duo
627 399 690 442 erus
707 397 758 442 ora
773 379 896 458 modim,
912 399 950 442 ex
964 380 1010 442 his
1024 379 1131 442 alterum

139 465 332 548 Hispaniense
358 467 479 527 alterurn
493 463 686 546 Metapinum,
708 466 827 526 tertium
846 465 981 545 idemque
1003 467 1139 556 amplissi

139 571 213 612 mum
228 550 464 612 Massalioticum.
498 559 565 612 suut
578 558 716 611 auctores
731 554 764 610 et
777 547 948 612 Heracleam
966 551 1116 629 oppidum'
1110 571 1131 610 u

96 645 131 698 oa
141 637 219 697 ostio
230 636 361 697 Rhodani
377 637 479 697 luisse.
510 633 593 696 Ultra
604 635 705 696 fossae
720 653 759 698 ax
768 633 911 696 Rhodano
924 632 956 695 C
968 633 1040 696 Mari
1054 653 1131 713 opera

140 729 172 783 et
187 723 303 782 nomine
318 722 470 799 insignes,
489 727 621 798 stagnum
635 717 819 780 Mastramela
827 719 990 799 ,oppidum
1006 717 1139 779 Maritima

141 805 347 882 Abaticorum,
370 805 518 884 superque
535 802 634 884 Campi
651 802 789 884 Lapidei,
810 803 945 872 Herculis
967 805 1133 883 proeliorum

139 891 289 966 memoria,
301 891 386 968 regio
395 889 588 949 Anatiliorum
600 897 631 949 et
647 887 726 948 lutus
745 887 927 950 Ilexniatium
936 885 1133 968 Cavarumqua,

138 993 241 1034 sursus
256 993 272 1034 a
285 975 356 1034 mari
369 972 530 1034 Tricorium
544 983 574 1034 et
585 974 663 1033 iutus
675 971 864 1034 Tritollorum
875 972 1140 1051 Vocontiorumqua¹

140 1068 170 1119 et
193 1057 489 1137 Segovellaunorum,
510 1075 579 1118 mox
598 1057 804 1137 Allobrogum.
840 1067 870 1118 at
892 1060 922 1118 in
948 1075 999 1118 ora
1021 1053 1140 1118 Massilia

95 1141 319 1204 muraenarum
332 1143 564 1204 Phocaeensium
581 1142 749 1221 foederata,
765 1144 993 1222 promunturium
1009 1140 1082 1220 Zao,
1098 1140 1140 1202 Cia

137 1227 257 1310 tharista
272 1237 391 1309 portus,
412 1229 497 1307 regio
513 1225 787 1305 Camactulicorum,
807 1227 875 1288 dein
890 1227 1030 1288 Suelteri
1051 1245 1135 1306 supra-

142 1331 199 1392 que
214 1312 363 1374 Verucini.
400 1315 431 1374 in
446 1330 497 1374 ora
512 1321 608 1374 autem
623 1310 821 1392 Athenopolis
836 1311 1077 1390 Massiliensium,
1091 1311 1135 1371 To·

140 1395 264 1457 rumluli
288 1406 493 1458 octavanorum
518 1397 634 1458 colonia
661 1413 736 1477 quae
761 1396 900 1458 Pacensis
927 1395 1090 1476 appellatur
1113 1405 1135 1455 et

141 1479 288 1558 Classica,
308 1482 398 1542 amnis
414 1481 482 1544 inde
497 1481 683 1560 Argenteus,
706 1482 792 1560 regio
809 1481 988 1542 Oxubiorum
1006 1480 1136 1558 Ligaunu-

139 1583 271 1666 rumquc‚
285 1583 375 1666 super
394 1584 467 1645 quos
484 1567 602 1666 Suebri,
618 1561 785 1644 Quariates,
801 1565 990 1628 Adunicates.
1013 1575 1043 1626 at
1056 1569 1083 1626 iu
1095 1583 1136 1625 ora

97 1649 718 1815 ..illilllllllstilliana?
732 1650 1137 1798 l⁸lzttmt¹23¹elll

140 1819 263 1883 Arelate
281 1829 480 1896 sextanornm,
492 1820 634 1882 Beterrae
651 1821 888 1900 septimanorum,
903 1820 1034 1882 Arausio
1049 1839 1137 1882 secun·

140 1905 294 1984 danorum,
317 1906 348 1968 iu
369 1923 441 1985 agro
466 1903 605 1966 Cauarum
627 1903 779 1984 Valentia,
805 1905 918 1966 Vienna
941 1905 1136 1984 Allobrogum.

141 1989 248 2068 oppida
261 1991 360 2051 LatIna
374 1989 479 2068 Aquae
495 1990 614 2050 Sextiae
626 1988 831 2068 Salluviorum,
845 1989 981 2050 Avennio
995 1989 1137 2052 Cauarum.

140 2074 218 2152 Apta
233 2073 305 2133 lulia
315 2073 527 2153 Vulgientium,
538 2073 671 2136 Alebece
683 2073 823 2135 Reiorum
835 2075 1137 2154 Apollinarium,a
1073 2075 1137 2134 Alba
1141 2133 1142 2146 ,

139 2157 310 2235 Heluorum,
324 2157 458 2237 Augusta
470 2155 709 2236 Tricastinorum,
726 2159 864 2244 Anatilia,
876 2159 985 2237 Aerea,
1001 2155 1142 2234 Rormani,

141 2241 277 2320 Comani,
301 2239 451 2320 Cabellio,
474 2241 629 2306 Carcasum
656 2233 813 2304 Volcarum
840 2244 1054 2323 Tectosagum,
1077 2243 1138 2304 Ces·

140 2345 227 2402 sero,
245 2325 473 2390 Carbantoracte
487 2327 695 2407 Memiuorum,
716 2327 931 2407 Caenicenses,
950 2328 1137 2391 Cambolectri

140 2414 188 2491 qui
210 2411 349 2473 Atlantici
371 2418 627 2490 cognominantur,
650 2413 765 2474 Forum
778 2413 910 2492 Voconi,
931 2414 1053 2476 Clauum
1074 2412 1138 2474 biri

95 2504 129 2558 37
139 2496 278 2558 lutevani
294 2499 342 2575 qui
360 2505 390 2558 et
404 2497 697 2576 Porouaronienses,
713 2496 887 2559 Nemausum
900 2501 1138 2572 Arecomicorum,

138 2575 291 2660 Piscinae,
307 2581 412 2644 Ruteni
422 2583 678 2660 ,Samnagenses,
693 2581 831 2643 Tolosani
847 2582 1043 2662 Tectosagum
1059 2584 1139 2662 Aqui-

138 2669 233 2728 taniae
245 2669 430 2744 contermini,
448 2666 628 2745 Tasgoduni,
648 2667 950 2744 Taruscononienses,
969 2667 1138 2740 Umbrauici‚

80 2795 86 2804 .
137 2749 350 2813 Vocontiorum
366 2754 492 2813 civitatis
513 2751 685 2812 foederatae
707 2752 763 2812 duo
784 2755 879 2832 capita
895 2753 987 2813 Vasio
1006 2763 1038 2815 et
1053 2753 1138 2814 bueus

137 2835 288 2914 Augusti.
306 2837 413 2916 oppida
428 2855 501 2898 vero
518 2837 659 2914 ignobilia
675 2834 788 2896 XVIIII
806 2840 880 2898 sicut
896 2835 1008 2900 XXIIII
1023 2837 1137 2898 Nemau-

138 2921 285 2979 siensibus
308 2921 454 2982 attributa.
503 2921 620 2982 Adiecit
647 2921 788 2982 formulae
813 2922 902 2982 Galba
925 2924 1139 3002 imperatorer

136 3001 276 3083 Inalpinis
292 3005 450 3066 Acanticos
471 3015 558 3086 atque
573 3006 779 3083 Bodionticos,
801 3025 921 3086 quorum
945 3008 1081 3086 oppidum
1096 3007 1138 3066 Di-

138 3090 194 3148 nia.
222 3087 445 3166 bongitudIuem
460 3091 630 3168 provinciae
642 3090 845 3152 Narbonensis
856 3089 1050 3154 CCCLXXM
1065 3110 1137 3172 pass

138 3173 270 3252 Agrippa
288 3173 391 3251 tradit,
409 3173 588 3235 latitudinem
603 3173 782 3238 ccxnvnr.

94 3266 129 3320 38
199 3255 230 3320 5.
248 3255 311 3338 (6.)
329 3258 412 3319 Italia
427 3258 532 3320 debinc
547 3263 690 3340 primique
706 3262 769 3321 eius
785 3259 920 3340 Ligures,
935 3280 1003 3323 mox
1018 3262 1138 3331 Etruria,

139 3341 273 3420 Umbria,
286 3341 414 3421 Latium,
430 3344 470 3404 ibi
483 3342 621 3405 Tiberina
641 3347 717 3406 ostia
734 3353 765 3406 et
780 3344 872 3407 Roma
889 3357 1031 3408 terrarum
1046 3356 1138 3424 caput,

136 3426 246 3488 XVIM
262 3445 340 3506 pass.
356 3429 514 3490 intervallo
529 3447 546 3488 a
561 3432 640 3490 mari.
662 3429 801 3490 Volscum
817 3441 922 3510 postea
937 3431 1005 3494 litus
1021 3442 1051 3494 et
1061 3431 1137 3494 Cam·

72 3523 83 3568 ι
135 3514 258 3592 paulae,
277 3512 456 3574 Picentinum
476 3513 543 3576 lude
563 3533 598 3574 ac
615 3513 758 3577 Lucanum
774 3515 990 3598 Bruttiumque,
1007 3535 1063 3597 quo
1078 3518 1136 3577 lon·
