2286 3938
189 247 262 298 nar.
282 248 373 296 msa.
394 249 443 295 vr.
460 241 577 293 aa-ae.
599 233 751 312 (υτ-25.)
914 227 978 294 235

21 403 75 479 nini,
93 423 138 464 nun
150 404 175 464 in
190 404 263 465 diem
281 412 329 463 aut
350 404 475 464 interdiu
498 420 645 480 somnum,
672 403 801 463 aedilicia
816 400 928 460 modice
941 400 976 459 ab

21 489 75 547 huno
88 490 228 566 exstantia,
244 505 385 550 annonam
405 505 554 567 numquam
572 489 689 565 augeri,
713 505 770 548 non
791 487 855 546 lora
871 484 977 545 litesve

21 591 74 647 asse,
91 571 137 632 celi
150 570 316 650 Herculem,
338 571 409 650 eligi
425 589 527 650 regem
548 590 565 632 a
582 571 692 651 populo
706 579 828 632 senecta
849 568 976 629 clemen·

20 659 82 734 tiapue
94 655 192 717 liberos
207 675 265 717 non
281 657 454 734 habentem,
476 665 506 717 et
523 658 547 717 si
565 665 669 736 postea
689 658 806 736 gignat,
836 653 976 728 abdicari,

9 753 40 798 tie
50 741 84 798 hat
95 739 287 802 hereditarium
301 759 431 820 regnum.
459 748 595 802 rectores
610 742 637 802 ei
653 759 668 800 a
684 740 795 820 populo
804 735 892 800 XXX
903 736 975 813 dari,
993 740 1029 794 90

18 825 104 884 neaniai
125 824 241 904 plurium
265 827 411 887 sententia
438 841 607 906 quemquam
631 826 734 904 eapitis
761 823 898 886 damnari.
934 822 977 922 sic

17 909 427 1074 tttthtttthlhthiht
441 906 977 1072 tituilhiphlhttlthht:

17 1095 64 1152 nen,
77 1079 238 1154 gravissimo
253 1079 376 1158 probro.
410 1080 475 1156 regi
490 1077 596 1139 cultum
614 1077 711 1138 Liberi
734 1077 844 1154 Patris,
867 1077 977 1138 ceteris

16 1161 107 1220 lubun.
135 1180 253 1240 regem,
274 1165 299 1223 si
318 1163 386 1242 quid
403 1162 567 1245 delinquat,
585 1170 680 1222 morte
694 1161 827 1239 multari,
842 1161 922 1222 nullo
937 1161 978 1220 in·
994 1163 1028 1224 91

16 1255 144 1323 cremante,
159 1248 364 1310 aversantibus
377 1250 487 1308 cunctis
500 1254 530 1308 et
547 1247 720 1307 commercia
733 1248 819 1306 etiam
833 1246 977 1306 sermonis

15 1331 153 1408 negantibus,
168 1331 247 1392 festa
260 1333 417 1394 venatione
433 1331 556 1406 absumi,
571 1331 764 1408 gratissimam
777 1347 840 1391 eam
852 1329 976 1410 tigribus

13 1413 188 1494 elephantisque
219 1426 365 1478 constare.
402 1433 490 1493 agros
516 1414 674 1494 diligenter
698 1415 775 1489 coli,
799 1415 867 1474 vitis
897 1431 978 1474 usum

12 1513 138 1643 hthhh
151 1499 626 1664 hhtmlthlhhttttht
648 1507 769 1642 hhtht
785 1498 978 1643 tththhh

11 1671 103 1744 enatem,
118 1677 194 1729 tanta
211 1671 339 1748 reperiri
355 1667 560 1746 magnitudine.
598 1669 686 1728 vitam
700 1666 845 1727 bominum
859 1665 882 1727 G
897 1667 977 1728 anuis

11 1749 113 1810 aldiran.
144 1753 225 1814 llaec
239 1761 380 1832 conperta
396 1752 433 1813 de
449 1751 633 1832 Taprobane.

44 1833 108 1916 (lb)
128 1835 276 1910 Quattuor
293 1839 439 1916 satrapiae
461 1855 532 1916 quas
556 1837 586 1898 in
607 1835 683 1898 hunc
704 1836 799 1899 locum
817 1833 977 1898 distulimus
996 1836 1029 1888 9²

11 1921 183 1983 rhsebabent.
990 1939 1013 1974 το

44 2001 81 2066 23.
95 2005 119 2066 A
134 2008 280 2088 proximis
296 2005 368 2068 indo
383 2007 522 2086 gentibus
537 2017 683 2068 montana.
718 2005 863 2086 Capisene
880 2004 979 2064 habuit

9 2081 100 2164 Capisam
118 2091 222 2152 urbem
246 2109 332 2172 quam
352 2092 439 2152 diruit
458 2089 563 2168 Cyrus.
601 2091 765 2152 Arachosia
782 2109 844 2150 cuns
864 2088 979 2150 humine

8 2174 126 2252 eopptto
150 2175 287 2237 eiusdem
313 2177 454 2253 nominis,
487 2176 566 2256 qnod
593 2175 706 2256 quidam
738 2171 833 2234 Gutim
864 2173 979 2250 dixere,

7 2255 182 2336 aSaniramide
199 2260 358 2321 conditum.
393 2263 483 2322 amnia
497 2259 691 2338 Erymanthus
712 2257 879 2337 praelluens
894 2258 980 2320 Para·

6 2335 89 2402 laestan
105 2343 345 2406 Arachosiorum.
389 2344 543 2404 Proximos
564 2345 610 2406 bis
629 2362 644 2404 a
666 2342 787 2403 meridie
812 2344 847 2403 ad
868 2352 980 2422 partem

8 2425 179 2488 Arachotarum
199 2430 311 2490 iaciunt
325 2428 552 2505 Dexendrusos,
568 2448 585 2490 a
604 2428 808 2507 septentrione
823 2426 980 2506 Paropani-

6 2505 66 2587 silas,
88 2510 209 2574 Cartana
231 2514 369 2592 oppidum
395 2513 449 2574 sub
471 2511 621 2588 Caucaso,
650 2511 728 2590 quod
752 2511 980 2589 postea’Tetra·

6 2596 59 2666 panis
80 2597 192 2658 dietum.
244 2598 320 2658 haec
342 2600 428 2676 regio
462 2606 508 2658 est
536 2615 575 2660 ex
599 2597 725 2656 adverso
749 2595 978 2672 Bactrianorum,

6 2673 74 2738 deinde
88 2685 166 2742 cuius
186 2682 327 2762 oppidum
348 2681 526 2744 Alexandria
547 2700 563 2742 a
583 2682 737 2742 conditore
759 2681 876 2740 dietum.
908 2678 980 2756 Syn-

6 2757 66 2841 lraci,
83 2764 249 2846 Dangalae,
269 2766 447 2845 Parapinae,
471 2763 610 2842 Cataces,
637 2764 721 2826 blasi.
760 2763 795 2823 ad
823 2759 980 2824 Caucasum

6 2841 100 2927 Cadrusi,
118 2851 259 2932 oppidum
278 2851 314 2911 ab
330 2850 499 2912 Alexandro
515 2851 670 2910 conditum.
703 2849 780 2910 lnlra
799 2847 981 2909 haecomnia
997 2857 1033 2911 ca

6 2943 35 2987 ua
50 2933 78 2993 ab
95 2935 175 2997 Indo.
216 2937 326 2996 Ariana
345 2938 431 3013 regio
454 2935 583 2996 ambusta
606 2935 772 2995 fervoribus
793 2932 980 3013 desertisque

6 3013 156 3098 circumdata,
183 3021 272 3080 multa
296 3029 391 3082 tamen
412 3019 554 3080 interfusa
579 3022 724 3098 opacitate
754 3017 885 3080 cultores
913 3037 981 3080 con·

6 3111 77 3176 tregit
94 3107 168 3164 eirea
192 3103 268 3166 duos
290 3107 414 3165 maxime
436 3103 558 3182 darios,
581 3103 741 3164 Tonberon
761 3110 792 3162 et
813 3103 981 3182 Arosapen.

6 3185 103 3260 tppidum
125 3189 310 3266 Artacoana,
333 3189 422 3249 Arius
443 3191 534 3248 amnis
556 3192 604 3266 qui
627 3187 762 3266 praehluit
778 3187 982 3248 Alexandriam

6 3265 25 3320 tb
36 3269 187 3334 Alexandro
205 3273 359 3334 conditam.
398 3281 480 3352 patet
498 3272 635 3352 oppidum
657 3271 748 3331 stadia
763 3269 860 3346 XXX,
880 3273 981 3332 multo·

6 3367 39 3424 tte
50 3356 185 3430 pulchrius
201 3359 278 3418 sicut
291 3358 435 3436 antiquius
448 3357 649 3434 Artacabene,
664 3357 769 3416 iterum
785 3357 820 3414 ab
835 3354 982 3416 Antiocho

6 3440 120 3518 punitum,
141 3443 235 3502 stadia
256 3441 286 3502 b.
322 3441 524 3520 Dorisdorsigi
547 3460 631 3520 gens.
664 3459 762 3500 amnes
787 3439 984 3516 Pharnacotis,
999 3447 1040 3498 94·

6 3511 128 3594 iphraeus.
159 3525 356 3606 Prophthasia
373 3521 510 3605 oppidum
527 3525 738 3604 Zaraspadum,
754 3524 901 3600 Drangae,
918 3522 982 3581 Ari·
1069 3544 1076 3558 ·
