2340 3934
179 120 221 184 82
524 118 554 172 C.
574 117 674 172 PLINI
693 115 851 170 SECUNDI

178 289 346 333 sermonem
377 270 540 330 humanum
571 270 650 330 inter
681 275 836 348 pastorum
868 266 980 328 stabula
1012 267 1156 348 adsimulan,

177 379 345 440 nomenque
377 359 501 420 alicuius
531 357 644 418 addisci
672 376 761 437 quem
792 364 947 418 euocatum
974 357 1042 416 loris
1066 357 1156 431 lacent,

176 453 248 510 item
280 451 471 510 vomitionem
501 447 631 508 hominis
663 449 773 508 imitari
805 447 841 506 ad
872 445 1066 506 sollicitandos
1094 465 1155 506 cana·

177 558 253 618 qrros
275 539 399 600 invadat.
445 537 481 597 ab
504 556 564 598 uno
589 536 707 598 animali
731 535 888 616 sepidcbra
912 538 978 596 erui
1000 537 1156 614 inquisition

178 646 345 708 corporum,
376 629 514 688 seminam
536 645 605 686 raro
629 629 702 706 capi.
730 625 825 686 oculis
848 625 929 686 mille
952 644 1018 686 esse
1035 627 1155 684 varietata

178 718 369 796 colorumque
397 719 584 778 mutationes.
630 724 786 796 praeterea
812 714 936 776 umbrae
965 718 1028 776 eius
1052 722 1157 774 contadi

178 825 265 868 canes
295 805 516 887 obmutescere,
548 813 578 867 et
606 805 783 885 quibusdam
813 807 935 885 magicis
963 803 1074 865 artibus
1097 821 1156 864 0111,

177 895 283 958 animal
306 895 385 975 quod
409 904 455 956 ter
478 896 648 956 lustraverit
670 897 702 954 in
725 897 851 974 vestigio
874 895 1009 956 haerere.

124 993 175 1042 107
244 979 317 1067 (45)
360 984 456 1073 Huius
479 987 597 1064 generis
621 987 701 1045 coitu
724 984 825 1045 leaena
849 984 1023 1064 Aethiopica
1044 985 1111 1063 parit
1127 1001 1151 1040 ro

176 1082 330 1154 rocellam,
354 1074 490 1136 similiter
514 1093 601 1134 voces
624 1077 790 1134 imitantem
808 1073 962 1134 hominum
981 1091 1154 1152 pecorumque

176 1165 255 1224 acics
287 1165 315 1224 ei
345 1171 490 1244 perpetua
519 1165 550 1222 in
579 1170 707 1242 utraque
734 1170 818 1242 parte
848 1165 909 1223 oris
939 1163 1031 1224 nullis
1059 1163 1154 1242 ginglri

177 1254 265 1313 dente
289 1256 445 1334 continu03
468 1271 506 1312 ne
526 1255 675 1313 contrario
700 1271 828 1336 occursu
847 1252 1016 1335 hebetetur,
1039 1269 1127 1332 capsur
1147 1274 1157 1301 a

176 1343 263 1402 modo
295 1343 465 1403 includitur.
520 1341 675 1402 hominurn
705 1360 860 1402 sermones
888 1344 1000 1402 imitari
1030 1350 1058 1402 et
1085 1341 1154 1400 mand

177 1432 287 1492 choran
310 1435 342 1492 in
364 1430 519 1512 Aethiopia
542 1439 646 1492 auctor
670 1438 715 1492 est
738 1431 832 1492 luba.

124 1529 175 1578 108
244 1513 318 1604 (46)
354 1519 491 1600 Hyaenac
513 1521 659 1600 plurimae
683 1523 844 1600 gignuntur
868 1523 899 1580 in
922 1521 1036 1602 Africa,
1065 1537 1127 1598 quac
1144 1535 1156 1576 c

176 1613 327 1671 asinorum
357 1609 538 1672 silvestrium
567 1610 787 1672 multitudinem
815 1611 921 1670 fundit.
972 1629 1071 1670 mares
1095 1611 1147 1668 in*

175 1718 285 1779 genere
308 1699 417 1778 singuli
440 1700 618 1760 lacunarum
641 1698 782 1779 gregibus
804 1701 986 1780 imperitant.
1034 1703 1126 1760 timent
1142 1695 1158 1772 ll

175 1789 284 1850 bidinis
303 1788 434 1849 aemulos
454 1797 485 1849 et
502 1789 568 1850 ideo
588 1789 722 1868 gravidas
740 1789 912 1850 custodiunt
930 1807 1091 1868 morsuque
1105 1797 1158 1874 natu

175 1895 272 1938 mares
296 1886 434 1940 castrant.
468 1886 571 1938 contra
593 1878 728 1957 gravidae
752 1877 881 1940 latebras
903 1885 1013 1958 petunt
1037 1887 1067 1939 et
1086 1885 1158 1962 pared

123 2064 173 2112 100
242 2048 316 2138 (41)
362 2055 490 2116 Easdem
511 2064 611 2136 partes
639 2055 696 2116 sibi
723 2059 781 2136 ipsi
803 2057 921 2118 Pontici
948 2065 1101 2138 amputant
1119 2055 1158 2114 llo

174 2144 307 2223 periculo
336 2153 497 2227 urguente,
529 2145 566 2206 ob
594 2145 651 2206 boc
679 2165 710 2206 sc
738 2149 800 2226 peti
829 2149 920 2226 gnari.
967 2155 1128 2208 castoreum
1146 2145 1158 2202 l

133 2259 153 2313 g
174 2241 280 2294 vocant
303 2235 419 2296 medici.
452 2234 523 2296 alias
542 2235 648 2296 mnmal
665 2235 808 2296 horrendi
831 2241 949 2297 morsus
967 2235 1092 2297 arbores
1108 2238 1156 2302 lut¹

174 2321 296 2383 flumina
322 2331 357 2384 ut
380 2325 461 2384 ferro
485 2324 589 2385 caedit.
634 2323 763 2384 hominis
785 2333 870 2404 parte
894 2326 1153 2405 comprehensam

174 2418 242 2473 ante
259 2431 348 2491 quam
362 2413 455 2474 fracta
474 2415 704 2493 concrepuerint
722 2405 795 2474 ossa¹
808 2433 925 2476 morsus
943 2415 1077 2476 resolvit.
1098 2411 1156 2473 caud

173 2503 301 2581 piscium
328 2504 379 2584 iis,
408 2511 507 2563 cetera
534 2505 648 2582 species
670 2502 775 2564 lutrae.
821 2512 984 2584 utrumque
1013 2506 1139 2584 aquatico

173 2593 293 2672 utrique
317 2591 433 2652 mollior
455 2591 555 2670 pluma
577 2591 664 2672 pilus

121 2689 172 2738 110
242 2675 300 2743 31.
325 2674 400 2764 (48)
435 2681 534 2741 Ranae
554 2699 673 2760 quoque
696 2681 833 2762 rubetae,
856 2700 983 2760 quarum
1007 2693 1040 2744 01
1062 2687 1091 2743 in
1107 2691 1154 2742 terr

174 2779 203 2830 et
221 2773 252 2831 in
271 2789 375 2832 armore
389 2772 457 2850 vita,
480 2769 615 2850 plurimis
632 2770 761 2830 refertae
779 2771 1028 2834 medicaminibus
1042 2772 1154 2852 deponar

174 2877 208 2918 ea
235 2859 357 2920 adsidue
388 2878 421 2920 ae
450 2877 604 2920 resumere
631 2867 718 2938 pastu
746 2859 900 2942 dicuntur,
933 2879 1048 2922 venena
1077 2869 1136 2922 lanu

173 2965 291 3026 semper
314 2947 371 3008 sibi
394 2955 589 3010 reservantes

121 3045 169 3094 111
240 3029 314 3118 (49)
347 3035 456 3098 Similis
481 3045 510 3098 et
528 3037 619 3100 vitulo
643 3041 757 3098 marino
776 3041 870 3099 victus
893 3040 925 3100 in
948 3042 1024 3102 mari
1048 3058 1081 3101 ac
1099 3049 1148 3100 terr

173 3125 268 3188 simile
291 3125 375 3186 fibris
399 3134 428 3187 et
451 3128 612 3206 ingenium.
647 3127 817 3192 evomit-tel
841 3146 931 3189 suum
952 3128 989 3189 ad
1012 3130 1103 3190 multa

127 3351 131 3358 ·
235 3342 249 3389 1
265 3334 416 3390 assimilari
429 3309 474 3390 dr.
494 3335 662 3392 adsimulare
676 3335 794 3390 rRoho.
847 3337 1021 3393 redducere
1036 3337 1129 3394 Eeho.

173 3413 188 3461 9
207 3406 237 3462 in
255 3406 398 3476 aethiopia
414 3413 470 3462 111.
497 3407 547 3474 cfr.
567 3407 655 3464 Solio.
675 3412 780 3474 27,26.
853 3414 927 3463 9.10
946 3410 1144 3464 corocotiamss

172 3481 326 3533 crocottom
344 3477 413 3532 Rob.
478 3485 565 3534 11110
583 3479 618 3532 1³²
635 3481 667 3534 la
685 3495 740 3534 roa.
767 3495 820 3535 nec
837 3497 860 3534 r.
924 3486 958 3535 22
976 3481 1037 3551 peti
1053 3479 1156 3551 gnon?

171 3551 204 3604 in
220 3565 275 3606 rao.
294 3547 363 3604 Rob.
390 3549 528 3618 pectinari
546 3567 568 3603 r.
651 3555 686 3605 30
705 3549 819 3605 adsidue
838 3550 958 3608 111Ηοοξ
985 3569 1050 3608 -uoe
1067 3569 1088 3606 r.
1113 3563 1155 3616 om

170 3618 239 3672 tidie
258 3621 316 3674 edd.
336 3623 399 3674 onte
417 3619 495 3674 Brot.
524 3621 627 3676 cotidie
646 3622 719 3678 Dect.
