2590 3934
348 129 432 184 ΝΑΤ.
451 131 544 185 HIST.
563 131 629 185 vill
648 137 717 186 a-r
737 137 827 204 (a-a)
1053 140 1096 202 59

91 282 229 342 consertis
252 279 406 341 ordinibus
428 283 610 360 inposuerat.
651 281 796 345 Verrius
820 303 871 346 eos
894 305 1042 366 pugnasse
1065 292 1148 352 in17
1199 355 1202 365 .

90 372 163 431 circo
189 371 422 450 interfectosque
450 370 554 432 iaculis
581 372 673 432 tradit
694 376 837 452 paenuria
865 377 994 458 consilii,
1023 397 1095 457 quo-

88 462 161 520 niam
183 478 279 540 neque
302 459 341 521 ali
362 459 523 540 placuisset
545 479 643 541 neque
667 461 771 523 donari
793 463 928 546 regibus3
957 465 990 528 L.
1012 467 1095 530 Piso

88 550 218 610 inductos
238 551 390 618 dumtaxat
411 553 444 611 in
466 552 580 612 circum
603 560 702 633 atque,
724 561 759 613 ut
782 561 971 635 contemptus
991 576 1096 619 eorum

65 641 271 722 cineresceret,
294 639 330 701 ab
353 643 497 720 operariis
520 640 618 702 hastas
640 641 818 722 praepilatas
841 643 1018 706 habentibus
1041 667 1095 728 per

88 731 193 790 circum
224 737 322 791 toturn
358 737 449 792 actos.
504 749 560 790 uec
597 730 668 810 quid
700 731 807 792 deinde
843 735 880 794 ils
913 735 1024 798 lactum
1056 739 1095 798 sit

87 826 216 879 auctores
239 819 388 899 explicant
410 823 461 899 qui
484 838 544 882 non
566 828 672 900 putant
694 821 877 882 interlectos.

148 903 179 971 7.
203 902 256 993 (7)
288 905 372 970 Clara
395 917 441 970 est
464 911 553 970 unius
577 929 593 970 e
616 910 756 970 Romanis
780 911 929 972 dimicatio
953 913 1094 976 adversus
1114 918 1147 966 18

87 997 277 1081 elephantum,
301 1018 370 1060 cum
388 997 534 1062 Hannibal
557 1002 688 1079 captivos
708 1007 828 1060 nostros
852 999 992 1062 dimicare
1015 1005 1095 1064 inter

54 1108 75 1146 ro
87 1106 145 1148 sese
171 1090 341 1168 coegisset..
373 1107 501 1169 namque
529 1107 624 1150 unum
647 1090 699 1168 qui
721 1097 878 1169 supererat
904 1089 1014 1151 obiecit
1036 1092 1093 1154 ele·

85 1177 200 1259 phanto,
233 1185 265 1240 et
291 1178 340 1239 ille
368 1179 477 1240 dimitti
503 1187 622 1260 pactus,
655 1180 680 1238 si
707 1180 922 1259 interemisset,
954 1179 1035 1240 solus
1063 1185 1093 1242 in

85 1266 187 1328 harena
209 1287 390 1348 congressus
408 1287 514 1347 magno
533 1267 703 1328 Poenorum
725 1267 827 1329 dolore
847 1269 983 1330 coniecit.
1016 1269 1092 1330 llan-

85 1356 169 1437 nibal,
192 1377 262 1419 eum
280 1358 387 1418 lamam
405 1359 470 1419 eius
488 1358 685 1420 dimicationis
708 1365 913 1436 contemptum
931 1357 1093 1420 adlaturam

85 1445 172 1507 beluis
190 1447 386 1529 intellegeret,
407 1450 523 1527 equites
541 1449 623 1508 misit
636 1450 687 1526 qui
706 1447 865 1508 abeuntem
881 1448 1093 1510 interficerent.

54 1553 74 1594 o
85 1535 286 1614 proboscidem
316 1556 420 1597 eorum
451 1535 587 1598 laoillime
620 1539 766 1616 amputari
795 1534 882 1616 Pyrri
910 1537 1093 1616 proeliorum

86 1627 290 1704 experimentis
312 1629 416 1706 patuit.
462 1625 572 1686 Rornae
600 1645 747 1705 pugnasse
771 1625 977 1686 Fenestella
1003 1627 1093 1688 tradit
1113 1632 1145 1680 19

85 1717 205 1793 primum
228 1717 363 1777 omniu'm
389 1717 421 1776 in
444 1717 525 1776 circo
549 1714 652 1776 Claudi
674 1714 796 1776 Pulchri
823 1715 972 1776 aedilitate
996 1717 1092 1777 curuli

85 1803 117 1864 bl.
134 1806 260 1867 Antonio
283 1805 315 1866 Α.
334 1805 487 1866 Postumio
511 1823 570 1865 cos.
594 1823 671 1866 anno
695 1805 779 1866 urbis
803 1817 907 1886 Dcnv,
930 1807 1002 1866 item
1025 1814 1093 1884 post

86 1912 169 1956 annos
191 1897 297 1975 viginti
312 1894 506 1956 Lucullorum
528 1895 676 1956 aedilitate
700 1894 797 1956 curuli
821 1894 962 1956 adversus
981 1887 1091 1956 tauros.

53 2000 74 2039 ao
85 1982 197 2065 Pompei
216 2003 337 2065 quoque
356 1985 449 2050 altero
468 1983 633 2065 consulatu,
653 1984 837 2046 dedicatione
852 1983 955 2064 templi
968 1983 1092 2045 Veneris
1112 1989 1145 2036 20

84 2071 221 2157 victricis,
239 2076 344 2154 viginti
360 2092 530 2154 pugnavere
549 2076 580 2134 ln
599 2076 679 2135 circo
698 2081 757 2156 aut,
776 2082 811 2135 ut
829 2072 948 2153 quidam
961 2073 1093 2154 tradunt,

84 2177 179 2242 xvnl,
202 2163 336 2226 Gaetulis
359 2183 396 2226 ex
419 2163 542 2224 adverso
561 2163 768 2246 iaculantibus,
790 2162 917 2224 mirabili
940 2166 1030 2224 unius
1049 2163 1091 2224 di·

83 2255 243 2336 micatione,
267 2255 318 2333 qui
335 2252 462 2333 podibus
480 2253 626 2314 confossis
644 2255 739 2332 repsit
756 2252 882 2333 genibus
900 2255 932 2314 in
950 2261 1092 2334 catervae,

85 2340 198 2422 abrepta
221 2351 307 2404 scuta
326 2344 438 2404 iaciens
460 2345 492 2404 in
511 2341 647 2424 sublime,
670 2361 746 2422 quae
765 2342 931 2403 decidentia
948 2342 1092 2422 voluptati

53 2432 281 2510 aspectantibus
309 2440 393 2494 erant
419 2435 450 2493 in
474 2431 578 2494 orbem
601 2434 793 2513 circumacta,
821 2430 903 2492 velut
925 2439 1002 2513 arte,
1033 2451 1092 2492 non

85 2520 178 2583 lurore
196 2522 302 2584 beluae
326 2525 504 2584 iacerentur.
534 2540 675 2601 magnum
698 2529 728 2582 et
750 2524 782 2582 in
800 2521 894 2581 altero
917 2519 1092 2582 miraculum

85 2609 135 2672 luit
155 2631 215 2674 uno
238 2615 302 2674 ictu
325 2614 437 2693 occiso,
467 2611 561 2692 pilum
583 2618 684 2674 autem
712 2610 768 2672 sub
791 2609 878 2670 oculo
902 2608 1038 2670 adactum
1061 2611 1092 2670 in

84 2701 174 2762 vitalia
202 2704 308 2784 eapitis
338 2709 468 2763 venerat.
522 2703 655 2762 universi
684 2703 872 2780 eruptionem
901 2706 1092 2778 temptavere,
1111 2704 1143 2752 21

85 2807 139 2850 non
167 2794 231 2854 sine
261 2794 415 2853 vexatione
445 2790 560 2872 populi,
592 2790 784 2852 circumdatis
811 2789 950 2850 claustris
977 2787 1092 2848 ferreis.

53 2891 137 2957 taqua
162 2881 199 2942 de
227 2900 317 2943 causa
344 2881 451 2942 Caesar
479 2881 606 2942 dictator
632 2887 736 2960 postea
765 2878 860 2940 simile
891 2877 1093 2958 spectaculum

86 2968 213 3034 chturus
236 2973 349 3050 euripis
367 2970 508 3032 harenam
531 2969 737 3051 circumdedit,
760 2987 835 3049 quos
853 2967 933 3030 Nero
953 2969 1093 3048 princeps

86 3059 198 3122 sustulit
225 3062 319 3141 equiti
347 3060 411 3121 loca
438 3060 558 3122 addens.
605 3059 657 3120 sed
680 3059 853 3138 Pompeiani
876 3059 984 3118 amissa
1006 3057 1092 3136 lugae

87 3165 132 3226 spe
150 3150 383 3212 misericordiam
401 3149 481 3229 vulgi
498 3147 690 3210 inenarrabiIi
705 3147 807 3209 habitu
826 3156 1005 3227 quaerentes
1024 3165 1092 3225 sup-

150 3360 381 3417 tindociosBd.
461 3361 560 3414 dacto
578 3363 609 3412 lt.
640 3361 644 3426 Ι
673 3361 789 3428 pactum
806 3361 859 3410 Bai.
936 3361 971 3409 14
990 3354 1092 3408 obeun-

87 3429 139 3482 tem
155 3432 231 3486 ΒΨ.
257 3435 370 3488 euntem
389 3433 426 3485 d¹.
483 3435 516 3484 18
535 3428 670 3485 ΒΟΙΝυ.
695 3428 822 3484 cevia.
847 3427 960 3484 (thila
985 3423 1093 3479 CLVr.

152 3508 184 3556 22
207 3503 299 3558 XVIII
322 3504 399 3558 Piot.
419 3501 823 3568 eSeo.dcbreocii13,.6
856 3497 981 3554 XVIIII
1058 3501 1092 3550 27

88 3569 141 3626 ictu
152 3573 225 3629 1²2².
244 3592 294 3632 om.
307 3592 331 3630 r
348 3575 566 3643 ladeciumom.
581 3578 612 3627 It.
668 3579 702 3627 *29
722 3570 902 3627 clauserint
927 3567 1037 3625 clastris
1050 3567 1092 3621 1²⁹.

89 3658 133 3697 om
150 3662 172 3699 r.
192 3646 311 3716 {ferreis
330 3647 404 3701 Μ’
429 3663 479 3701 om.
498 3663 521 3700 r
