2302 3938
140 236 201 303 118
489 251 521 304 o.
538 253 636 302 mar
657 253 806 304 suenum

87 415 138 468 102
221 407 271 472 16.
288 405 374 490 (30.)
397 407 444 472 Ex
457 407 582 472 adverso
599 409 683 472 huius
701 406 798 473 situus
809 407 955 474 Britannia
971 411 1058 474 insula
1070 414 1131 478 elam

142 493 263 555 Graeeis
285 496 454 574 nostrisque
471 493 654 557 monimentis
676 496 754 556 inter
774 499 1006 576 septentrionem
1025 501 1130 559 111111-

141 579 258 640 dentem
272 579 367 656 iaoet,
395 578 577 657 Germaniae,
594 577 716 658 Galliae,
730 577 906 660 Hispaniae,
920 581 1009 643 multo
1024 585 1131 644 maximis

140 661 279 743 Europae
294 661 428 744 partibus
442 667 547 742 magno
563 661 720 725 intervallo
737 663 868 726 advorsa.
900 665 1012 727 Albion
1026 667 1079 746 ipsi
1094 685 1131 727 no·

139 761 206 808 men
221 749 294 828 luit,
319 752 383 808 eum
398 747 565 810 Britanmae
588 757 764 810 vorarentur
787 755 892 810 omnes¹
912 749 949 812 de
967 751 1067 830 quibus
1081 769 1132 810 mou

140 832 228 910 panlo
250 831 387 893 dieamus.
429 831 510 896 Haeo
530 831 617 894 abest
640 851 657 893 1
680 831 843 894 Gesoriaco
858 831 1036 896 Morinorum
1055 837 1133 914 gentis

141 915 230 977 litore
255 917 390 996 proximo
416 919 542 980 traiecta
567 915 589 977 1
613 912 652 978 tt.
695 919 817 981 eireuitu
841 927 944 998 patere
975 921 1132 1002 q‘r'r'xi'r‘x'iffq

48 1056 55 1068 ,
140 985 248 1060 txxv
261 1001 292 1062 11
304 1000 433 1080 Pytheas
447 1006 479 1064 et
493 1001 623 1063 isidorus
640 999 773 1079 madunt,
791 1002 911 1082 triginta
926 1013 1023 1084 prope
1037 1005 1133 1064 11111111-

140 1085 188 1144 nis
201 1085 333 1147 notitiam
358 1085 576 1148 eius'liumanis
593 1089 681 1148 armis
695 1103 754 1148 non
769 1086 846 1148 ultra
866 1089 1044 1150 vicinitatem
1061 1087 1134 1148 silvae

142 1166 312 1232 Calidoniae
333 1171 573 1254 propagantrbus.
618 1169 752 1254 Agrippa
778 1171 990 1252 longitudinem
1005 1167 1135 1234 accon

141 1271 219 1334 pass.
236 1273 316 1334 esse,
332 1255 512 1318 latitudinem
525 1252 599 1317 CCC
612 1251 642 1315 bi
653 1255 757 1316 eredit.
788 1251 908 1338 eandem
916 1249 1083 1334 Hiberniae,
1096 1257 1134 1316 sed

91 1343 142 1398 103
154 1339 364 1418 longitudinem
386 1337 435 1400 CC
455 1339 486 1400 bl
506 1359 584 1420 pass.
606 1341 757 1403 minorem.
799 1334 895 1421 Super
916 1359 982 1402 eam
1000 1339 1077 1402 'baeu
1096 1339 1144 1420 situl

142 1425 228 1484 ab'est
241 1424 418 1485 brevissimo
434 1425 588 1485 transitus
605 1423 730 1486 Silurum
745 1433 836 1504 gente
850 1422 935 1488 XXX
946 1421 978 1486 11
991 1445 1067 1508 pass.
1092 1421 1144 1484 nel

141 1508 283 1586 liquorum
292 1508 370 1568 nulla
386 1503 670 1588 CXXVHamplior
681 1511 803 1570 eiruuitu
814 1509 957 1589 proditur.
984 1516 1144 1578 rutilantem

141 1591 192 1652 111
209 1589 340 1653 Oreades
354 1592 477 1655 modieis
490 1594 568 1654 inter
582 1611 615 1654 se
630 1591 777 1656 discretae
791 1595 912 1674 spatiis,
927 1593 987 1656 Vll
996 1593 1144 1666 Acmodae„

141 1673 226 1737 XXX
239 1673 396 1756 Hebudes,
414 1686 445 1738 et
461 1679 539 1738 inter
553 1675 721 1740 Hiberniam
739 1695 773 1739 ao
786 1675 961 1740 Britanniam
975 1679 1061 1742 Hono
1069 1723 1078 1756 ,
1090 1675 1144 1748 llo-q

141 1762 243 1842 napia,
260 1760 392 1842 Higinia,
407 1761 524 1842 Ventis,
540 1761 694 1840 Silumnus,
711 1761 849 1842 Andros,
863 1763 939 1824 inira
954 1775 1029 1826 vero
1044 1761 1136 1824 Sambis

142 1855 173 1906 et
192 1846 363 1926 Axanthos,
389 1855 420 1908 et
447 1846 484 1908 ab
506 1845 629 1908 adversa
652 1847 682 1907 iu
710 1845 910 1908 Germanicum
931 1864 1020 1910 mare
1038 1859 1144 1928 sparsae,

142 1928 278 1993 Glaesiae
288 1949 359 2012 quas
371 1929 536 1994 Electridas
552 1927 656 1993 Graeci
667 1933 853 1993 reeentiores
864 1931 1065 2012 appellavere,
1077 1930 1136 2012 quod

90 2019 141 2072 104
152 2015 193 2076 ibi
212 2016 353 2078 eleutrum
372 2017 553 2078 nasceretur.
584 2013 692 2077 tttttma
713 2017 837 2076 omnium
863 2033 937 2094 quae
958 2025 1144 2088 memorantur,

101 2097 136 2174 sit
145 2098 255 2178 Thyle,
271 2101 302 2161 in
318 2114 374 2180 qua
390 2095 520 2162 solstitio
531 2099 625 2162 nullas
638 2117 706 2164 esse
720 2101 825 2162 noeles
839 2099 1041 2180 indicavimus,
1060 2099 1144 2160 eaneri

141 2187 254 2262 signum
276 2185 341 2246 sole
358 2193 545 2264 transeunte,
569 2185 723 2267 nullosque
742 2193 845 2246 eontra
862 2203 917 2266 per
931 2185 1060 2248 brumam
1079 2184 1135 2244 dies.

140 2269 198 2330 hoo
218 2267 331 2348 quidam
360 2271 440 2332 senis
460 2270 610 2331 mensibus
633 2271 777 2332 continuis
801 2271 864 2330 deri
887 2270 1074 2333 arbitrantur.
1103 2267 1144 2326 lin

139 2370 240 2414 maeus
251 2353 407 2416 historiens
420 2354 593 2416 aBritannia
607 2355 764 2416 introrsum
777 2369 832 2416 sex
844 2354 954 2415 dierum
966 2356 1144 2434 navigatione,

140 2437 248 2500 abesse
269 2437 338 2522 dicit
359 2439 480 2501 insulam
501 2437 609 2500 biletim
626 2441 655 2500 in
675 2456 731 2520 qua
752 2437 901 2503 candidum
918 2439 1064 2519 plumbum
1082 2456 1144 2518 pro-q

139 2524 248 2584 ueniat.
277 2523 312 2584 ad
336 2541 399 2586 eam
413 2523 569 2585 Britannos
583 2525 713 2586 vitilibus
729 2526 856 2603 navigiis
874 2525 956 2584 eorio
973 2524 1144 2606 oireumsutiq

140 2609 287 2687 navigare.
315 2607 388 2670 Sunt
403 2611 451 2690 qui
467 2617 497 2670 et
510 2609 581 2671 alias
592 2609 732 2688 prodant,
748 2608 897 2687 Scandira,
912 2607 1067 2686 Dumnam,
1082 2607 1137 2666 Ber·

140 2710 196 2771 gos
213 2696 420 2774 maximamque
442 2695 566 2756 omnium
582 2693 739 2772 Berricen,
764 2713 803 2754 ex
818 2711 873 2774 qua
892 2695 922 2754 in
942 2691 1057 2770 Thylen
1076 2691 1137 2751 11111-

140 2787 236 2856 getur.
262 2777 289 2839 A
303 2777 396 2857 Thyle
408 2781 492 2840 nnius
509 2777 566 2858 diei
582 2779 767 2857 navigatione
779 2787 858 2840 mare
871 2787 1038 2840 concretum
1054 2797 1068 2838 a
1082 2794 1136 2837 uon

140 2862 226 2923 nullis
243 2861 380 2924 Cronium
396 2863 570 2944 appellatur.

88 2951 139 3004 105
217 2945 264 3008 11.
283 2946 365 3028 (31.)
387 2947 478 3010 011111
497 2951 589 3011 omnis
606 2947 723 3012 Comata
744 2969 802 3012 uno
824 2953 941 3012 nomine
962 2947 1136 3032 appellatam

141 3031 195 3090 tria
210 3033 384 3112 populorum
406 3053 517 3113 genera
534 3035 686 3114 dividitur,
711 3035 842 3098 amnibus
863 3039 986 3096 maxime
1007 3035 1136 3096 distincta.

141 3133 158 3175 a
175 3115 280 3192 Scalde
301 3118 336 3178 ad
353 3117 515 3200 Sequanam
533 3119 668 3199 Belgica,
689 3120 724 3181 ab
742 3138 779 3182 eo
796 3121 832 3181 ad
855 3119 1023 3181 Garumnam
1042 3117 1137 3179 Celtica

141 3200 301 3281 eademque
322 3201 543 3282 Lugdunensis,
565 3205 633 3265 inde
655 3205 690 3266 ad
711 3203 853 3282 Pyrenaei
872 3207 978 3267 montis
999 3218 1137 3266 excursum

139 3287 328 3366 Aquitanica,
357 3289 529 3348 Aremorica
551 3297 617 3365 ante
643 3289 726 3352 dieta.
770 3287 943 3352 Universum
970 3303 1049 3350 oram
1067 3285 1137 3356 X'VH

138 3371 160 3432 L
173 3371 202 3431 ll
216 3389 351 3452 passuum
363 3371 507 3452 Agrippa,
523 3371 678 3434 Galliarum
690 3377 767 3434 inter
776 3373 911 3436 Rhenum
927 3383 957 3435 et
972 3374 1136 3450 Pyrenaeum

138 3465 226 3535 atque
245 3475 384 3518 ooeanum
400 3475 436 3517 ae
452 3467 566 3519 montes
586 3455 750 3520 Cebennam
767 3468 797 3519 et
812 3459 903 3536 luris,
921 3457 1023 3538 quibus
1039 3455 1136 3516 Narbo·

138 3559 259 3602 nensem
275 3541 392 3608 Galliam
407 3541 545 3622 excludit,
562 3543 772 3622 longitudinem
790 3541 946 3604 CCCCXX
961 3541 989 3604 ll
1002 3556 1135 3622 passuum,
