2392 3946
172 241 236 308 358
531 239 560 295 c.
579 237 682 294 Pnnu
698 237 855 294 succum

170 392 358 454 confessione
378 392 508 471 optimus
527 407 561 450 ac
584 390 649 450 sine
673 387 789 450 aemulo
813 388 950 470 agricola,
972 406 1058 469 pauca
1078 389 1151 468 attigit

145 483 276 544 ‘vitium
302 498 426 562 genera,
455 477 642 559 quarundam
669 497 706 539 ex
732 477 779 540 his
807 479 868 539 iam
898 479 987 540 etiam
1013 477 1153 540 nomirdlus

118 580 151 628 45
171 570 297 634 abolitis.
343 570 503 651 separatim
525 575 588 630 toto
612 575 741 630 tractatu
763 569 913 630 sententia
939 569 1003 630 eius
1027 567 1154 629 indicanda

171 669 226 744 est,
249 662 331 722 utin
350 660 431 721 omui
449 661 559 739 genere
577 675 735 720 noscamus
758 675 835 737 quae
858 657 970 719 luerint
993 655 1156 718 celeberrima

171 768 248 812 auno
271 761 318 810 nc
342 747 439 829 urhis,
467 750 546 810 circa
573 755 673 828 captas
701 745 910 826 Carthaginem
938 765 973 808 ac
1001 745 1171 826 Corinthumi

171 857 241 901 cum
264 855 438 920 supremum
460 839 486 898 is
509 837 589 899 diem
611 835 698 918 obiit,
721 844 751 898 ct
775 844 919 916 quantum
940 845 1044 917 postea
1064 848 1158 898 com

118 937 153 986 tc
172 930 257 989 annis
276 929 335 989 vita
353 927 525 1007 profecerit.
562 944 633 1006 ergo
651 926 688 987 de
707 924 819 988 vitibus
836 927 962 1007 uvisque
985 928 1026 988 ita
1042 925 1158 1008 prodidit:

171 1017 238 1088 Qui
265 1016 367 1079 locus
394 1017 476 1078 rino
499 1018 656 1096 optimus
680 1015 824 1076 dicetur
851 1034 931 1078 esse
959 1023 995 1077 et
1021 1022 1159 1078 ostentus

171 1105 324 1188 solibus,
348 1105 533 1168 Amineum
556 1104 798 1167 minusculum
822 1113 857 1166 et
879 1107 1058 1185 geminum
1079 1123 1159 1184 euge-

171 1198 281 1278 nium,
308 1195 465 1276 helvium
487 1194 730 1258 minusculum
752 1197 947 1257 conserite.
998 1197 1060 1275 qui
1084 1194 1180 1256 locus

171 1287 332 1347 crassior
351 1293 411 1346 aut
427 1283 651 1367 nebulosior,
674 1284 858 1346 Amineum
881 1287 994 1346 maius
1019 1292 1076 1346 aut
1091 1284 1161 1346 llur·

170 1377 370 1457 pentinum,
388 1374 551 1454 Apicium
569 1373 751 1436 lucanum
769 1376 893 1436 serito.
931 1381 1075 1436 ceterae
1092 1375 1161 1435 vites

171 1463 354 1526 miscellae
378 1465 530 1526 maxime
556 1466 594 1525 in
618 1467 779 1544 quemvis
806 1481 930 1544 agrum
958 1467 1162 1526 conveniunt.

171 1557 206 1615 in
230 1554 302 1632 olla
324 1555 485 1616 vinaceis
509 1553 715 1616 conduntur
736 1553 920 1616 Amineum
942 1553 1162 1629 minusculum

171 1652 206 1706 et
228 1646 341 1705 maius
365 1651 399 1705 et
421 1642 598 1726 Apicium,
626 1644 748 1706 eadem
774 1645 811 1704 in
838 1661 922 1724 sapa
945 1651 980 1705 et
1009 1652 1118 1706 musto
1139 1644 1162 1701 ir

170 1733 247 1794 lora
270 1741 369 1794 recte
392 1733 608 1795 conduntur.
646 1750 733 1814 quas
757 1733 956 1814 suspendas
980 1733 1162 1808 duracium,

171 1822 334 1884 Amineas
362 1824 528 1904 maiores,
560 1821 615 1884 vel
647 1823 688 1884 ad
720 1821 860 1884 fabrum
891 1823 1091 1884 ferrarium
1117 1839 1161 1902 pro

116 1919 151 1968 47
171 1913 288 1991 passis
314 1910 378 1974 hae
406 1920 507 1973 recte
535 1919 736 1974 servantur.
781 1929 838 1974 nec
862 1919 931 1974 sunt
958 1914 1118 1974 vetustiora
1137 1909 1160 1970 de

169 1999 274 2062 illa're
297 1999 419 2062 Latinae
441 2000 559 2080 linguae
586 2012 753 2083 praecepta.
798 2009 860 2062 tam
885 2020 980 2082 prope
1010 2001 1049 2064 ab
1076 2001 1159 2080 crigiu

170 2107 273 2152 rerum
291 2107 403 2152 sumus.
428 2090 581 2154 Amineam
598 2093 732 2171 proxime
751 2091 861 2153 dictam
874 2089 985 2152 Varro
1001 2091 1180 2154 Scantianm

171 2186 265 2240 voest.
531 2231 534 2238 .
791 2233 794 2242 .
979 2223 982 2230 ·

236 2265 270 2327 ln
300 2273 403 2328 nostra
432 2276 527 2330 aetate
556 2285 650 2349 pauca
680 2270 814 2350 exempla
843 2278 1068 2333 consummatae
1096 2269 1162 2330 lidus

170 2357 242 2417 artis
261 2356 355 2440 luere,
378 2375 482 2418 verum
500 2376 536 2419 eo
555 2360 655 2420 miuus
673 2359 897 2443 omittendam
915 2367 1080 2422 noscantur
1097 2359 1164 2419 edam

117 2453 151 2504 48
170 2449 313 2529 praemia,
341 2465 417 2526 quae
440 2449 471 2508 iu
494 2449 575 2509 omni
598 2466 631 2510 re
659 2451 785 2511 maxime
812 2456 995 2530 spectantur.
1043 2463 1165 2511 summan

172 2555 242 2616 ergo
266 2537 391 2616 adeptus
414 2545 461 2598 est
483 2537 606 2617 gloriam
629 2537 742 2600 Acilius
765 2538 924 2600 Sthenelus
947 2557 964 2600 e
986 2537 1076 2619 plebe
1097 2535 1164 2598 lber·

170 2627 233 2686 tina
250 2640 299 2688 nx
317 2629 456 2706 iugerum
474 2644 535 2687 non
554 2626 680 2707 amplius
699 2630 794 2689 vineis
812 2627 937 2690 excultis
955 2629 987 2688 in
1001 2627 1165 2690 Nomentano

118 2721 152 2772 49
172 2733 242 2794 agro
270 2726 358 2796 atque
386 2713 476 2782 ὅθ’ὒῧ
502 2733 658 2778 nummum
684 2716 869 2780 venundatis.
919 2735 1025 2796 magna
1053 2717 1125 2778 lama
1146 2723 1164 2770 d

171 2803 315 2866 Vetuleno
338 2804 457 2885 Aegialo
479 2805 604 2886 perinde
626 2804 766 2869 libertino
790 2806 847 2866 suit
874 2807 906 2867 in
929 2804 1089 2886 Campania
1113 2822 1165 2865 run

243 2996 491 3102 terhis'disc)
510 3031 568 3086 iem
586 3030 679 3102 offic.
713 3031 830 3086 exisiem
848 3049 871 3086 c.
902 3030 960 3086 iem
978 3047 1013 3086 ex
1031 3029 1077 3086 his
1095 3035 1116 3084 d.
1144 3043 1166 3080 u

170 3101 277 3228 2³33&
337 3103 496 3230 affligitis
513 3101 759 3231 ac‘llcictrilolcdlel⁷
778 3101 992 3230 prgffffflegg
1003 3101 1167 3228 fippenppp

168 3261 192 3298 r.
267 3215 300 3298 1'0
318 3243 445 3300 neruum
462 3217 740 3316 nacccoeffisao]
768 3246 858 3302 -num
875 3263 918 3302 rc.
992 3251 1025 3301 ιι
1044 3215 1165 3300 iuncum

168 3313 234 3368 nlo.
262 3315 352 3370 nium
365 3334 388 3372 r.
464 3323 497 3372 14
516 3316 653 3373 olle—15
668 3319 761 3374 musto
780 3317 811 3372 in
824 3323 858 3372 Π.
878 3333 928 3374 oro.
942 3333 986 3372 rc.
1014 3315 1164 3393 oscilctoi

175 3383 493 3444 Varrodcr.r.158.
585 3395 620 3444 14
638 3389 858 3446 amminiumrt
948 3388 1033 3444 15‘in
1051 3401 1165 3458 sapa‚111

169 3455 262 3509 musto
283 3454 351 3536 Coto
365 3463 390 3513 7.
447 3465 498 3542 'lc
517 3461 594 3515 recto
612 3465 647 3514 Π.
722 3467 755 3516 17
775 3459 930 3516 ammineas
943 3459 1064 3516 minores
1077 3463 1111 3513 Ι.

168 3527 404 3648 etrusco.
419 3531 539 3654 aad
556 3547 578 3586 ⁰·
612 3607 647 3658 20
662 3534 938 3660 edumarii
966 3535 1162 3659 aihu

169 3609 569 3795 ffifffflstssledztlgeicaecee
588 3689 610 3754 c.
639 3689 709 3744 eque
729 3693 753 3730 a.
782 3691 871 3744 aeque
886 3643 973 3732 0000
987 3620 1162 3732 eddflgl'tgcdtl

286 3774 291 3784 ·
336 3777 341 3790 .
503 3758 632 3812 mpemee
651 3761 716 3802 acc.
825 3785 838 3812 a
