2390 3938
140 257 203 323 250
490 269 520 320 o.
545 271 639 340 rrum
663 271 810 319 saeuum

142 426 293 490 aPelusio
315 445 370 506 per
384 424 526 504 harenas,
548 427 577 486 in
600 445 657 506 quo
679 428 733 486 nisi
755 427 856 488 calami
882 426 970 488 delixi
989 434 1082 504 regant
1095 427 1129 486 ria

92 520 210 573 lothen
231 513 379 591 reperitur
402 511 524 571 subinde
543 527 611 571 aura
636 511 762 589 vestigia
784 513 949 590 operiente.
989 509 1130 570 alternmll

141 597 198 658 mil.
216 615 350 675 passuum
370 595 444 655 ultra
464 593 578 655 Casium
593 605 738 674 muntem,
753 595 831 674 quod
848 613 864 656 a
879 594 931 654 LX
942 595 1001 654 mil.
1018 612 1132 674 passuum

141 682 217 744 redit
232 683 260 740 in
274 679 452 741 Pelusiacam
472 681 557 740 viam.
591 679 725 743 accolunt
744 679 861 740 Arabes
885 679 1003 740 Autaei.
1037 679 1133 739 tertium

141 784 157 826 a
174 763 304 842 Gerrho,
331 763 407 844 quod
428 762 583 843 Agipsium
603 772 726 841 vocant,
749 782 810 844 per
830 763 950 824 eosdem
971 761 1155 824 Arabesbllt

141 849 199 910 mil.
217 867 350 928 passuum
367 851 506 927 propius,
526 848 579 909 sed
601 865 736 927 asperum
753 849 899 910 montibus
918 857 949 908 et
967 850 1051 927 inops
1066 865 1134 925 aqua·

141 953 213 994 rum.
248 949 301 993 eae
316 949 416 992 omnes
433 934 498 992 viae
518 932 669 992 Arsinoen·
681 932 787 992 ducunt
807 933 951 992 condltarn
972 933 1082 992 sororis
1097 949 1134 990 no·

142 1020 218 1078 mine
233 1017 262 1076 in
277 1018 341 1076 sinu
358 1014 502 1078 Carandra
521 1035 537 1076 a
558 1016 729 1078 Ptolomaeo
748 1017 956 1097 Philadelpho,
981 1018 1030 1096 qui
1046 1017 1134 1095 primus

143 1101 362 1180 Trogodyticen
377 1102 523 1178 excussit,
541 1119 651 1162 amnem
667 1103 715 1179 qui
733 1103 883 1164 Arsinoen
901 1099 1134 1180 praefluitPtolo-

91 1195 142 1248 168
153 1205 263 1247 maeum
281 1185 449 1264 appellavit.
478 1203 547 1246 mox
561 1185 697 1266 oppidum
713 1204 831 1265 parvum
854 1195 900 1246 est
916 1185 1031 1246 henum
1045 1219 1085 1232 —-
1100 1183 1134 1242 alii
1145 1197 1162 1236 rt

142 1289 196 1351 pro
216 1270 274 1331 hoc
289 1269 461 1332 Philoterias
479 1270 608 1330 scribunt
629 1303 672 1316 -
689 1270 794 1350 deinde
816 1279 883 1330 suut
903 1269 1007 1330 Asarri
1028 1289 1067 1329 ex
1080 1267 1136 1327 Tro·

141 1356 312 1435 godytarum
327 1355 478 1432 conubiis,
496 1353 610 1416 Arabes
625 1354 699 1432 ieri,
720 1354 831 1414 insulae
847 1353 1007 1434 Sarapine,
1028 1352 1136 1429 Scytala,

140 1458 210 1500 mcx
224 1438 349 1509 deserta¹
364 1438 399 1499 ad
413 1437 639 1516 Mycshormuu,
656 1439 705 1499 ubi
723 1439 790 1500 fons
808 1438 935 1515 Tatnos,
958 1457 1041 1498 mons
1061 1437 1136 1512 Aeas,

78 1518 81 1523 ’
141 1523 234 1584 insula
249 1523 501 1602 lambe,portuus
519 1523 609 1583 multi.
644 1523 958 1603 Berenice,oppidum
974 1523 1072 1583 matris
1085 1521 1137 1580 Phi·

99 1607 268 1688 toaladelphi
292 1609 424 1684 nomine,
452 1606 488 1666 ad
516 1606 594 1685 quod
618 1609 710 1668 itera
739 1605 836 1686 Copto
862 1609 995 1668 diximus.
1038 1606 1137 1666 Arabes
1147 1619 1163 1657 15

93 1701 141 1754 169
151 1691 257 1753 Autaei
274 1701 304 1752 et
317 1691 456 1753 Gebadei.
484 1689 567 1770 (34.)
591 1690 808 1771 Trogodytice,
824 1711 906 1771 quarn
922 1693 1012 1772 prisci
1024 1690 1138 1765 hlidoeu,

142 1777 190 1837 alii
204 1775 320 1838 Michoe
336 1777 448 1838 dixere.
471 1793 554 1836 mous
571 1775 808 1854 Pentedactylos,
819 1776 933 1837 insulae
948 1776 1057 1838 Stenae
1071 1774 1138 1834 dirae

141 1861 270 1940 aliquot,
284 1859 442 1922 Halonnesi
459 1877 517 1920 uon
532 1862 700 1940 pauciores,
717 1859 899 1939 Cardamiue,
914 1859 1062 1940 Topaaos,
1076 1876 1138 1938 quae

140 1963 272 2024 gemmae
295 1963 401 2006 nomen
423 1945 512 2008 dedit.
546 1946 625 2006 sinus
650 1944 753 2006 insulis
774 1944 919 2023 refertus,
948 1964 987 2006 ex
1008 1944 1053 2006 his
1077 1961 1139 2022 quae

140 2025 259 2091 blacreu
279 2039 420 2102 rpeantur
441 2047 586 2109 aquosae,
611 2047 685 2109 quae
703 2027 847 2090 Bratanos
868 2031 1014 2095 sitientes.
1051 2041 1163 2105 reguum

141 2113 187 2174 his
208 2114 351 2193 praelecti
376 2114 470 2174 luere.
509 2113 656 2174 Introrsus
680 2111 824 2191 Candaei,
846 2131 920 2195 quos
942 2113 1139 2193 Ophiophagos

142 2207 263 2276 vocant,
280 2199 467 2277 serpentibus
485 2199 566 2259 vesci
582 2198 703 2260 adsueti.
734 2215 831 2277 neque
846 2199 902 2260 alia
917 2201 1005 2276 regio
1026 2197 1140 2259 fertilior

91 2289 142 2342 170
154 2289 200 2342 est
217 2299 298 2343 auro.
334 2281 420 2360 Iuba,
443 2283 491 2361 qui
510 2281 626 2344 videtur
641 2282 864 2361 diligentissime
878 2281 1139 2363 persecutus-haec,

142 2367 240 2426 omisit
253 2367 282 2427 iu
297 2365 353 2426 hcc
368 2375 478 2444 tractu,
494 2368 549 2428 uisi
567 2367 774 2447 exemplarium
788 2369 889 2429 vitium
905 2376 968 2446 est,
990 2367 1140 2427 Berenicen

141 2449 262 2510 alteram
282 2469 356 2530 quae
378 2449 562 2527 Panchrysos
590 2454 792 2530 cognominata
820 2459 867 2514 est
891 2460 921 2512 et
942 2453 1058 2513 tertiam
1078 2459 1164 2530 quaet

141 2532 294 2614 Epidires,
309 2537 451 2614 insignem
469 2535 545 2596 loco.
579 2545 626 2597 est
641 2537 715 2596 enirn
732 2539 787 2596 sita
805 2539 834 2597 in
849 2537 965 2598 cervice
981 2535 1072 2614 louge
1086 2550 1141 2613 pro·

142 2630 289 2700 currente,
307 2620 356 2680 ubi
368 2621 467 2680 lauces
483 2620 574 2681 Rubri
592 2622 677 2681 maris
692 2620 747 2680 llll
761 2621 819 2682 mil.
836 2621 861 2681 D
877 2639 1012 2701 passuum
1027 2621 1065 2680 ab
1082 2619 1141 2678 hra-

91 2712 139 2764 171
154 2703 201 2765 hia
220 2704 337 2766 distant.
369 2705 461 2764 insula
481 2705 520 2765 ihi
538 2702 630 2782 Cytis,
647 2714 780 2784 topazum
797 2707 896 2766 ierens
912 2713 943 2766 et
961 2707 1034 2784 ipsa.
1072 2703 1140 2762 Ultra

143 2789 250 2867 silvae,
273 2789 321 2850 ubi
336 2788 494 2850 Ptolomais
516 2809 532 2849 a
547 2789 736 2869 Philadelpho
755 2789 869 2850 condita
884 2789 918 2850 ad
934 2798 1078 2850 venatuus
1094 2786 1140 2847 ele

142 2873 328 2952 phantorum,
351 2875 389 2934 ob
407 2875 435 2934 id
452 2873 609 2953 Epitheras
634 2875 853 2952 cognominata,
874 2876 953 2934 iuxta
975 2873 1070 2933 laeum
1088 2871 1163 2932 uteo

90 2958 280 3018 ammelech.
318 2955 398 3020 llaec
420 2968 466 3019 est
485 2960 570 3036 regio
594 2959 721 3020 secundo
742 2959 889 3020 volumine
911 2957 1028 3018 anobis
1046 2954 1140 3035 signil-

142 3050 224 3118 cata,
246 3043 276 3102 in
294 3059 348 3121 qua
368 3041 447 3102 XLV
468 3043 569 3102 diebus
590 3051 656 3104 aute
678 3043 834 3104 solstitium
850 3043 1031 3120 totidemque
1050 3050 1139 3121 postea

143 3125 212 3186 hora
226 3135 310 3186 sexta
322 3136 527 3186 consumuntur
540 3129 676 3206 umbrae,
693 3136 723 3188 et
734 3129 762 3188 iu
774 3127 923 3188 meridiem
937 3125 1061 3205 reliquis
1073 3124 1139 3185 horis

142 3209 262 3286 cadunt,
290 3211 398 3272 ceteris
421 3211 522 3272 diebus
546 3212 575 3272 in
597 3214 842 3292 septentrionem,
868 3230 931 3272 cum
954 3213 982 3271 iu
1009 3209 1139 3271 Berenice

98 3309 225 3370 tauquam
248 3297 365 3373 primam
387 3297 534 3373 posuimus
556 3299 621 3375 ipso
645 3297 691 3356 die
711 3296 819 3356 solstiti
842 3305 923 3358 sexta
942 3295 1016 3356 hora
1033 3295 1162 3354 umbraett

139 3379 169 3436 in
185 3387 276 3438 totum
291 3379 475 3440 absumantur
491 3380 618 3460 nihilque
633 3379 787 3442 adnotetur
808 3379 885 3442 aliud
900 3381 979 3458 navi,
996 3377 1077 3439 uun
1091 3374 1137 3436 mil.

139 3479 274 3539 passuum
293 3464 447 3524 intervallo
461 3463 684 3543 aPtolomaide,
701 3485 750 3526 res
765 3467 893 3545 ingentis
909 3464 1036 3544 exempli
1057 3465 1137 3523 loeus·

141 3561 197 3622 que
213 3547 382 3608 subtilitatis
397 3549 561 3628 inmensae,
583 3550 688 3612 mundo
708 3550 748 3612 ihi
770 3550 934 3630 deprenso,
957 3567 1021 3626 curn
1042 3543 1137 3609 indubi-
