2590 3934
365 165 449 254 Nax.
468 166 561 220 uisu.
579 167 619 220 lx
638 173 743 223 rs-rc
762 159 888 238 (ιο-’55)
1070 169 1133 234 125

100 323 269 396 ,vagantum
314 315 497 396 ubicumque
521 316 699 397 deprehensi
724 335 820 397 usquc
844 318 880 379 ad
904 321 1133 402 aequinoctium,

117 404 160 467 ibi
182 405 350 468 hibernant.
395 405 485 468 iidem
504 425 592 486 saepe
612 408 726 487 navigia
744 407 816 468 velis
838 411 938 470 euntia
957 411 1133 470 comitantes

117 497 192 557 mim
216 495 342 575 quadam
365 495 521 557 dulcedine
544 515 599 575 per
617 496 730 576 aliquot
748 495 889 559 horarum
907 501 1001 578 spatia
1020 506 1050 560 at
1067 517 1133 579 pas·

118 603 207 646 suum
230 585 310 646 milia
333 604 350 646 a
372 583 582 665 gubernaculis
609 593 783 666 spectantur
806 606 844 649 ne
863 587 993 648 tridente
1013 589 1133 668 quidem

90 675 150 735 sin
173 693 225 735 eos
248 676 367 755 saepius
390 677 467 736 iacto
490 675 597 736 territi.
643 676 763 755 quidam
782 695 833 737 eos
857 678 909 756 qui
931 677 988 738 hoc
1012 677 1132 758 etbyn·

116 765 164 824 nis
187 765 296 826 faciant
318 763 465 844 pompilos
483 771 597 826 vocant.
613 812 620 826 .
636 812 665 827 ..
685 764 772 826 multi
790 767 826 826 in.
840 764 1021 846 Propontide
1044 769 1132 828 aesti-
1151 780 1185 831 52

117 860 195 933 rant,
217 852 347 914 Pontum
370 872 430 914 non
453 855 574 914 intrant.
619 856 692 916 item
715 853 828 937 soleae,
856 873 925 916 cum
948 855 1065 918 rhombi
1088 857 1132 916 iu·

118 949 213 1022 trent,
242 961 298 1004 nec
322 945 421 1022 saepia
444 950 502 1025 est,
533 962 600 1004 cum
624 943 722 1023 lolligo
744 946 921 1024 reperiatur.
967 945 1133 1006 saxatilium

109 1031 226 1092 turdus
250 1039 280 1092 et
302 1033 417 1100 merula
435 1033 552 1114 desunt,
576 1035 654 1094 sicut
675 1033 837 1115 conchylia,
861 1053 929 1095 cum
948 1042 1064 1096 ostreae
1083 1034 1132 1095 ab·

76 1120 240 1182 mundent.
285 1123 383 1182 omnia
410 1130 510 1183 autem
537 1121 697 1183 hibernant
724 1123 755 1182 in
783 1122 907 1202 Aegaeo.
957 1125 1131 1185 intrantium
1230 1113 1234 1120 ’

116 1209 246 1272 Pontum
274 1209 330 1271 soli
362 1229 423 1272 non
450 1219 585 1272 remeant
611 1211 736 1272 trichiae
770 1245 812 1253 -
845 1211 966 1273 Graecis
994 1215 1075 1274 euim
1102 1215 1132 1272 in

116 1299 268 1379 plerisque
290 1300 461 1362 nominibus
483 1302 528 1361 uti
550 1319 604 1381 par
628 1303 699 1382 erit,
728 1301 845 1380 quando
868 1301 933 1361 aliis
956 1309 1045 1380 atque
1068 1301 1132 1361 aliis

116 1389 238 1450 cosdem
261 1389 371 1450 diversi
392 1389 576 1470 appellavere
600 1397 713 1451 tractus
737 1423 789 1472 ·—,
819 1391 871 1452 sed
894 1391 926 1451 hi
949 1389 1005 1450 soli
1028 1391 1059 1451 in
1082 1389 1132 1450 Hi·

117 1486 214 1540 strum
241 1495 358 1540 amnem
386 1479 515 1541 subeunt
544 1487 573 1540 ct
601 1498 637 1540 ex
660 1499 696 1540 eo
724 1478 928 1540 subterraneis
956 1481 1020 1540 eius
1049 1482 1133 1540 venis
1152 1493 1185 1544 53

78 1581 104 1624 15
118 1568 150 1628 in
173 1567 376 1630 Hadriaticum
398 1587 480 1630 mare
499 1569 649 1652 delluunt,v
665 1571 765 1648 itaque
790 1577 820 1630 et
838 1569 898 1630 illic
918 1568 1134 1630 descendentes

118 1675 175 1718 nec
199 1676 339 1737 umquam
362 1657 526 1720 subeuntes
549 1679 566 1720 e
589 1660 664 1720 mari
687 1661 833 1720 visuntur.

185 1746 379 1826 Thpunorum
407 1755 529 1828 captura
556 1756 603 1808 cst
630 1767 646 1808 a
673 1747 863 1827 vergiliarum
891 1755 997 1808 exortu
1024 1746 1061 1808 ad
1088 1766 1145 1826 ar-¹

118 1837 198 1896 cturi
220 1855 368 1898 occasum.
405 1837 521 1917 reliquo
544 1845 679 1917 tempore
698 1836 823 1910 hiberno
846 1836 939 1910 latent
961 1839 993 1896 in
1011 1839 1133 1916 gurgiti·
1234 1881 1236 1886 ,
1288 1913 1289 1920 ἵ

118 1924 175 1986 bus
198 1927 266 1986 imis
294 1928 351 1988 nisi
374 1919 479 2007 tepore
503 1926 602 2006 aliquo
630 1928 743 1988 euocati
771 1934 822 1987 aut
844 1925 1023 2006 pleniluniis
1068 1927 1132 2006 piu·

78 2029 106 2072 so
119 2023 267 2095 guescunt
294 2017 378 2077 etin
401 2024 517 2077 tantum
544 2024 578 2077 ut
600 2015 763 2078 dehiscant.
808 2017 867 2076 vita
893 2015 1064 2095 longissima
1087 2015 1134 2074 his

118 2104 229 2166 bienni.

186 2189 260 2276 (21)
284 2195 398 2256 Animal
422 2203 467 2256 est
489 2213 614 2276 parvum
632 2195 798 2274 scorpionis
817 2195 929 2276 effigie,
951 2195 1051 2255 aranei
1074 2211 1133 2254 ma·
1153 2217 1187 2269 54

119 2283 283 2364 gnitudine.
315 2285 390 2346 'hoc
418 2303 449 2345 se
478 2292 509 2346 et
535 2285 650 2362 thynno
679 2292 709 2345 et
737 2286 764 2344 ei
793 2285 844 2362 qui
871 2283 985 2363 gladius
1012 2291 1135 2345 vocatur

6 2423 8 2462 p
120 2372 227 2434 crebro
252 2373 383 2454 delphini
405 2372 638 2453 magnitudinem
661 2373 816 2434 excedenti
843 2373 899 2434 suh
922 2375 1012 2453 pinna
1035 2373 1135 2452 adtigit

6 2463 8 2526 l
78 2475 106 2518 aa
121 2463 223 2524 aculeo
250 2469 392 2542 tantoque
420 2463 543 2524 inlcstat
565 2461 676 2544 dolore,
699 2470 733 2522 ut
756 2465 787 2524 in
806 2480 895 2523 naves
920 2480 1134 2542 saepenumero

120 2550 265 2614 exsiliant.
313 2552 391 2631 quod
416 2560 446 2613 et
465 2551 535 2612 alias
554 2552 667 2612 iaciunt
690 2551 816 2612 aliorum
834 2549 894 2613 vim
912 2553 1052 2612 timentes
1071 2571 1134 2612 mu·

120 2641 194 2723 giles
217 2643 353 2724 maxime,
375 2651 436 2703 tam
454 2643 631 2720 praecipuae
649 2640 814 2700 velocitatis
836 2649 871 2701 ut
893 2649 1062 2702 transversa
1086 2659 1134 2699 na-

119 2733 197 2812 vigia
219 2733 341 2793 interim
364 2733 574 2812 superiactent.
678 2765 683 2776 ι

188 2815 242 2884 16.
267 2813 341 2904 (22)
366 2821 443 2882 Sunt
466 2828 496 2882 et
519 2823 549 2880 in
572 2819 734 2898 hac-parte
759 2826 882 2884 naturae
906 2821 1042 2900 auguria,
1066 2826 1136 2878 sum
1155 2833 1188 2883 55

79 2921 108 2966 ³0
122 2919 152 2972 et
180 2910 313 2991 piscibus
343 2913 498 2991 praescita.
552 2907 652 2970 Siculo
682 2907 760 2969 hello
791 2907 958 2970 ambulante
980 2910 1019 3008 lin
1049 2907 1135 2968 litore

194 3103 358 3156 1115555555
379 3117 427 3170 epo
449 3100 586 3166 iodiccci3
614 3099 723 3154 videtur
750 3101 888 3169 genetivus
915 3099 1059 3154 eccidisse:
1086 3099 1136 3164 cfr.

122 3171 211 3226 Arist.
234 3173 259 3226 h.
279 3190 305 3226 a.
330 3175 403 3226 VIII
412 3177 448 3228 13
462 3189 493 3241 p.
508 3177 564 3228 598
582 3171 623 3238 Α,
642 3175 695 3227 24:
712 3175 780 3226 τῶν
800 3172 835 3225 δὲ
854 3174 977 3225 κολιῶν
996 3169 1023 3224 οἱ
1040 3172 1137 3224 πολλοὶ

123 3242 162 3298 alc
180 3244 229 3309 μὲν
244 3244 298 3298 τὸν
316 3245 429 3298 Πόντον
448 3246 500 3298 οὐκ
518 3244 704 3310 ἐμβάλλουειν,
724 3244 755 3296 ἐν
774 3244 804 3296 δὲ
822 3248 857 3312 τῇ
875 3241 1048 3310 Προποντίδι
1066 3241 1137 3308 θερί-

123 3315 207 3372 ζουει.
224 3316 227 3382 l
244 3313 384 3370 aestivant
394 3316 480 3370 Barb.
500 3316 595 3370 -iuant
613 3316 641 3369 ll.
692 3321 707 3369 ‘t
728 3313 821 3369 soleae
834 3331 859 3368 c.
879 3313 950 3367 -lum
968 3318 993 3366 d.
1012 3313 1096 3368 -leme
1114 3330 1136 3366 r.

196 3386 424 3456 8reperiaturd.
452 3386 558 3441 -ianiur
574 3404 598 3442 c.
671 3391 703 3440 11
718 3384 904 3441 inomnra.
979 3391 1010 3438 13
1025 3384 1138 3440 eosdem

123 3462 148 3513 d.
177 3457 303 3514 eiusdem
320 3475 344 3512 r.
408 3463 442 3513 14
460 3475 572 3512 amnem
590 3457 649 3513 alc.
676 3473 754 3512 mare
772 3475 795 3512 r.
813 3459 971 3522 15155511.
996 3464 1094 3510 ex‘om.
1112 3460 1137 3509 d.

197 3536 230 3586 ta
248 3531 346 3600 tepore
359 3533 413 3584 lid.
431 3531 521 3600 bemp·
534 3547 558 3584 r.
608 3535 641 3584 21
661 3529 768 3584 animal
781 3533 827 3584 cd.
847 3529 946 3584 -elx'um
959 3533 990 3582 tt.
1010 3528 1096 3582 -alem
1114 3544 1137 3582 r.

195 3608 229 3657 23
248 3602 356 3672 thynno
369 3618 394 3656 5.
419 3601 518 3657 thinno
533 3601 570 3656 al.
597 3601 696 3657 echino
711 3605 735 3655 d.
760 3601 844 3656 hicne
865 3619 888 3655 r.
979 3605 1013 3654 24
1032 3598 1124 3670 magni

123 3675 251 3729 budinem
269 3691 293 3728 ο.
323 3674 398 3728 -dine
412 3675 445 3742 ll.
517 3679 551 3728 25
570 3673 600 3727 in
617 3673 705 3728 Barb.
720 3688 774 3734 cm.
794 3675 822 3727 ll.
