2414 3936
153 158 191 216 74
473 164 474 169 ’
522 165 552 212 o.
571 165 668 211 rn1u1
684 163 833 212 sucorum

153 323 285 386 exercitu
300 320 431 398 liberato,
441 315 534 400 pridie
551 337 635 401 qoam
643 317 770 380 Perseus
783 336 838 380 rex
855 327 1008 396 superatus
1032 337 1048 380 a
1065 319 1160 388 Paulo⁴

152 410 243 484 est,in
258 407 429 467 concionem
455 405 492 467 ab
509 406 686 484 imperatore
705 403 862 482 productus
879 402 915 463 ad
933 404 1148 482 praedicendam

154 493 297 573 eclipsim,
313 508 382 553 mox
400 499 429 551 et
440 490 593 569 conposito
605 489 761 550 volumIne.
778 487 854 566 apud
867 485 999 548 Graecos
1011 497 1103 548 antem
1113 491 1147 548 in-

152 577 309 655 vestigavit
324 577 433 656 primns
454 575 577 635 omnium
587 573 695 634 Thales
706 571 836 634 Milesius
848 569 1028 650 Olympiadis
1041 571 1149 634 XLVIII

153 679 227 723 anuo
244 670 346 740 quarto
370 659 521 740 praedIcto
540 659 611 720 solis
633 657 751 719 defectu
773 659 822 736 qui
839 656 956 732 Alyatte
974 675 1048 734 rege
1065 658 1166 718 lactuss

154 754 200 807 est
219 745 300 805 urbis
322 745 456 806 conditae
479 762 553 805 anno
578 741 688 804 CLXX.
718 751 785 822 post
806 759 859 802 eos
880 743 1031 822 utriusque
1055 742 1150 802 sideris

154 848 267 891 cursum
288 829 317 888 iu
338 837 495 889 sexcentos
519 845 609 890 annos
622 827 802 907 praeceoInit
811 825 1014 906 hipparchus,
1041 845 1151 886 meuses

153 915 281 992 gentium
301 913 422 992 diesque
445 922 479 973 et
498 913 586 974 horas
606 929 641 973 ac
657 912 749 973 situus
765 915 899 974 Iocorum
908 921 939 974 et
954 915 1056 975 visurus
1066 929 1150 990 popu·

153 999 245 1060 lorum
264 998 443 1078 conplexus,
467 1015 542 1058 aevo
563 1005 639 1058 teste
655 996 723 1056 haut
740 995 797 1056 alio
813 994 901 1054 modo
917 1013 1003 1073 quam
1019 997 1150 1056 consilio-

109 1100 214 1156 ssrum
235 1091 354 1144 naturae
377 1083 537 1163 particeps.
569 1081 632 1141 Viri
651 1081 802 1160 ingentes,
831 1073 977 1157 supraque
996 1081 1149 1141 mortalium
1159 1101 1175 1139 n

152 1177 280 1230 naturam
295 1176 437 1230 tantorum
452 1167 595 1229 nummum
611 1166 680 1244 lege
697 1163 882 1244 deprehensa
900 1172 930 1222 et
944 1165 1053 1226 misera
1069 1165 1150 1225 homi-

152 1272 217 1314 uum
234 1261 331 1312 mente
347 1251 480 1314 absoluta
492 1253 520 1311 in
533 1250 697 1312 defectibus
712 1248 828 1309 scelera
840 1256 887 1310 aut
898 1257 1021 1308 mortem
1034 1249 1150 1330 aliquam

152 1338 279 1398 siderum
304 1345 446 1415 pavente,
470 1353 527 1415 qno
550 1337 578 1396 in
599 1343 676 1394 metu
697 1333 789 1394 fuisse
811 1331 974 1394 Stesichori
997 1343 1027 1394 et
1044 1333 1150 1395 Pindari

150 1431 246 1482 vatum
262 1420 393 1481 sublimia
410 1437 461 1480 ora
478 1421 573 1499 palam
589 1427 634 1480 est
650 1419 779 1497 deliquio
796 1417 878 1493 solis,
897 1427 926 1478 at
941 1419 969 1478 ln
985 1418 1052 1480 luna
1068 1438 1151 1480 vene·

151 1506 217 1565 licia
234 1515 374 1582 arguente
389 1505 564 1568 mortalitate
581 1513 610 1564 et
625 1503 663 1564 ob
680 1503 709 1562 id
725 1503 839 1582 crepito
855 1503 975 1564 dissono
988 1505 1149 1580 auxiliante,
1160 1524 1175 1562 n

152 1607 209 1670 quo
237 1607 348 1668 pavore
372 1590 490 1668 ignarus
512 1605 618 1650 causae
639 1585 739 1648 Nloias
754 1586 974 1648 Atheniensium
999 1589 1151 1666 imperator

150 1676 260 1734 veritus
286 1674 412 1735 classem
436 1683 520 1754 portu
541 1673 669 1736 educere
698 1689 772 1751 opes
800 1687 899 1732 eorum
923 1670 1046 1747 addixit,
1073 1673 1152 1732 macti

151 1759 269 1838 ingenio
293 1767 372 1836 este,
398 1759 474 1820 caeli
494 1759 671 1838 Interpretes
696 1774 852 1836 rerumque
874 1764 994 1816 naturae
1017 1773 1151 1835 capaces,

107 1844 311 1922 55argomeuti
334 1852 505 1922 repertores
527 1859 585 1924 quo
612 1842 685 1903 deos
710 1840 901 1920 hominesque
921 1839 1053 1900 vicistis!
1086 1839 1152 1914 Quis

152 1929 226 1988 enim
242 1927 318 1988 haec
334 1945 458 1987 cernens
475 1937 504 1987 et
520 1935 611 1988 statos
629 1926 756 1988 siderum
792 1926 925 2004 quonlam
944 1925 983 1985 ita
1001 1925 1175 2004 appellarem

150 2012 259 2090 placuit
291 2010 409 2072 labores
425 2027 483 2071 non
504 2029 574 2072 suae
596 2009 766 2070 necessitati
783 2007 921 2068 mortales
938 2010 1057 2087 genitos
1076 2011 1151 2088 iguo-

151 2091 233 2155 scat?
265 2093 348 2154 Nunc
375 2095 512 2156 confessa
534 2096 571 2156 de
593 2094 696 2155 iisdem
716 2093 846 2154 breviter
869 2101 956 2173 atque
980 2095 1152 2174 capituIatim

150 2179 287 2256 attingam
302 2180 414 2240 ratione
433 2178 584 2242 admodum
598 2179 775 2240 necessariis
798 2177 873 2239 loeis
890 2179 1072 2259 strictimque
1090 2180 1150 2240 red-

150 2263 219 2338 dita,
238 2281 302 2323 nam
316 2281 413 2344 neque
426 2265 544 2325 Instituti
560 2265 660 2344 operis
672 2263 739 2324 talis
754 2263 965 2340 argumentatio
985 2271 1041 2340 est,
1058 2282 1150 2344 neque

150 2347 274 2406 omnium
299 2365 396 2408 rerum
417 2348 526 2410 adferri
549 2367 638 2429 posse
657 2365 760 2410 causas
781 2348 873 2408 minus
889 2349 990 2408 mirum
1006 2358 1052 2408 est
1070 2367 1176 2428 quamn

150 2439 284 2494 constare
300 2433 328 2492 iu
345 2431 458 2513 aliquis.

106 2521 142 2576 56
213 2515 261 2577 13.
285 2516 369 2598 (10.)
392 2513 706 2577 DeleotuusCGXXIII
732 2517 879 2576 mensibus
902 2517 1000 2578 redire
1027 2520 1057 2577 in
1085 2534 1151 2577 suos

145 2601 236 2664 orbes
247 2609 357 2661 certum
374 2609 434 2678 est,
457 2602 529 2662 solis
539 2600 691 2661 deiecimus
706 2619 762 2661 non
777 2603 832 2661 nisi
848 2603 1007 2663 novissima
1023 2603 1150 2682 primave

148 2684 309 2762 lissidona,
334 2685 412 2765 quod
434 2694 540 2748 vocant
556 2687 672 2763 coitum,
689 2685 774 2746 lunae
793 2695 888 2748 autem
908 2703 966 2746 non
984 2688 1039 2748 nisi
1055 2687 1148 2766 piena,

148 2786 325 2849 semperque
343 2769 413 2830 citra
429 2773 663 2849 quamproxime
683 2769 798 2846 lueriqt.
816 2771 946 2831 omnihus
962 2781 1060 2832 autem
1074 2772 1175 2832 anniso

149 2853 212 2912 lieri
234 2854 385 2933 utriusque
407 2854 511 2914 sideris
525 2854 676 2916 deiecturus
695 2856 776 2916 statis
800 2855 903 2916 diebus
931 2855 1073 2936 horisque
1100 2855 1147 2916 sub

148 2945 237 3013 terra,
253 2955 311 3012 neo
325 2947 431 3014 tamen,
449 2957 513 2998 oum
528 2956 655 3018 superne
670 2939 748 3016 fiant,
764 2939 872 3019 ubique
890 2941 980 3016 cernI,
998 2940 1147 3021 aliquando

151 3029 273 3100 propter
288 3019 396 3099 nubila,
412 3023 530 3100 saepius
546 3022 638 3100 globo
654 3032 750 3084 terrae
766 3024 901 3086 obstante
919 3025 1147 3086 convexitatibus

106 3105 253 3170 odmundi·
275 3104 352 3167 Intra
367 3107 508 3168 ducentos
524 3125 614 3168 annos
629 3107 788 3187 Hipparchi
803 3109 965 3186 sagacitate
981 3119 1147 3188 conpertum

61 3234 66 3238 .
151 3197 240 3250 estet
258 3190 343 3251 lunae
364 3190 511 3252 deiectum
526 3192 680 3272 aliquando
696 3194 795 3272 quinto
811 3212 911 3254 mense
927 3211 943 3254 a
958 3195 1059 3274 priore
1078 3194 1147 3267 lieri,
1157 3216 1174 3255 sn

150 3273 222 3334 solis
237 3289 309 3334 vero
325 3275 465 3354 septimo.
490 3277 612 3337 eundem
629 3275 674 3336 bis
692 3278 720 3336 in
737 3278 853 3356 triginta
869 3276 972 3339 diebus
988 3296 1077 3358 supra
1094 3287 1147 3340 ter-

148 3375 196 3418 ras
213 3359 370 3436 oocultari‚
393 3359 446 3420 sed
466 3359 503 3422 ab
526 3361 590 3422 aliis
617 3359 675 3421 hoc
692 3361 787 3437 cerni,
812 3379 947 3442 quaeque
971 3365 1080 3422 suntin
1097 3363 1149 3423 hoc

147 3443 287 3505 miraculo
303 3443 430 3505 maxime
450 3446 538 3513 mira,
563 3463 627 3505 com
649 3448 803 3506 conveniat
823 3445 924 3506 umbra
944 3455 1044 3508 terrae
1060 3447 1149 3507 lunam
