<?xml version="1.0" encoding="UTF-8"?>
<!DOCTYPE html PUBLIC "-//W3C//DTD XHTML 1.0 Transitional//EN"
    "http://www.w3.org/TR/xhtml1/DTD/xhtml1-transitional.dtd">
<html xmlns="http://www.w3.org/1999/xhtml" xml:lang="en" lang="en">
 <head>
  <title>
</title>
<meta http-equiv="Content-Type" content="text/html;charset=utf-8" />
  <meta name='ocr-system' content='tesseract 3.04.00' />
  <meta name='ocr-capabilities' content='ocr_page ocr_carea ocr_par ocr_line ocrx_word'/>
</head>
<body>
  <div class='ocr_page' id='page_1' title='image "./naturalishistor02plingoog_0303.png"; bbox 0 0 2286 3938; ppageno 0'>
   <div class='ocr_carea' id='block_1_1' title="bbox 160 251 998 334">
    <p class='ocr_par' dir='ltr' id='par_1_1' title="bbox 160 251 998 334">
     <span class='ocr_line' id='line_1_1' title="bbox 160 251 998 334; baseline -0.001 -18"><span class='ocrx_word' id='word_1_1' title='bbox 160 269 164 275; x_wconf 91' lang='lat'>·</span> <span class='ocrx_word' id='word_1_2' title='bbox 212 270 293 316; x_wconf 76' lang='lat' dir='ltr'>unu.</span> <span class='ocrx_word' id='word_1_3' title='bbox 310 269 401 318; x_wconf 82' lang='lat' dir='ltr'>uisu.</span> <span class='ocrx_word' id='word_1_4' title='bbox 420 269 467 315; x_wconf 88' lang='lat' dir='ltr'>vr.</span> <span class='ocrx_word' id='word_1_5' title='bbox 490 255 762 334; x_wconf 72' lang='lat' dir='ltr'>13-1u.(15-1a.t</span> <span class='ocrx_word' id='word_1_6' title='bbox 935 251 998 315; x_wconf 77' lang='lat'>225</span> 
     </span>
    </p>
   </div>
   <div class='ocr_carea' id='block_1_2' title="bbox 0 422 1061 3375">
    <p class='ocr_par' dir='ltr' id='par_1_2' title="bbox 0 422 1050 1328">
     <span class='ocr_line' id='line_1_2' title="bbox 67 422 1050 502; baseline -0.005 -16"><span class='ocrx_word' id='word_1_7' title='bbox 67 422 106 486; x_wconf 85' lang='lat'>14.</span> <span class='ocrx_word' id='word_1_8' title='bbox 122 423 199 502; x_wconf 82' lang='lat'>(17.)</span> <span class='ocrx_word' id='word_1_9' title='bbox 214 423 361 484; x_wconf 77' lang='lat' dir='ltr'>Ecbatana</span> <span class='ocrx_word' id='word_1_10' title='bbox 387 432 472 502; x_wconf 88' lang='lat' dir='ltr'>caput</span> <span class='ocrx_word' id='word_1_11' title='bbox 494 423 609 484; x_wconf 85' lang='lat' dir='ltr'>llediue</span> <span class='ocrx_word' id='word_1_12' title='bbox 628 423 770 484; x_wconf 79' lang='lat' dir='ltr'><strong>Seleucus</strong></span> <span class='ocrx_word' id='word_1_13' title='bbox 787 442 841 484; x_wconf 83' lang='lat' dir='ltr'>rex</span> <span class='ocrx_word' id='word_1_14' title='bbox 858 422 997 500; x_wconf 86' lang='lat' dir='ltr'>condidit,</span> <span class='ocrx_word' id='word_1_15' title='bbox 1015 429 1050 481; x_wconf 82' lang='lat'>43</span> 
     </span>
     <span class='ocr_line' id='line_1_3' title="bbox 20 505 996 587; baseline 0.001 -20"><span class='ocrx_word' id='word_1_16' title='bbox 20 509 160 569; x_wconf 89' lang='lat' dir='ltr'>sSelencia</span> <span class='ocrx_word' id='word_1_17' title='bbox 174 527 277 586; x_wconf 77' lang='lat' dir='ltr'>magna</span> <span class='ocrx_word' id='word_1_18' title='bbox 297 507 397 568; x_wconf 88' lang='lat' dir='ltr'>DCCL</span> <span class='ocrx_word' id='word_1_19' title='bbox 413 508 441 568; x_wconf 99' lang='grc' dir='ltr'><strong>Μ</strong></span> <span class='ocrx_word' id='word_1_20' title='bbox 458 527 609 587; x_wconf 82' lang='lat' dir='ltr'>passuum,</span> <span class='ocrx_word' id='word_1_21' title='bbox 632 527 647 568; x_wconf 90' lang='lat' dir='ltr'>a</span> <span class='ocrx_word' id='word_1_22' title='bbox 672 510 766 586; x_wconf 91' lang='lat' dir='ltr'>portis</span> <span class='ocrx_word' id='word_1_23' title='bbox 791 525 862 568; x_wconf 83' lang='lat' dir='ltr'>vero</span> <span class='ocrx_word' id='word_1_24' title='bbox 882 505 996 586; x_wconf 91' lang='lat' dir='ltr'>Caspiis</span> 
     </span>
     <span class='ocr_line' id='line_1_4' title="bbox 19 591 997 672; baseline 0 -20"><span class='ocrx_word' id='word_1_25' title='bbox 19 593 57 652; x_wconf 91' lang='lat' dir='ltr'>llll</span> <span class='ocrx_word' id='word_1_26' title='bbox 76 591 107 653; x_wconf 92' lang='lat' dir='ltr'>ll.</span> <span class='ocrx_word' id='word_1_27' title='bbox 153 594 265 672; x_wconf 88' lang='lat' dir='ltr'>reliqua</span> <span class='ocrx_word' id='word_1_28' title='bbox 296 592 448 654; x_wconf 78' lang='lat' dir='ltr'><strong>Medorum</strong></span> <span class='ocrx_word' id='word_1_29' title='bbox 477 593 584 672; x_wconf 89' lang='lat' dir='ltr'>oppida</span> <span class='ocrx_word' id='word_1_30' title='bbox 617 592 833 671; x_wconf 77' lang='lat' dir='ltr'>Phisganzaga,</span> <span class='ocrx_word' id='word_1_31' title='bbox 866 591 997 670; x_wconf 81' lang='lat' dir='ltr'>Apamea</span> 
     </span>
     <span class='ocr_line' id='line_1_5' title="bbox 19 676 996 756; baseline 0.002 -21"><span class='ocrx_word' id='word_1_32' title='bbox 19 678 135 754; x_wconf 78' lang='lat' dir='ltr'>Rhagiane</span> <span class='ocrx_word' id='word_1_33' title='bbox 148 679 363 756; x_wconf 82' lang='lat' dir='ltr'>cognominata.</span> <span class='ocrx_word' id='word_1_34' title='bbox 397 676 490 738; x_wconf 88' lang='lat' dir='ltr'>Causa</span> <span class='ocrx_word' id='word_1_35' title='bbox 505 686 653 756; x_wconf 91' lang='lat' dir='ltr'>portarum</span> <span class='ocrx_word' id='word_1_36' title='bbox 669 679 792 737; x_wconf 89' lang='lat' dir='ltr'>nominis</span> <span class='ocrx_word' id='word_1_37' title='bbox 806 677 907 738; x_wconf 88' lang='lat' dir='ltr'>eadem</span> <span class='ocrx_word' id='word_1_38' title='bbox 922 695 996 755; x_wconf 90' lang='lat' dir='ltr'>quae</span> 
     </span>
     <span class='ocr_line' id='line_1_6' title="bbox 0 762 1033 842; baseline 0.008 -24"><span class='ocrx_word' id='word_1_39' title='bbox 0 779 94 839; x_wconf 57' lang='lat' dir='ltr'>sopra,</span> <span class='ocrx_word' id='word_1_40' title='bbox 112 764 283 842; x_wconf 70' lang='lat' dir='ltr'>interruptis</span> <span class='ocrx_word' id='word_1_41' title='bbox 307 771 432 840; x_wconf 79' lang='lat' dir='ltr'>angusto</span> <span class='ocrx_word' id='word_1_42' title='bbox 453 763 575 822; x_wconf 91' lang='lat' dir='ltr'>transitu</span> <span class='ocrx_word' id='word_1_43' title='bbox 601 763 677 839; x_wconf 81' lang='lat' dir='ltr'>iugis</span> <span class='ocrx_word' id='word_1_44' title='bbox 699 764 740 822; x_wconf 90' lang='lat' dir='ltr'>itu</span> <span class='ocrx_word' id='word_1_45' title='bbox 760 770 791 821; x_wconf 90' lang='lat' dir='ltr'>ut</span> <span class='ocrx_word' id='word_1_46' title='bbox 811 763 861 820; x_wconf 84' lang='lat' dir='ltr'>vix</span> <span class='ocrx_word' id='word_1_47' title='bbox 882 762 996 838; x_wconf 86' lang='lat' dir='ltr'>singula</span> <span class='ocrx_word' id='word_1_48' title='bbox 1009 791 1033 826; x_wconf 81' lang='lat' dir='ltr'>ao</span> 
     </span>
     <span class='ocr_line' id='line_1_7' title="bbox 17 845 996 926; baseline 0.003 -21"><span class='ocrx_word' id='word_1_49' title='bbox 17 854 86 906; x_wconf 80' lang='lat' dir='ltr'>nuent</span> <span class='ocrx_word' id='word_1_50' title='bbox 106 847 250 926; x_wconf 90' lang='lat' dir='ltr'>plaustra,</span> <span class='ocrx_word' id='word_1_51' title='bbox 278 846 460 925; x_wconf 81' lang='lat' dir='ltr'>longitudine</span> <span class='ocrx_word' id='word_1_52' title='bbox 481 845 551 906; x_wconf 86' lang='lat' dir='ltr'>Vlll</span> <span class='ocrx_word' id='word_1_53' title='bbox 579 845 609 906; x_wconf 92' lang='grc' dir='ltr'><strong>Μ</strong></span> <span class='ocrx_word' id='word_1_54' title='bbox 635 865 788 924; x_wconf 87' lang='lat' dir='ltr'>passuum,</span> <span class='ocrx_word' id='word_1_55' title='bbox 817 855 880 905; x_wconf 91' lang='lat' dir='ltr'>toto</span> <span class='ocrx_word' id='word_1_56' title='bbox 904 865 996 925; x_wconf 89' lang='lat' dir='ltr'>opere</span> 
     </span>
     <span class='ocr_line' id='line_1_8' title="bbox 17 931 997 1010; baseline 0.003 -23"><span class='ocrx_word' id='word_1_57' title='bbox 17 949 73 989; x_wconf 90' lang='lat' dir='ltr'>nanu</span> <span class='ocrx_word' id='word_1_58' title='bbox 97 933 180 998; x_wconf 87' lang='lat' dir='ltr'>lueto.</span> <span class='ocrx_word' id='word_1_59' title='bbox 204 932 331 992; x_wconf 70' lang='lat' dir='ltr'>‘dextre</span> <span class='ocrx_word' id='word_1_60' title='bbox 358 931 498 1009; x_wconf 83' lang='lat' dir='ltr'>laevaque</span> <span class='ocrx_word' id='word_1_61' title='bbox 527 931 668 992; x_wconf 87' lang='lat' dir='ltr'>ambustis</span> <span class='ocrx_word' id='word_1_62' title='bbox 700 931 810 992; x_wconf 92' lang='lat' dir='ltr'>similes</span> <span class='ocrx_word' id='word_1_63' title='bbox 838 931 997 1010; x_wconf 89' lang='lat' dir='ltr'>inpendent</span> 
     </span>
     <span class='ocr_line' id='line_1_9' title="bbox 15 1012 997 1095; baseline 0.004 -23"><span class='ocrx_word' id='word_1_64' title='bbox 15 1015 98 1093; x_wconf 83' lang='lat' dir='ltr'>scopuli</span> <span class='ocrx_word' id='word_1_65' title='bbox 120 1018 242 1077; x_wconf 86' lang='lat' dir='ltr'>sitiente</span> <span class='ocrx_word' id='word_1_66' title='bbox 265 1024 357 1076; x_wconf 85' lang='lat' dir='ltr'>tractu</span> <span class='ocrx_word' id='word_1_67' title='bbox 382 1033 436 1095; x_wconf 90' lang='lat' dir='ltr'>per</span> <span class='ocrx_word' id='word_1_68' title='bbox 461 1014 587 1076; x_wconf 88' lang='lat' dir='ltr'>XXVlll</span> <span class='ocrx_word' id='word_1_69' title='bbox 610 1012 639 1075; x_wconf 93' lang='grc' dir='ltr'><strong>Μ</strong></span> <span class='ocrx_word' id='word_1_70' title='bbox 658 1033 803 1094; x_wconf 88' lang='lat' dir='ltr'>passuum.</span> <span class='ocrx_word' id='word_1_71' title='bbox 849 1017 997 1093; x_wconf 84' lang='lat' dir='ltr'>angustias</span> 
     </span>
     <span class='ocr_line' id='line_1_10' title="bbox 15 1099 997 1180; baseline 0.004 -24"><span class='ocrx_word' id='word_1_72' title='bbox 15 1099 102 1177; x_wconf 89' lang='lat' dir='ltr'>inpedit</span> <span class='ocrx_word' id='word_1_73' title='bbox 117 1102 286 1164; x_wconf 85' lang='lat' dir='ltr'>conrivatus</span> <span class='ocrx_word' id='word_1_74' title='bbox 304 1100 373 1160; x_wconf 87' lang='lat' dir='ltr'>selis</span> <span class='ocrx_word' id='word_1_75' title='bbox 391 1119 408 1160; x_wconf 88' lang='lat' dir='ltr'>e</span> <span class='ocrx_word' id='word_1_76' title='bbox 425 1100 557 1160; x_wconf 92' lang='lat' dir='ltr'>cautibus</span> <span class='ocrx_word' id='word_1_77' title='bbox 573 1101 670 1179; x_wconf 86' lang='lat' dir='ltr'>liquor</span> <span class='ocrx_word' id='word_1_78' title='bbox 691 1108 778 1180; x_wconf 89' lang='lat' dir='ltr'>atque</span> <span class='ocrx_word' id='word_1_79' title='bbox 795 1099 897 1160; x_wconf 89' lang='lat' dir='ltr'>eudem</span> <span class='ocrx_word' id='word_1_80' title='bbox 913 1101 997 1160; x_wconf 89' lang='lat' dir='ltr'>emis·</span> 
     </span>
     <span class='ocr_line' id='line_1_11' title="bbox 14 1183 998 1265; baseline 0.003 -24"><span class='ocrx_word' id='word_1_81' title='bbox 14 1201 52 1243; x_wconf 88' lang='lat' dir='ltr'>sus.</span> <span class='ocrx_word' id='word_1_82' title='bbox 89 1194 244 1264; x_wconf 88' lang='lat' dir='ltr'>praeterea</span> <span class='ocrx_word' id='word_1_83' title='bbox 266 1187 448 1265; x_wconf 81' lang='lat' dir='ltr'>serpentium</span> <span class='ocrx_word' id='word_1_84' title='bbox 471 1183 623 1246; x_wconf 89' lang='lat' dir='ltr'>multitudo</span> <span class='ocrx_word' id='word_1_85' title='bbox 645 1185 700 1246; x_wconf 92' lang='lat' dir='ltr'>nisi</span> <span class='ocrx_word' id='word_1_86' title='bbox 723 1184 818 1246; x_wconf 89' lang='lat' dir='ltr'>hieme</span> <span class='ocrx_word' id='word_1_87' title='bbox 847 1187 998 1246; x_wconf 88' lang='lat' dir='ltr'>transitum</span> 
     </span>
     <span class='ocr_line' id='line_1_12' title="bbox 13 1271 128 1328; baseline 0.017 -2"><span class='ocrx_word' id='word_1_88' title='bbox 13 1271 128 1328; x_wconf 87' lang='lat' dir='ltr'>oonsioit.</span> 
     </span>
    </p>

    <p class='ocr_par' dir='ltr' id='par_1_3' title="bbox 1 1351 1061 2766">
     <span class='ocr_line' id='line_1_13' title="bbox 54 1351 1049 1434; baseline -0.002 -22"><span class='ocrx_word' id='word_1_89' title='bbox 54 1351 95 1414; x_wconf 86' lang='lat'>15.</span> <span class='ocrx_word' id='word_1_90' title='bbox 112 1353 277 1416; x_wconf 89' lang='lat' dir='ltr'>Adiabenis</span> <span class='ocrx_word' id='word_1_91' title='bbox 300 1363 493 1416; x_wconf 86' lang='lat' dir='ltr'>conectuntur</span> <span class='ocrx_word' id='word_1_92' title='bbox 508 1352 651 1415; x_wconf 77' lang='lat' dir='ltr'>Carduchi</span> <span class='ocrx_word' id='word_1_93' title='bbox 669 1355 810 1434; x_wconf 82' lang='lat' dir='ltr'>quondam</span> <span class='ocrx_word' id='word_1_94' title='bbox 827 1355 907 1431; x_wconf 89' lang='lat' dir='ltr'>dicti,</span> <span class='ocrx_word' id='word_1_95' title='bbox 922 1374 997 1415; x_wconf 91' lang='lat' dir='ltr'>nunc</span> <span class='ocrx_word' id='word_1_96' title='bbox 1015 1363 1049 1411; x_wconf 78' lang='lat' dir='ltr'>la</span> 
     </span>
     <span class='ocr_line' id='line_1_14' title="bbox 11 1432 998 1520; baseline 0.005 -25"><span class='ocrx_word' id='word_1_97' title='bbox 11 1435 144 1515; x_wconf 79' lang='lat' dir='ltr'>Cordueni,</span> <span class='ocrx_word' id='word_1_98' title='bbox 169 1439 359 1520; x_wconf 79' lang='lat' dir='ltr'>praefluente</span> <span class='ocrx_word' id='word_1_99' title='bbox 374 1438 471 1518; x_wconf 79' lang='lat' dir='ltr'>Tigri,</span> <span class='ocrx_word' id='word_1_100' title='bbox 492 1439 538 1498; x_wconf 91' lang='lat' dir='ltr'>his</span> <span class='ocrx_word' id='word_1_101' title='bbox 552 1439 680 1500; x_wconf 85' lang='lat' dir='ltr'>Pratitae</span> <span class='ocrx_word' id='word_1_102' title='bbox 697 1434 772 1520; x_wconf 82' lang='grc' dir='ltr'><strong><em>παρ’</em></strong></span> <span class='ocrx_word' id='word_1_103' title='bbox 794 1432 876 1502; x_wconf 76' lang='grc' dir='ltr'>ὁδὸν</span> <span class='ocrx_word' id='word_1_104' title='bbox 898 1439 998 1518; x_wconf 91' lang='lat' dir='ltr'>appel·</span> 
     </span>
     <span class='ocr_line' id='line_1_15' title="bbox 11 1519 998 1603; baseline 0.006 -25"><span class='ocrx_word' id='word_1_105' title='bbox 11 1519 56 1598; x_wconf 88' lang='lat' dir='ltr'>lati,</span> <span class='ocrx_word' id='word_1_106' title='bbox 74 1525 117 1601; x_wconf 83' lang='lat' dir='ltr'>qui</span> <span class='ocrx_word' id='word_1_107' title='bbox 139 1533 246 1584; x_wconf 90' lang='lat' dir='ltr'>tenent</span> <span class='ocrx_word' id='word_1_108' title='bbox 265 1521 387 1603; x_wconf 88' lang='lat' dir='ltr'>Caspius</span> <span class='ocrx_word' id='word_1_109' title='bbox 409 1533 522 1601; x_wconf 90' lang='lat' dir='ltr'>portus.</span> <span class='ocrx_word' id='word_1_110' title='bbox 559 1523 604 1583; x_wconf 91' lang='lat' dir='ltr'>his</span> <span class='ocrx_word' id='word_1_111' title='bbox 626 1543 642 1584; x_wconf 88' lang='lat' dir='ltr'>a</span> <span class='ocrx_word' id='word_1_112' title='bbox 666 1524 760 1584; x_wconf 89' lang='lat' dir='ltr'>lutere</span> <span class='ocrx_word' id='word_1_113' title='bbox 781 1525 875 1585; x_wconf 91' lang='lat' dir='ltr'>altero</span> <span class='ocrx_word' id='word_1_114' title='bbox 899 1542 998 1584; x_wconf 85' lang='lat' dir='ltr'>occur-</span> 
     </span>
     <span class='ocr_line' id='line_1_16' title="bbox 1 1606 998 1685; baseline 0.006 -21"><span class='ocrx_word' id='word_1_115' title='bbox 1 1614 54 1665; x_wconf 64' lang='lat' dir='ltr'>unm</span> <span class='ocrx_word' id='word_1_116' title='bbox 68 1607 182 1670; x_wconf 90' lang='lat' dir='ltr'>deserta</span> <span class='ocrx_word' id='word_1_117' title='bbox 198 1608 337 1669; x_wconf 83' lang='lat' dir='ltr'>Parthiae</span> <span class='ocrx_word' id='word_1_118' title='bbox 354 1617 384 1669; x_wconf 91' lang='lat' dir='ltr'>et</span> <span class='ocrx_word' id='word_1_119' title='bbox 403 1606 519 1670; x_wconf 84' lang='lat' dir='ltr'>Citheni</span> <span class='ocrx_word' id='word_1_120' title='bbox 535 1609 622 1685; x_wconf 85' lang='lat' dir='ltr'>iuga,</span> <span class='ocrx_word' id='word_1_121' title='bbox 638 1627 706 1668; x_wconf 86' lang='lat' dir='ltr'>mox</span> <span class='ocrx_word' id='word_1_122' title='bbox 721 1609 850 1670; x_wconf 89' lang='lat' dir='ltr'>eiusdem</span> <span class='ocrx_word' id='word_1_123' title='bbox 863 1608 998 1670; x_wconf 88' lang='lat' dir='ltr'>Parthiae</span> 
     </span>
     <span class='ocr_line' id='line_1_17' title="bbox 11 1690 998 1772; baseline 0.006 -26"><span class='ocrx_word' id='word_1_124' title='bbox 11 1693 203 1752; x_wconf 87' lang='lat' dir='ltr'>amoenissimus</span> <span class='ocrx_word' id='word_1_125' title='bbox 220 1694 296 1752; x_wconf 88' lang='lat' dir='ltr'>situs</span> <span class='ocrx_word' id='word_1_126' title='bbox 319 1695 368 1772; x_wconf 87' lang='lat' dir='ltr'>qni</span> <span class='ocrx_word' id='word_1_127' title='bbox 385 1701 506 1753; x_wconf 84' lang='lat' dir='ltr'>vocatur</span> <span class='ocrx_word' id='word_1_128' title='bbox 523 1690 647 1754; x_wconf 91' lang='lat' dir='ltr'>Choara.</span> <span class='ocrx_word' id='word_1_129' title='bbox 678 1693 751 1753; x_wconf 88' lang='lat' dir='ltr'>duae</span> <span class='ocrx_word' id='word_1_130' title='bbox 771 1694 860 1754; x_wconf 90' lang='lat' dir='ltr'>urbes</span> <span class='ocrx_word' id='word_1_131' title='bbox 875 1694 915 1752; x_wconf 93' lang='lat' dir='ltr'>ibi</span> <span class='ocrx_word' id='word_1_132' title='bbox 931 1691 998 1752; x_wconf 90' lang='lat' dir='ltr'>Pur·</span> 
     </span>
     <span class='ocr_line' id='line_1_18' title="bbox 11 1773 997 1857; baseline 0.006 -26"><span class='ocrx_word' id='word_1_133' title='bbox 11 1773 93 1835; x_wconf 86' lang='lat' dir='ltr'>thorun</span> <span class='ocrx_word' id='word_1_134' title='bbox 115 1778 279 1857; x_wconf 86' lang='lat' dir='ltr'>oppositae</span> <span class='ocrx_word' id='word_1_135' title='bbox 298 1777 441 1854; x_wconf 85' lang='lat' dir='ltr'>quondam</span> <span class='ocrx_word' id='word_1_136' title='bbox 461 1776 572 1849; x_wconf 79' lang='lat' dir='ltr'>hedis,</span> <span class='ocrx_word' id='word_1_137' title='bbox 595 1773 731 1856; x_wconf 90' lang='lat' dir='ltr'>Calliope</span> <span class='ocrx_word' id='word_1_138' title='bbox 752 1786 782 1838; x_wconf 91' lang='lat' dir='ltr'>et</span> <span class='ocrx_word' id='word_1_139' title='bbox 803 1778 859 1838; x_wconf 90' lang='lat' dir='ltr'>alia</span> <span class='ocrx_word' id='word_1_140' title='bbox 880 1779 909 1836; x_wconf 92' lang='lat' dir='ltr'>in</span> <span class='ocrx_word' id='word_1_141' title='bbox 925 1795 997 1856; x_wconf 92' lang='lat' dir='ltr'>rupe</span> 
     </span>
     <span class='ocr_line' id='line_1_19' title="bbox 10 1855 998 1940; baseline 0.004 -24"><span class='ocrx_word' id='word_1_142' title='bbox 10 1855 92 1925; x_wconf 84' lang='lat' dir='ltr'>issatis,</span> <span class='ocrx_word' id='word_1_143' title='bbox 107 1863 204 1939; x_wconf 90' lang='lat' dir='ltr'>ipsius</span> <span class='ocrx_word' id='word_1_144' title='bbox 222 1879 297 1921; x_wconf 86' lang='lat' dir='ltr'>vero</span> <span class='ocrx_word' id='word_1_145' title='bbox 310 1859 445 1922; x_wconf 89' lang='lat' dir='ltr'>Parthiae</span> <span class='ocrx_word' id='word_1_146' title='bbox 461 1871 547 1939; x_wconf 86' lang='lat' dir='ltr'>caput</span> <span class='ocrx_word' id='word_1_147' title='bbox 556 1859 784 1940; x_wconf 76' lang='lat' dir='ltr'>Hecatompylos</span> <span class='ocrx_word' id='word_1_148' title='bbox 799 1862 884 1922; x_wconf 89' lang='lat' dir='ltr'>abest</span> <span class='ocrx_word' id='word_1_149' title='bbox 899 1880 916 1921; x_wconf 88' lang='lat' dir='ltr'>a</span> <span class='ocrx_word' id='word_1_150' title='bbox 930 1879 998 1940; x_wconf 94' lang='lat' dir='ltr'>por-</span> 
     </span>
     <span class='ocr_line' id='line_1_20' title="bbox 12 1942 999 2025; baseline 0.006 -26"><span class='ocrx_word' id='word_1_151' title='bbox 12 1943 33 2000; x_wconf 85' lang='lat' dir='ltr'>tis</span> <span class='ocrx_word' id='word_1_152' title='bbox 46 1942 187 2006; x_wconf 85' lang='lat' dir='ltr'>Clllllllll</span> <span class='ocrx_word' id='word_1_153' title='bbox 205 1943 237 2006; x_wconf 87' lang='grc' dir='ltr'><strong>Μ</strong></span> <span class='ocrx_word' id='word_1_154' title='bbox 253 1963 399 2025; x_wconf 87' lang='lat' dir='ltr'>passuum.</span> <span class='ocrx_word' id='word_1_155' title='bbox 433 1949 473 2006; x_wconf 92' lang='lat' dir='ltr'>ita</span> <span class='ocrx_word' id='word_1_156' title='bbox 488 1944 660 2007; x_wconf 88' lang='lat' dir='ltr'>Parthorum</span> <span class='ocrx_word' id='word_1_157' title='bbox 677 1965 794 2025; x_wconf 71' lang='lat' dir='ltr'>quoque</span> <span class='ocrx_word' id='word_1_158' title='bbox 818 1965 909 2024; x_wconf 84' lang='lat' dir='ltr'>regna</span> <span class='ocrx_word' id='word_1_159' title='bbox 929 1947 999 2006; x_wconf 90' lang='lat' dir='ltr'>iori-</span> 
     </span>
     <span class='ocr_line' id='line_1_21' title="bbox 9 2025 1049 2110; baseline 0.002 -24"><span class='ocrx_word' id='word_1_160' title='bbox 9 2025 41 2087; x_wconf 88' lang='lat' dir='ltr'>lus</span> <span class='ocrx_word' id='word_1_161' title='bbox 62 2029 271 2091; x_wconf 87' lang='lat' dir='ltr'>discinduntur.</span> <span class='ocrx_word' id='word_1_162' title='bbox 314 2029 464 2109; x_wconf 79' lang='lat' dir='ltr'>Egressus</span> <span class='ocrx_word' id='word_1_163' title='bbox 495 2032 589 2110; x_wconf 90' lang='lat' dir='ltr'>portis</span> <span class='ocrx_word' id='word_1_164' title='bbox 618 2033 728 2110; x_wconf 84' lang='lat' dir='ltr'>excipit</span> <span class='ocrx_word' id='word_1_165' title='bbox 758 2033 891 2110; x_wconf 89' lang='lat' dir='ltr'>protinus</span> <span class='ocrx_word' id='word_1_166' title='bbox 924 2049 998 2110; x_wconf 80' lang='lat' dir='ltr'>gens</span> <span class='ocrx_word' id='word_1_167' title='bbox 1016 2038 1049 2088; x_wconf 83' lang='grc'>45</span> 
     </span>
     <span class='ocr_line' id='line_1_22' title="bbox 9 2109 996 2195; baseline 0.007 -29"><span class='ocrx_word' id='word_1_168' title='bbox 9 2109 84 2192; x_wconf 84' lang='lat' dir='ltr'>inpia</span> <span class='ocrx_word' id='word_1_169' title='bbox 105 2113 140 2175; x_wconf 88' lang='lat' dir='ltr'>ud</span> <span class='ocrx_word' id='word_1_170' title='bbox 163 2115 389 2194; x_wconf 78' lang='lat' dir='ltr'>litorumque,</span> <span class='ocrx_word' id='word_1_171' title='bbox 412 2132 486 2195; x_wconf 83' lang='lat' dir='ltr'>quae</span> <span class='ocrx_word' id='word_1_172' title='bbox 508 2133 615 2175; x_wconf 87' lang='lat' dir='ltr'>nomen</span> <span class='ocrx_word' id='word_1_173' title='bbox 637 2117 731 2194; x_wconf 91' lang='lat' dir='ltr'>portis</span> <span class='ocrx_word' id='word_1_174' title='bbox 755 2125 785 2176; x_wconf 89' lang='lat' dir='ltr'>et</span> <span class='ocrx_word' id='word_1_175' title='bbox 809 2118 880 2176; x_wconf 90' lang='lat' dir='ltr'>mari</span> <span class='ocrx_word' id='word_1_176' title='bbox 906 2115 996 2176; x_wconf 84' lang='lat' dir='ltr'>dedit.</span> 
     </span>
     <span class='ocr_line' id='line_1_23' title="bbox 6 2193 999 2278; baseline 0.007 -25"><span class='ocrx_word' id='word_1_177' title='bbox 6 2193 62 2258; x_wconf 82' lang='lat' dir='ltr'>laeva</span> <span class='ocrx_word' id='word_1_178' title='bbox 81 2209 249 2260; x_wconf 90' lang='lat' dir='ltr'>montuosa.</span> <span class='ocrx_word' id='word_1_179' title='bbox 296 2199 343 2260; x_wconf 91' lang='lat' dir='ltr'>Ab</span> <span class='ocrx_word' id='word_1_180' title='bbox 366 2219 400 2260; x_wconf 90' lang='lat' dir='ltr'>ea</span> <span class='ocrx_word' id='word_1_181' title='bbox 424 2209 515 2278; x_wconf 81' lang='lat' dir='ltr'>gente</span> <span class='ocrx_word' id='word_1_182' title='bbox 534 2209 683 2260; x_wconf 86' lang='lat' dir='ltr'>retrorsus</span> <span class='ocrx_word' id='word_1_183' title='bbox 703 2201 739 2262; x_wconf 88' lang='lat' dir='ltr'>ad</span> <span class='ocrx_word' id='word_1_184' title='bbox 761 2197 867 2276; x_wconf 77' lang='lat' dir='ltr'>Cyrum</span> <span class='ocrx_word' id='word_1_185' title='bbox 887 2219 999 2261; x_wconf 87' lang='lat' dir='ltr'>amnem</span> 
     </span>
     <span class='ocr_line' id='line_1_24' title="bbox 6 2282 1000 2363; baseline 0.008 -25"><span class='ocrx_word' id='word_1_186' title='bbox 6 2283 135 2356; x_wconf 88' lang='lat' dir='ltr'>produntur</span> <span class='ocrx_word' id='word_1_187' title='bbox 150 2282 336 2344; x_wconf 77' lang='lat' dir='ltr'>ccxxvii</span> <span class='ocrx_word' id='word_1_188' title='bbox 352 2301 498 2363; x_wconf 88' lang='lat' dir='ltr'>passuum.</span> <span class='ocrx_word' id='word_1_189' title='bbox 529 2284 689 2344; x_wconf 88' lang='lat' dir='ltr'>abeodem</span> <span class='ocrx_word' id='word_1_190' title='bbox 709 2303 792 2346; x_wconf 91' lang='lat' dir='ltr'>amne</span> <span class='ocrx_word' id='word_1_191' title='bbox 814 2287 838 2344; x_wconf 91' lang='lat' dir='ltr'>si</span> <span class='ocrx_word' id='word_1_192' title='bbox 860 2285 1000 2346; x_wconf 87' lang='lat' dir='ltr'>subeatur</span> 
     </span>
     <span class='ocr_line' id='line_1_25' title="bbox 5 2363 999 2447; baseline 0.005 -24"><span class='ocrx_word' id='word_1_193' title='bbox 5 2363 27 2424; x_wconf 88' lang='lat' dir='ltr'>ad</span> <span class='ocrx_word' id='word_1_194' title='bbox 43 2376 150 2444; x_wconf 89' lang='lat' dir='ltr'>portas,</span> <span class='ocrx_word' id='word_1_195' title='bbox 173 2367 257 2428; x_wconf 90' lang='lat' dir='ltr'>DCC</span> <span class='ocrx_word' id='word_1_196' title='bbox 279 2367 309 2428; x_wconf 89' lang='grc' dir='ltr'><strong>Μ</strong></span> <span class='ocrx_word' id='word_1_197' title='bbox 330 2387 476 2447; x_wconf 87' lang='lat' dir='ltr'>passuum.</span> <span class='ocrx_word' id='word_1_198' title='bbox 508 2369 584 2429; x_wconf 90' lang='lat' dir='ltr'>huno</span> <span class='ocrx_word' id='word_1_199' title='bbox 607 2371 683 2430; x_wconf 93' lang='lat' dir='ltr'>enim</span> <span class='ocrx_word' id='word_1_200' title='bbox 705 2368 851 2430; x_wconf 82' lang='lat' dir='ltr'>cardinem</span> <span class='ocrx_word' id='word_1_201' title='bbox 871 2369 999 2430; x_wconf 86' lang='lat' dir='ltr'>Alexan·</span> 
     </span>
     <span class='ocr_line' id='line_1_26' title="bbox 5 2447 998 2534; baseline 0.009 -29"><span class='ocrx_word' id='word_1_202' title='bbox 5 2447 32 2506; x_wconf 89' lang='lat' dir='ltr'>lri</span> <span class='ocrx_word' id='word_1_203' title='bbox 51 2449 141 2529; x_wconf 79' lang='lat' dir='ltr'>llagni</span> <span class='ocrx_word' id='word_1_204' title='bbox 170 2453 311 2512; x_wconf 92' lang='lat' dir='ltr'>itinerum</span> <span class='ocrx_word' id='word_1_205' title='bbox 338 2449 450 2513; x_wconf 83' lang='lat' dir='ltr'>iecere¹</span> <span class='ocrx_word' id='word_1_206' title='bbox 468 2453 505 2514; x_wconf 92' lang='lat' dir='ltr'>ab</span> <span class='ocrx_word' id='word_1_207' title='bbox 530 2455 568 2512; x_wconf 87' lang='lat' dir='ltr'>iis</span> <span class='ocrx_word' id='word_1_208' title='bbox 589 2455 684 2531; x_wconf 88' lang='lat' dir='ltr'>portis</span> <span class='ocrx_word' id='word_1_209' title='bbox 708 2454 742 2514; x_wconf 92' lang='lat' dir='ltr'>ud</span> <span class='ocrx_word' id='word_1_210' title='bbox 768 2453 866 2515; x_wconf 82' lang='lat' dir='ltr'>Indiae</span> <span class='ocrx_word' id='word_1_211' title='bbox 893 2455 998 2534; x_wconf 89' lang='lat' dir='ltr'>princi·</span> 
     </span>
     <span class='ocr_line' id='line_1_27' title="bbox 5 2533 1061 2616; baseline 0.003 -25"><span class='ocrx_word' id='word_1_212' title='bbox 5 2533 57 2615; x_wconf 81' lang='lat' dir='ltr'>pion</span> <span class='ocrx_word' id='word_1_213' title='bbox 72 2535 162 2596; x_wconf 89' lang='lat' dir='ltr'>studia</span> <span class='ocrx_word' id='word_1_214' title='bbox 185 2535 240 2596; x_wconf 89' lang='lat' dir='ltr'>XV</span> <span class='ocrx_word' id='word_1_215' title='bbox 263 2534 470 2598; x_wconf 78' lang='lat' dir='ltr'>MDCLXXX</span> <span class='ocrx_word' id='word_1_216' title='bbox 493 2537 663 2616; x_wconf 92' lang='lat' dir='ltr'>prodendo,</span> <span class='ocrx_word' id='word_1_217' title='bbox 686 2537 720 2598; x_wconf 90' lang='lat' dir='ltr'>ad</span> <span class='ocrx_word' id='word_1_218' title='bbox 737 2537 839 2598; x_wconf 84' lang='lat' dir='ltr'>Baetra</span> <span class='ocrx_word' id='word_1_219' title='bbox 862 2539 999 2616; x_wconf 91' lang='lat' dir='ltr'>oppidum</span> <span class='ocrx_word' id='word_1_220' title='bbox 1060 2589 1061 2594; x_wconf 73' lang='grc'>,</span> 
     </span>
     <span class='ocr_line' id='line_1_28' title="bbox 4 2619 999 2700; baseline 0.007 -26"><span class='ocrx_word' id='word_1_221' title='bbox 4 2619 57 2692; x_wconf 84' lang='lat' dir='ltr'>pol</span> <span class='ocrx_word' id='word_1_222' title='bbox 71 2619 224 2698; x_wconf 89' lang='lat' dir='ltr'>appeiiant</span> <span class='ocrx_word' id='word_1_223' title='bbox 244 2619 393 2700; x_wconf 81' lang='lat' dir='ltr'>Zariasta,</span> <span class='ocrx_word' id='word_1_224' title='bbox 414 2619 504 2686; x_wconf 90' lang='grc' dir='ltr'>ΜΜΜ</span> <span class='ocrx_word' id='word_1_225' title='bbox 523 2619 618 2699; x_wconf 90' lang='lat' dir='ltr'>DCC,</span> <span class='ocrx_word' id='word_1_226' title='bbox 639 2621 706 2684; x_wconf 86' lang='lat' dir='ltr'>iude</span> <span class='ocrx_word' id='word_1_227' title='bbox 729 2622 764 2683; x_wconf 90' lang='lat' dir='ltr'>ud</span> <span class='ocrx_word' id='word_1_228' title='bbox 779 2621 922 2682; x_wconf 85' lang='lat' dir='ltr'>luaurtem</span> <span class='ocrx_word' id='word_1_229' title='bbox 942 2641 999 2682; x_wconf 91' lang='lat' dir='ltr'>um·</span> 
     </span>
     <span class='ocr_line' id='line_1_29' title="bbox 5 2702 136 2766; baseline 0.038 -10"><span class='ocrx_word' id='word_1_230' title='bbox 5 2702 136 2766; x_wconf 85' lang='lat' dir='ltr'>oanll.</span> 
     </span>
    </p>

    <p class='ocr_par' dir='ltr' id='par_1_4' title="bbox 5 2785 1054 3375">
     <span class='ocr_line' id='line_1_30' title="bbox 48 2785 1054 2871; baseline 0 -23"><span class='ocrx_word' id='word_1_231' title='bbox 48 2785 88 2850; x_wconf 88' lang='lat'>16.</span> <span class='ocrx_word' id='word_1_232' title='bbox 106 2787 197 2870; x_wconf 88' lang='lat'>(18.)</span> <span class='ocrx_word' id='word_1_233' title='bbox 221 2789 249 2850; x_wconf 89' lang='lat' dir='ltr'>A</span> <span class='ocrx_word' id='word_1_234' title='bbox 273 2787 389 2870; x_wconf 79' lang='lat' dir='ltr'>Caspiis</span> <span class='ocrx_word' id='word_1_235' title='bbox 409 2791 606 2851; x_wconf 90' lang='lat' dir='ltr'>adorientem</span> <span class='ocrx_word' id='word_1_236' title='bbox 629 2809 732 2852; x_wconf 85' lang='lat' dir='ltr'>uersus</span> <span class='ocrx_word' id='word_1_237' title='bbox 756 2792 841 2871; x_wconf 80' lang='lat' dir='ltr'>regio</span> <span class='ocrx_word' id='word_1_238' title='bbox 859 2799 905 2851; x_wconf 89' lang='lat' dir='ltr'>est</span> <span class='ocrx_word' id='word_1_239' title='bbox 921 2789 998 2869; x_wconf 89' lang='lat' dir='ltr'>Apa·</span> <span class='ocrx_word' id='word_1_240' title='bbox 1015 2795 1054 2848; x_wconf 76' lang='lat' dir='ltr'>db·</span> 
     </span>
     <span class='ocr_line' id='line_1_31' title="bbox 7 2874 997 2950; baseline 0.008 -22"><span class='ocrx_word' id='word_1_241' title='bbox 7 2880 103 2934; x_wconf 75' lang='lat' dir='ltr'>vortere</span> <span class='ocrx_word' id='word_1_242' title='bbox 124 2874 224 2950; x_wconf 89' lang='lat' dir='ltr'>dicta,</span> <span class='ocrx_word' id='word_1_243' title='bbox 252 2883 282 2934; x_wconf 89' lang='lat' dir='ltr'>et</span> <span class='ocrx_word' id='word_1_244' title='bbox 301 2877 331 2934; x_wconf 91' lang='lat' dir='ltr'>in</span> <span class='ocrx_word' id='word_1_245' title='bbox 355 2894 389 2936; x_wconf 90' lang='lat' dir='ltr'>ea</span> <span class='ocrx_word' id='word_1_246' title='bbox 410 2876 570 2936; x_wconf 85' lang='lat' dir='ltr'>fertilitatis</span> <span class='ocrx_word' id='word_1_247' title='bbox 599 2876 726 2936; x_wconf 86' lang='lat' dir='ltr'>inclutae</span> <span class='ocrx_word' id='word_1_248' title='bbox 748 2875 829 2937; x_wconf 89' lang='lat' dir='ltr'>loeus</span> <span class='ocrx_word' id='word_1_249' title='bbox 851 2875 997 2936; x_wconf 89' lang='lat' dir='ltr'>Dareium.</span> 
     </span>
     <span class='ocr_line' id='line_1_32' title="bbox 5 2957 999 3038; baseline 0.006 -24"><span class='ocrx_word' id='word_1_250' title='bbox 5 2971 50 3014; x_wconf 89' lang='lat' dir='ltr'>nor</span> <span class='ocrx_word' id='word_1_251' title='bbox 67 2967 174 3035; x_wconf 75' lang='lat' dir='ltr'>gentes</span> <span class='ocrx_word' id='word_1_252' title='bbox 192 2957 319 3038; x_wconf 75' lang='lat' dir='ltr'>Tapyri,</span> <span class='ocrx_word' id='word_1_253' title='bbox 341 2959 496 3037; x_wconf 89' lang='lat' dir='ltr'>Anariaci,</span> <span class='ocrx_word' id='word_1_254' title='bbox 519 2959 657 3037; x_wconf 88' lang='lat' dir='ltr'>Staures,</span> <span class='ocrx_word' id='word_1_255' title='bbox 672 2959 814 3038; x_wconf 78' lang='lat' dir='ltr'>Hyrcani,</span> <span class='ocrx_word' id='word_1_256' title='bbox 840 2979 856 3019; x_wconf 84' lang='lat' dir='ltr'>a</span> <span class='ocrx_word' id='word_1_257' title='bbox 878 2979 999 3038; x_wconf 86' lang='lat' dir='ltr'>quorum</span> 
     </span>
     <span class='ocr_line' id='line_1_33' title="bbox 6 3037 997 3124; baseline 0.011 -32"><span class='ocrx_word' id='word_1_258' title='bbox 6 3037 112 3102; x_wconf 89' lang='lat' dir='ltr'>litoribus</span> <span class='ocrx_word' id='word_1_259' title='bbox 125 3044 208 3104; x_wconf 86' lang='lat' dir='ltr'>idem</span> <span class='ocrx_word' id='word_1_260' title='bbox 220 3061 300 3103; x_wconf 91' lang='lat' dir='ltr'>mare</span> <span class='ocrx_word' id='word_1_261' title='bbox 315 3043 489 3119; x_wconf 79' lang='lat' dir='ltr'>llyreanium</span> <span class='ocrx_word' id='word_1_262' title='bbox 509 3046 607 3104; x_wconf 84' lang='lat' dir='ltr'>vocari</span> <span class='ocrx_word' id='word_1_263' title='bbox 619 3047 721 3124; x_wconf 90' lang='lat' dir='ltr'>incipit</span> <span class='ocrx_word' id='word_1_264' title='bbox 738 3063 753 3104; x_wconf 91' lang='lat' dir='ltr'>a</span> <span class='ocrx_word' id='word_1_265' title='bbox 766 3044 882 3106; x_wconf 85' lang='lat' dir='ltr'>humine</span> <span class='ocrx_word' id='word_1_266' title='bbox 893 3044 997 3106; x_wconf 87' lang='lat' dir='ltr'>Sideri.</span> 
     </span>
     <span class='ocr_line' id='line_1_34' title="bbox 5 3123 1000 3208; baseline 0.011 -30"><span class='ocrx_word' id='word_1_267' title='bbox 5 3123 55 3183; x_wconf 83' lang='lat' dir='ltr'>citra</span> <span class='ocrx_word' id='word_1_268' title='bbox 68 3125 93 3186; x_wconf 93' lang='lat' dir='ltr'>id</span> <span class='ocrx_word' id='word_1_269' title='bbox 110 3145 215 3189; x_wconf 88' lang='lat' dir='ltr'>amnes</span> <span class='ocrx_word' id='word_1_270' title='bbox 229 3125 365 3206; x_wconf 74' lang='lat' dir='ltr'>Maziris,</span> <span class='ocrx_word' id='word_1_271' title='bbox 380 3129 501 3206; x_wconf 75' lang='lat' dir='ltr'>Suram,</span> <span class='ocrx_word' id='word_1_272' title='bbox 518 3131 613 3190; x_wconf 89' lang='lat' dir='ltr'>omniu</span> <span class='ocrx_word' id='word_1_273' title='bbox 628 3147 667 3189; x_wconf 85' lang='lat' dir='ltr'>ex</span> <span class='ocrx_word' id='word_1_274' title='bbox 682 3127 823 3190; x_wconf 81' lang='lat' dir='ltr'>Caucaso.</span> <span class='ocrx_word' id='word_1_275' title='bbox 861 3130 1000 3208; x_wconf 85' lang='lat' dir='ltr'>Sequitur</span> 
     </span>
     <span class='ocr_line' id='line_1_35' title="bbox 6 3209 999 3292; baseline 0.009 -28"><span class='ocrx_word' id='word_1_276' title='bbox 6 3213 66 3283; x_wconf 79' lang='lat' dir='ltr'>ogia</span> <span class='ocrx_word' id='word_1_277' title='bbox 80 3209 235 3290; x_wconf 79' lang='lat' dir='ltr'>llurglune</span> <span class='ocrx_word' id='word_1_278' title='bbox 249 3214 411 3292; x_wconf 90' lang='lat' dir='ltr'>apricitatis</span> <span class='ocrx_word' id='word_1_279' title='bbox 426 3212 564 3290; x_wconf 88' lang='lat' dir='ltr'>inclutae,</span> <span class='ocrx_word' id='word_1_280' title='bbox 582 3213 646 3274; x_wconf 90' lang='lat' dir='ltr'>sola</span> <span class='ocrx_word' id='word_1_281' title='bbox 665 3215 694 3274; x_wconf 95' lang='lat' dir='ltr'>in</span> <span class='ocrx_word' id='word_1_282' title='bbox 710 3231 747 3275; x_wconf 88' lang='lat' dir='ltr'>eo</span> <span class='ocrx_word' id='word_1_283' title='bbox 763 3223 856 3274; x_wconf 87' lang='lat' dir='ltr'>tractu</span> <span class='ocrx_word' id='word_1_284' title='bbox 872 3215 999 3290; x_wconf 82' lang='lat' dir='ltr'>vitifera,</span> 
     </span>
     <span class='ocr_line' id='line_1_36' title="bbox 7 3291 999 3375; baseline 0.009 -27"><span class='ocrx_word' id='word_1_285' title='bbox 7 3291 107 3372; x_wconf 81' lang='lat' dir='ltr'>undique</span> <span class='ocrx_word' id='word_1_286' title='bbox 134 3297 251 3358; x_wconf 88' lang='lat' dir='ltr'>inclusa</span> <span class='ocrx_word' id='word_1_287' title='bbox 271 3298 420 3357; x_wconf 90' lang='lat' dir='ltr'>montibus</span> <span class='ocrx_word' id='word_1_288' title='bbox 444 3299 592 3374; x_wconf 85' lang='lat' dir='ltr'>amoenis,</span> <span class='ocrx_word' id='word_1_289' title='bbox 618 3298 726 3359; x_wconf 86' lang='lat' dir='ltr'>ambitu</span> <span class='ocrx_word' id='word_1_290' title='bbox 749 3300 908 3362; x_wconf 89' lang='lat' dir='ltr'>studiorum</span> <span class='ocrx_word' id='word_1_291' title='bbox 932 3297 999 3375; x_wconf 83' lang='grc' dir='ltr'>ΜΒ,</span> 
     </span>
    </p>
   </div>
   <div class='ocr_carea' id='block_1_3' title="bbox 4 3373 1051 3630">
    <p class='ocr_par' dir='ltr' id='par_1_5' title="bbox 4 3373 1051 3630">
     <span class='ocr_line' id='line_1_37' title="bbox 4 3373 1000 3462; baseline 0.012 -32"><span class='ocrx_word' id='word_1_292' title='bbox 4 3373 103 3439; x_wconf 90' lang='lat' dir='ltr'>dilioilis</span> <span class='ocrx_word' id='word_1_293' title='bbox 120 3381 205 3442; x_wconf 83' lang='lat' dir='ltr'>aditu</span> <span class='ocrx_word' id='word_1_294' title='bbox 221 3374 347 3460; x_wconf 90' lang='lat' dir='ltr'>propter</span> <span class='ocrx_word' id='word_1_295' title='bbox 363 3382 523 3444; x_wconf 88' lang='lat' dir='ltr'>harenosas</span> <span class='ocrx_word' id='word_1_296' title='bbox 539 3381 713 3444; x_wconf 88' lang='lat' dir='ltr'>solitudines</span> <span class='ocrx_word' id='word_1_297' title='bbox 728 3401 782 3462; x_wconf 91' lang='lat' dir='ltr'>per</span> <span class='ocrx_word' id='word_1_298' title='bbox 795 3382 875 3444; x_wconf 90' lang='lat' dir='ltr'>CXX</span> <span class='ocrx_word' id='word_1_299' title='bbox 890 3382 919 3442; x_wconf 94' lang='grc' dir='ltr'><strong>Μ</strong></span> <span class='ocrx_word' id='word_1_300' title='bbox 934 3401 1000 3461; x_wconf 88' lang='lat' dir='ltr'>pas·</span> 
     </span>
     <span class='ocr_line' id='line_1_38' title="bbox 5 3465 1000 3547; baseline 0.013 -34"><span class='ocrx_word' id='word_1_301' title='bbox 5 3475 78 3538; x_wconf 74' lang='lat' dir='ltr'>suum,</span> <span class='ocrx_word' id='word_1_302' title='bbox 95 3473 125 3524; x_wconf 92' lang='lat' dir='ltr'>et</span> <span class='ocrx_word' id='word_1_303' title='bbox 139 3467 208 3544; x_wconf 90' lang='lat' dir='ltr'>ipsa</span> <span class='ocrx_word' id='word_1_304' title='bbox 227 3475 330 3526; x_wconf 86' lang='lat' dir='ltr'>eontra</span> <span class='ocrx_word' id='word_1_305' title='bbox 349 3465 483 3528; x_wconf 90' lang='lat' dir='ltr'>Parthiae</span> <span class='ocrx_word' id='word_1_306' title='bbox 499 3475 621 3527; x_wconf 86' lang='lat' dir='ltr'>tractum</span> <span class='ocrx_word' id='word_1_307' title='bbox 645 3469 700 3527; x_wconf 93' lang='lat' dir='ltr'>sita</span> <span class='ocrx_word' id='word_1_308' title='bbox 715 3469 745 3527; x_wconf 86' lang='lat' dir='ltr'>ia</span> <span class='ocrx_word' id='word_1_309' title='bbox 760 3485 816 3547; x_wconf 88' lang='lat' dir='ltr'>qua</span> <span class='ocrx_word' id='word_1_310' title='bbox 831 3465 1000 3526; x_wconf 77' lang='lat' dir='ltr'>Alexander</span> 
     </span>
     <span class='ocr_line' id='line_1_39' title="bbox 6 3539 1051 3630; baseline 0.01 -30"><span class='ocrx_word' id='word_1_311' title='bbox 6 3539 191 3610; x_wconf 77' lang='lat' dir='ltr'>Alexandriam</span> <span class='ocrx_word' id='word_1_312' title='bbox 216 3549 396 3612; x_wconf 89' lang='lat' dir='ltr'>condiderat.</span> <span class='ocrx_word' id='word_1_313' title='bbox 434 3569 489 3630; x_wconf 82' lang='lat' dir='ltr'>qua</span> <span class='ocrx_word' id='word_1_314' title='bbox 517 3551 611 3612; x_wconf 87' lang='lat' dir='ltr'>diruta</span> <span class='ocrx_word' id='word_1_315' title='bbox 637 3570 653 3612; x_wconf 90' lang='lat' dir='ltr'>a</span> <span class='ocrx_word' id='word_1_316' title='bbox 680 3551 813 3612; x_wconf 88' lang='lat' dir='ltr'>barbaris</span> <span class='ocrx_word' id='word_1_317' title='bbox 836 3550 999 3613; x_wconf 79' lang='lat' dir='ltr'>Antiochus</span> <span class='ocrx_word' id='word_1_318' title='bbox 1018 3560 1051 3610; x_wconf 80' lang='grc'>47</span> 
     </span>
    </p>
   </div>
   <div class='ocr_carea' id='block_1_4' title="bbox 53 3632 793 3708">
    <p class='ocr_par' dir='ltr' id='par_1_6' title="bbox 53 3632 793 3708">
     <span class='ocr_line' id='line_1_40' title="bbox 53 3632 793 3708; baseline 0.045 -14"><span class='ocrx_word' id='word_1_319' title='bbox 53 3661 125 3701; x_wconf 78' lang='lat' dir='ltr'>sumu</span> <span class='ocrx_word' id='word_1_320' title='bbox 143 3666 211 3702; x_wconf 79' lang='lat' dir='ltr'>usu.</span> <span class='ocrx_word' id='word_1_321' title='bbox 229 3667 304 3703; x_wconf 78' lang='lat' dir='ltr'>sisu.</span> <span class='ocrx_word' id='word_1_322' title='bbox 323 3653 347 3708; x_wconf 91' lang='grc' dir='ltr'>Ι.</span> <span class='ocrx_word' id='word_1_323' title='bbox 753 3632 793 3698; x_wconf 70' lang='grc'>15</span> 
     </span>
    </p>
   </div>
   <div class='ocr_carea' id='block_1_5' title="bbox 0 0 1148 3938">
    <p class='ocr_par' dir='ltr' id='par_1_7' title="bbox 0 0 1148 3938">
     <span class='ocr_line' id='line_1_41' title="bbox 0 0 1148 3938; baseline 0 6"><span class='ocrx_word' id='word_1_324' title='bbox 0 0 1148 3938; x_wconf 95' lang='lat' dir='ltr'> </span> 
     </span>
    </p>
   </div>
  </div>
 </body>
</html>
