2544 3942
373 188 458 246 ulr.
477 189 571 246 meu.
590 191 630 246 ru
648 199 683 250 aa
703 196 830 268 (rc-so)
1043 191 1107 272 257

82 359 161 420 item
192 358 291 420 minus
322 339 465 420 soffgstes
496 341 606 423 quibus
643 341 836 412 obesissimus
873 360 984 416 menter
1039 375 1107 420 aves

6 490 7 499 ,
83 466 208 528 quoque
231 449 365 528 geminos
388 449 475 509 sinus,
498 431 609 497 habent
637 434 913 525 quaedam71lssllm
941 461 1001 527 qlll)
1029 465 1106 510 mel'·

4 593 5 618 ζ
81 545 162 618 gunt
180 539 326 620 recentia,
346 545 379 599 ut
397 545 514 620 guttur,
539 524 693 593 alterum
684 549 716 592 ιιι
735 550 825 614 quem
843 554 880 598 en
898 555 934 598 eo
954 536 1106 600 dimittunt

2 619 8 697 ζ
82 629 280 690 concoctione
313 635 471 709 maturata,
506 632 542 688 ut
568 620 706 707 gallinae,
738 623 907 708 palumbes,
941 623 1105 711 columbae,

3 775 5 782 .
52 716 232 797 sperdices.
261 725 379 779 ceterae
398 717 461 778 iere
481 722 584 778 carent
602 733 647 798 eo,
666 715 719 777 sed
738 715 806 796 gula
824 718 990 796 patentiore
1010 725 1156 779 utun-201

2 790 7 879 ἶ
81 814 150 888 tur,
174 815 208 868 ut
230 806 356 890 graculi,
384 807 478 888 corvi,
506 807 651 867 cornices.
697 805 842 886 quaedam
870 814 978 868 neutro
1006 807 1104 889 modo,

81 895 139 956 sed
163 904 298 957 ventrem
320 899 489 977 proximum
511 893 635 977 habent,
662 894 771 975 quibus
794 896 953 977 praelonga
976 895 1050 958 colla
1074 906 1104 958 et

82 991 228 1067 angusta,
264 993 298 1047 ut
330 985 532 1068 porphyrioni.
587 991 693 1046 venter
725 983 922 1066 solidipedum
954 1003 1041 1066 asper
1074 995 1104 1047 et

5 1074 8 1084 '
83 1073 190 1136 durus.
227 1077 417 1136 terrestrium
436 1074 500 1136 aliis
519 1073 716 1136 denticulatae
740 1077 924 1157 asperitatis,
947 1076 1011 1136 aliis
1034 1094 1101 1136 can-

40 1179 69 1220 ιο
83 1163 215 1225 cellatim
246 1164 402 1226 mordacis.
453 1163 563 1244 quibus
594 1181 692 1244 neque
725 1163 830 1225 dentes
862 1165 1013 1243 utrimque
1046 1183 1102 1226 nec

83 1255 256 1336 ruminatio,
277 1253 327 1314 bic
346 1253 547 1316 conficiuntur
565 1253 633 1336 cibi,
655 1253 726 1314 binc
744 1255 776 1314 in
795 1253 892 1316 alvum
913 1252 1100 1314 delabuntur.

84 1341 184 1404 media
206 1341 278 1404 haec
301 1341 441 1405 umbilico
465 1343 579 1405 adnexa
606 1341 758 1426 omnibus,
785 1345 815 1406 in
844 1342 964 1404 homine
988 1342 1091 1404 suillae
1102 1349 1155 1398 222

84 1431 187 1508 intima
209 1440 294 1512 parte
319 1432 436 1515 similis,
464 1451 480 1494 a
504 1431 624 1494 Graecis
652 1431 817 1514 appellatur
845 1433 945 1515 colon,
954 1431 1024 1493 ubi
1051 1432 1101 1493 do·

3 1499 6 1536 ¹
85 1521 185 1582 lorum
207 1539 312 1602 magna
335 1540 431 1583 causa
477 1530 584 1601 angust
584 1523 686 1584 issima
709 1520 845 1604 canibus,
873 1520 990 1602 quade
1014 1539 1101 1582 causa

3 1587 71 1666 'rs
85 1609 255 1672 vehementi
277 1613 345 1672 nisu
368 1629 424 1672 neo
447 1612 512 1672 sine
535 1613 667 1672 cruciata
688 1611 786 1672 levant
812 1630 886 1672 eam.
927 1610 1102 1672 insatiabilia

3 1709 4 1716 ’
86 1699 266 1782 animalium,
289 1699 398 1780 quibus
416 1718 433 1761 a
451 1708 555 1761 ventre
573 1701 711 1781 protinus
734 1709 817 1762 recto
840 1703 982 1764 intestino
1005 1708 1101 1761 trans-

3 1775 4 1868 f
88 1796 162 1850 eurnt
181 1787 249 1871 cibi,
271 1797 306 1852 ut
323 1789 401 1869 lupis
420 1791 562 1850 cervariis
581 1797 611 1850 et
629 1791 708 1850 inter
731 1809 799 1852 aves
822 1791 941 1870 mergis.
973 1797 1092 1852 ventres
1102 1797 1153 1846 223

87 1876 244 1982 elephanto
264 1885 414 1961 quattuor,
437 1887 537 1940 cetera
556 1877 649 1940 subus
673 1878 789 1962 similla,
810 1878 911 1959 pulmo
936 1878 1100 1960 quadruplo

85 1969 180 2028 mmor
209 1965 330 2029 bubulo.
381 1967 484 2029 avibus
513 1975 618 2030 venter
648 1985 792 2030 carnosus
825 1967 1019 2049 callosusque.
1069 1970 1101 2029 in

44 2070 73 2112 ao
86 2064 190 2118 ventre
209 2055 404 2118 birundinum
421 2057 511 2138 pullis
529 2056 621 2164 lapilli
639 2057 765 2119 candido
784 2065 835 2119 aut
852 2057 973 2126 rubenti
991 2057 1101 2138 colore,

86 2147 138 2235 qui
152 2133 311 2208 chelidonii
324 2155 468 2210 vocantur
472 2149 622 2230 ,magicis
636 2149 748 2209 narrati
767 2145 881 2209 artibus
898 2149 1100 2254 reperiuntur

87 2231 170 2296 etur
193 2237 386 2298 iuvencarum
409 2237 540 2299 secundo
564 2245 668 2299 ventre
696 2236 772 2318 pilae
800 2237 982 2299 rotunditate
1010 2239 1100 2318 nigri-

86 2341 157 2384 cans
175 2323 294 2407 topbus,
313 2325 394 2386 nullo
413 2327 555 2410 pondere,
573 2327 732 2409 singulare,
750 2335 784 2390 ut
802 2335 916 2408 putant,
935 2325 1100 2389 remedium

88 2429 173 2494 aegre
196 2413 395 2497 parientibus,
418 2417 444 2476 si
466 2415 605 2477 tellurem
627 2435 688 2477 non
711 2418 850 2496 attigerit.

46 2515 74 2557 aa
121 2459 227 2585 (80)
245 2463 436 2566 Ventriculus
450 2511 538 2584 atque
553 2506 694 2566 intestina
706 2507 811 2584 pingui
825 2523 859 2565 ac
873 2506 956 2567 tenui
970 2513 1089 2565 omento
1100 2512 1153 2560 204

86 2591 260 2671 integuntur
282 2601 492 2674 praeterquam
514 2611 568 2653 ova
595 2595 717 2673 gignent
704 2592 793 2654 tibus.
839 2593 909 2654 huic
932 2592 1100 2654 adnectitur

87 2678 183 2742 lien
174 2699 206 2742 m
236 2683 358 2745 sinistra
386 2690 471 2763 parte
502 2681 644 2744 adversus
674 2684 782 2764 iecori,
812 2700 881 2743 cum
911 2700 971 2761 quo
1000 2681 1100 2742 locum

88 2769 242 2850 aliquando
265 2779 429 2854 permutat,
456 2771 509 2833 sed
532 2771 710 2852 prodigiose.
756 2770 879 2850 quidam
902 2787 972 2832 eum
990 2778 1100 2850 putant

87 2861 183 2922 inesse
198 2878 251 2922 ova
264 2859 459 2942 parientibus,
478 2862 550 2922 item
565 2859 755 2940 serpentibus
774 2860 932 2922 admodum
951 2861 1099 2940 exiguum.
1196 2927 1208 2946 Δ

50 2951 126 3010 uita
148 2958 228 3012 certe
252 2958 375 3031 apparet
401 2951 434 3012 in
456 2949 606 3012 testudine
635 2957 665 3011 et
692 2948 841 3011 crocodilo
869 2957 900 3011 et
921 2947 1041 3012 lacertis
1070 2958 1100 3010 et

6 3279 8 3286 y
157 3211 260 3268 litem
283 3213 341 3268 Uri.
359 3212 435 3268 aiud.
454 3230 482 3270 2.
500 3217 566 3270 210.
598 3211 685 3268 iidem
701 3209 817 3282 Bd(?)o.
849 3210 925 3266 idem
943 3215 997 3268 llr.

15 3286 22 3296 '
89 3289 285 3354 rquoom.rt.
358 3287 612 3355 aemerguntll.
641 3286 755 3338 turre.
828 3283 1098 3345 3221222222.

90 3354 124 3410 ad
140 3353 213 3410 Dect.
299 3357 444 3412 beeteree
463 3360 540 3412 ilde.
570 3373 614 3410 -ra
631 3372 654 3412 r.
741 3356 924 3411 Sutitedo.
953 3355 1022 3412 etr.

89 3425 277 3486 ilbinollc.
306 3425 394 3484 hier.
486 3434 518 3483 l't
538 3428 694 3484 uentresd.
726 3428 794 3481 -tres
813 3425 948 3482 etredd.
963 3426 1098 3510 quteGel.

155 3504 189 3554 19
207 3499 298 3555 maior
314 3503 366 3556 Bc.
394 3499 500 3555 ombus
518 3516 540 3556 2
557 3499 563 3569 Ι
582 3498 752 3556 bnsbulon.
823 3503 856 3552 21
876 3497 993 3570 magieis
1011 3496 1099 3560 welo.

89 3570 221 3642 magisr„
302 3575 336 3626 25
360 3573 472 3627 omento
442 3569 756 3628 ta’dindecbbrio
784 3570 853 3626 iom-
872 3567 935 3628 bal.
964 3569 1097 3628 ium-12¹

88 3642 191 3698 indum·
209 3641 253 3700 2¹.
345 3648 379 3698 28
402 3643 558 3714 qnidamv.
594 3641 670 3700 dem
688 3642 716 3700 ll
815 3645 850 3699 30
873 3643 991 3702 certes.
1023 3645 1098 3700 certe

90 3715 190 3786 (exerta
208 3716 234 3785 d)
254 3662 421 3772 admodumq
423 3717 450 3773 ll.

138 3805 204 3849 Pam.
217 3816 274 3850 unm
287 3817 350 3851 naar
377 3807 936 3862 11.1q

1029 3889 1032 3898 ⁴
1061 3876 1077 3914 ἱ
