2414 3936
152 179 195 248 30
501 195 531 244 o.
554 196 650 244 6666
673 195 822 245 saeuum

150 349 286 412 XXVIII.
317 349 367 414 65.
385 351 421 412 66
437 352 595 428 sagittariis
613 359 643 410 et
658 349 709 412 64.
729 352 894 430 scriptoriis
909 359 939 411 et
955 347 1008 414 66.
1027 351 1158 411 fistulato·

150 440 203 496 riis
231 437 359 498 calamis.
398 435 435 497 de
463 436 655 496 Orchomenia
682 435 840 496 harundine
867 445 897 496 et
925 437 1114 514 aucupatoria
1135 445 1158 496 ct

150 523 319 602 piscatoria.
354 518 403 583 67.
426 521 462 581 de
480 522 617 581 vinitoria
632 519 801 582 harundine.
834 521 869 580 de
886 520 963 580 alno.
995 517 1047 582 68.
1071 519 1159 579 desa·

151 605 216 666 lice.
249 624 360 684 genera
376 608 439 666 eius
455 605 519 665 Vll.
550 603 600 667 69.
617 623 690 682 quae
705 613 825 684 praeter
841 605 958 664 salicem
971 603 1007 662 ad
1022 603 1157 681 ligandum

150 689 241 751 utilia.
276 688 328 752 70.
345 691 380 752 66
396 691 513 768 666ρί6,
531 689 670 767 candelis,
689 691 798 766 cannis,
816 689 925 766 tegulo.
959 687 1009 751 71.
1029 687 1066 748 66
1083 687 1173 747 sabus

151 776 211 853 cla,
230 774 266 835 de
282 769 398 922 661667).
427 773 499 852 (72)
516 773 561 834 06
576 773 711 834 arborum
732 774 820 833 sucis.
854 771 927 852 (73)
942 771 978 832 66
993 781 1095 831 natura
1111 791 1159 832 ma·

151 861 288 919 teriarum
340 869 354 939 (
376 858 480 938 4)De
498 858 652 920 arboribus
674 857 839 918 caedendis
873 855 945 936 (76)
966 855 1011 916 De
1032 858 1157 934 sappino.

150 941 195 1004 De
202 945 406 1042 'magnitudIne
428 944 572 1006 arborum.
603 941 674 1042 (77)
691 943 817 1020 Igniaria
834 963 850 1003 e
870 943 961 1042 ligno.
994 939 1069 1021 (78)
1085 937 1158 1012 Quae

150 1030 258 1088 carlem
276 1047 334 1090 non
350 1032 492 1106 sentiant,
512 1047 586 1108 quae
606 1029 713 1088 rimam.
752 1025 824 1107 (79)
846 1009 992 1087 Historlca
1008 1025 1045 1085 de
1062 1044 1158 1104 perpe·

151 1113 253 1173 tuitate
271 1117 465 1176 materiarum.
501 1111 574 1194 (80)
598 1112 772 1174 Teredinum
791 1131 912 1190 genera
949 1109 1022 1190 (81)
1045 1109 1091 1170 De
1111 1129 1181 1172 man

150 1199 233 1257 teriis
250 1198 485 1260 architectonica.
518 1195 590 1278 (82)
607 1198 817 1258 demateriisi
804 1196 926 1258 fabrilia.
959 1193 1032 1275 (83)
1051 1193 1088 1254 de
1104 1195 1158 1273 glu-

150 1282 264 1342 tinanda
278 1286 406 1344 materia.
438 1281 510 1362 (84)
528 1283 564 1343 66
580 1283 681 1344 lamnis
698 1281 860 1342 sectilibus.
892 1278 1050 1360 (85-89)
1069 1279 1158 1338 Arbo-

150 1384 211 1426 rum
235 1367 396 1428 durantium
416 1376 547 1428 vatustas
577 1361 635 1451 (ab
652 1364 791 1426 Africano
813 1367 914 1446 priore
935 1373 1007 1428 sata.
1038 1365 1068 1422 iu
1092 1364 1158 1423 urbe

147 1449 277 1511 RomaD
292 1469 430 1512 annorum
443 1453 541 1512 arbor.
568 1451 618 1514 86.
634 1451 670 1510 ab
682 1451 755 1511 urbe
768 1450 883 1511 condita
898 1449 1034 1525 arbores,
1054 1446 1103 1510 87.
1115 1467 1158 1506 ve·

149 1537 291 1595 tustiores
304 1536 377 1596 urbe
389 1538 419 1596 io
431 1536 614 1597 suburbanis.
639 1533 690 1598 88.
703 1535 739 1595 ab
752 1535 971 1612 Agamemnone
984 1542 1068 1594 satae
1080 1532 1181 1592 arbon

148 1636 210 1680 res.
235 1637 252 1679 6
268 1619 360 1697 primo
376 1635 451 1678 anno
470 1618 540 1678 belli
553 1617 670 1678 Troiani
687 1617 820 1680 arbores.
857 1618 892 1680 ab
911 1618 946 1678 Ili
965 1617 1158 1696 appellatione

148 1703 272 1764 arbores
294 1704 369 1782 apud
392 1702 509 1764 Troiam
531 1706 712 1784 antiquiores
737 1703 817 1764 bello
840 1703 977 1763 Troiano.
1021 1700 1072 1764 89.
1095 1703 1159 1761 item

148 1785 238 1866 Argis
260 1788 295 1848 ab
310 1787 437 1850 Hercule
453 1798 551 1866 satae,
575 1790 611 1849 ab
629 1789 768 1868 Apolline
787 1797 877 1849 satae.
909 1787 999 1847 arbor
1018 1789 1158 1865 antiquior

148 1889 231 1948 quam
246 1869 412 1962 Athenae).
444 1872 516 1953 (90)
539 1871 620 1946 Quae
636 1892 747 1952 genera
767 1873 903 1933 arborum
917 1872 1035 1932 mihime
1052 1871 1157 1932 durent.

147 1953 219 2034 (91)
236 1956 370 2020 Arbores
388 1975 426 2019 ex
441 1967 549 2018 eventu
565 1959 690 2019 nobiles.
722 1955 794 2038 (92)
812 1954 893 2029 Quae
909 1956 1009 2018 sedem
1020 1954 1182 2017 irascendiu

147 2058 227 2100 suam
245 2059 303 2101 666
318 2042 452 2104 habeant.
481 2059 555 2120 quae
570 2043 599 2102 in
614 2043 768 2104 arboribus
784 2045 882 2104 uiuant
899 2051 928 2102 et
943 2043 974 2100 io
989 2050 1070 2100 terra
1085 2042 1157 2100 nasci

147 2127 271 2203 possint.
303 2144 527 2203 generosarum
540 2125 633 2188 v1111.
641 2136 784 2206 oassytas,
800 2126 1001 2206 polypodion,
1019 2125 1157 2204 phaunos,

146 2208 402 2288 hippophaeston,
432 2207 506 2290 (93)
524 2213 596 2274 666
612 2215 665 2272 tria
684 2229 813 2289 genera,
829 2211 976 2291 hyphear,
995 2210 1091 2271 stolis.
1126 2209 1156 2268 de

146 2294 219 2354 visci
243 2302 272 2356 et
292 2295 426 2356 similium
449 2304 559 2362 natura.
590 2294 663 2376 (94)
686 2297 722 2356 de
744 2297 825 2356 visco
850 2295 993 2356 faciendo.
1032 2293 1156 2354 Summa:

145 2397 195 2439 res
212 2387 242 2439 et
260 2378 402 2442 historiae
418 2389 449 2442 et
465 2381 691 2442 observationes
709 2378 885 2441 mcxxxv.
1164 2391 1182 2430 2⁵

204 2461 250 2524 Ex
261 2466 445 2526 auctoribus:
462 2465 500 2526 Μ.
513 2463 658 2542 Varrone,
670 2465 796 2543 Fetiale,
808 2463 938 2544 Nigidio,
952 2461 1093 2524 Cornelio
1105 2462 1156 2524 Ne·

145 2557 228 2627 pote,
244 2547 372 2626 Hygino,
387 2549 534 2627 hlasurio,
556 2548 680 2626 Catone,
696 2547 841 2628 bluciano,
862 2548 892 2609 t.
909 2549 1030 2625 Pisone,
1050 2547 1154 2626 Trogo,

145 2630 303 2712 Calpurnio
317 2634 425 2714 Basso,
444 2633 610 2712 Cremutio,
627 2634 730 2694 Sextio
749 2633 859 2713 Nigro,
875 2631 1016 2696 Cornelio
1032 2633 1154 2709 Boccho,

143 2717 296 2796 Vitruvio,
321 2719 476 2780 Graecina.
510 2717 664 2780 Externis:
688 2717 857 2779 Alexandro
881 2718 1084 2799 polyhistore,
1106 2717 1155 2777 lle·

143 2801 1180 2882 siodo,Theophrasto,1)emocrito,Homero,'Ilmacomathematicoa

205 2886 296 2948 Libro
314 2887 408 2950 XVII.
428 2890 615 2950 conticentur
630 2889 785 2948 salicorum
801 2887 938 2949 arborum
953 2897 1085 2950 naturae.
1109 2885 1153 2965 (1)

141 2972 289 3034 Arborum
304 2975 399 3052 pretia
415 2972 567 3033 mirabilia.
591 2969 643 3052 (2)
660 2969 857 3033 declinatura
873 2972 908 3032 ad
924 2972 1058 3034 arbores.
1077 2989 1152 3053 quam

141 3066 254 3136 partem
270 3058 344 3118 caeli
361 3067 498 3136 spectare
517 3059 620 3117 66666
636 3056 771 3118 debeant.
803 3055 854 3137 (3)
870 3055 972 3129 Qualis
990 3066 1070 3118 terra
1086 3057 1153 3134 opti-

140 3159 195 3201 ma.
225 3140 277 3221 (4)
292 3143 337 3203 De
357 3151 436 3203 terra
455 3159 510 3220 qua
523 3141 627 3202 Graeci
641 3151 670 3202 et
684 3139 794 3202 Galliae
810 3143 928 3203 lactant.
952 3161 1066 3220 genera
1081 3138 1151 3202 VIII.

141 3225 192 3306 (b)
216 3226 251 3288 dc
273 3227 380 3287 cineris
401 3245 466 3288 usu.
503 3225 554 3306 (6)
576 3225 612 3287 de
628 3227 705 3288 llmo.
740 3224 791 3305 (7)
808 3245 882 3306 quae
907 3235 970 3288 sata
990 3227 1181 3287 uberioremas

140 3319 249 3370 terram
266 3311 391 3388 iaciant,
412 3329 486 3389 quae
502 3320 595 3374 urant.
628 3308 679 3392 (8)
699 3311 911 3390 quibusmodis
928 3311 995 3372 limo
1013 3311 1151 3372 utendum.

140 3392 278 3472 (9-21)
294 3391 406 3466 Quibus
427 3395 519 3456 modis
537 3397 659 3458 arbores
677 3404 811 3469 serantur
829 3389 894 3482 (10
910 3396 1022 3458 semiue
1038 3412 1150 3456 nascen-

140 3481 188 3540 tia.
222 3477 269 3539 11.
290 3496 364 3557 quae
388 3497 538 3560 numquam
559 3481 751 3560 degenerent.
793 3478 842 3543 12.
866 3481 974 3561 plantis
997 3481 1151 3556 nascentia,
