2414 3936
158 181 199 242 76
554 183 650 231 rmum
670 180 821 230 sueonos

158 347 307 410 terminos.
336 343 372 404 ab
394 341 477 402 bisce
495 338 745 418 retrogradiuntur
770 336 807 397 ad
827 334 921 396 solem
940 343 969 394 et
991 349 1098 393 occasu
1113 348 1157 390 ve·

159 431 290 511 spertino
306 428 491 490 delitescunt.
520 424 647 484 Veneris
663 421 749 484 stella
766 429 794 482 et
810 421 953 480 stationes
971 417 1058 493 duas,
1075 425 1157 476 matu·

159 517 247 577 tinam
261 513 534 592 vespertinamque,
557 508 593 569 ab
609 516 731 586 utroque
749 499 853 566 exortu
869 503 939 564 iacit
956 521 972 562 u
991 501 1159 579 longissimis

160 600 312 660 distantiae
325 615 395 657 suae
413 595 525 656 linibus.
556 591 682 653 Mercuri
699 591 839 652 stationes
861 587 1001 649 breviore
1023 593 1157 646 momento

161 701 246 764 qnam
260 691 290 742 ut
306 680 487 760 deprehendi
506 679 627 758 possint.
1166 694 1174 730 s

39 809 42 818 =
119 780 158 835 62,
220 765 304 846 (13.)
323 764 404 825 Haec
421 772 466 824 est
483 763 618 824 luminum
635 759 918 838 occultationumque
934 757 1027 832 ratio,
1052 754 1159 834 perple-

162 853 229 912 xior
243 859 322 910 motu
337 848 493 928 multisque
510 845 637 908 involuta
652 844 808 904 miraculis.
839 841 983 924 siqnidem
1001 839 1159 918 magnitudi-

162 953 216 996 nes
232 952 299 994 snas
316 943 345 994 et
362 932 480 993 colores
496 939 613 1008 mutant,
623 939 652 992 et
664 929 782 990 eaedem
794 927 830 988 ud
841 927 1071 1006 septentrionem
1084 941 1159 984 acce-

163 1019 232 1080 dunt
256 1017 422 1098 abeuntque
445 1017 481 1078 ad
503 1025 646 1090 austrum,
672 1015 819 1093 terrisque
839 1013 996 1092 propiores
1023 1017 1070 1070 aut
1086 1007 1159 1069 caelo

163 1112 286 1183 repente
303 1110 468 1162 cernuntur.
500 1102 528 1160 in
550 1099 653 1179 quibus
675 1096 761 1158 aliter
777 1096 866 1158 multa
881 1114 967 1175 quam
982 1095 1098 1174 priores
1113 1103 1182 1154 tra-n

164 1188 249 1252 dituri
262 1187 433 1248 latemureo
446 1201 563 1266 quoque
578 1183 693 1244 illorum
707 1200 775 1242 esse
787 1183 912 1242 muneris
925 1181 974 1260 qni
988 1181 1070 1259 primi
1083 1196 1160 1257 quae·

164 1273 246 1334 rendi
269 1273 331 1334 vias
354 1270 630 1344 demonstraverint,
653 1265 740 1328 modo
762 1285 798 1327 ne
814 1267 878 1345 quis
894 1265 1037 1343 desperet
1054 1263 1160 1324 saecula

121 1357 314 1439 saproficere
336 1373 462 1434 semper.
494 1353 626 1415 Pluribus
648 1353 685 1412 de
707 1353 803 1412 causis
818 1351 892 1412 haec
917 1349 1011 1410 omnia
1028 1348 1159 1409 accidunt.

164 1444 256 1521 prima
270 1439 444 1501 circulorum
457 1455 530 1518 quos
543 1436 648 1498 Graeci
659 1427 772 1513 ἀψῖδας
783 1438 811 1498 in
823 1433 916 1496 stellis
929 1442 1038 1494 vocant
1052 1433 1161 1512 (etenim

165 1524 285 1587 Graecis
306 1522 441 1585 utendum
465 1523 519 1583 erit
540 1520 720 1602 vocabulis).
757 1529 820 1580 sunt
844 1528 940 1580 autem
955 1517 984 1578 hi
1003 1519 1047 1578 sui
1067 1519 1183 1596 cuiqnes

121 1617 123 1622 ’
165 1628 274 1686 earum,
291 1608 398 1688 aliique
416 1625 500 1687 quam
514 1606 630 1681 mundo,
650 1605 785 1685 quoniam
799 1613 878 1666 terra
893 1621 909 1664 a
924 1601 1086 1664 verticibus
1102 1601 1161 1662 dno-

164 1693 219 1756 bus
246 1709 320 1773 quos
343 1693 564 1773 appellaverunt
593 1691 680 1770 polos
712 1697 841 1751 centrum
869 1688 944 1750 caeli
974 1706 1032 1748 nco
1064 1703 1118 1748 non
1139 1695 1161 1744 et

167 1779 298 1856 signiferi
321 1786 366 1838 est
389 1776 508 1856 oblique
531 1778 605 1836 inter
623 1791 676 1834 eos
692 1776 747 1834 siti.
781 1773 875 1834 omnia
897 1783 994 1834 autem
1011 1771 1087 1832 haec
1103 1788 1161 1831 con·

167 1872 241 1924 stant
255 1863 366 1924 ratione
394 1862 493 1923 circini
516 1878 633 1941 semper
649 1858 816 1920 indubitata.
846 1875 919 1937 ergo
938 1857 974 1918 ab
990 1857 1050 1918 alio
1067 1857 1160 1935 cuique

168 1957 267 2008 centro
284 1947 401 2026 apsides
417 1964 487 2006 suas
503 1953 672 2023 exsurgunt,
689 1942 815 2022 ideoque
828 1941 962 2005 diversos
974 1939 1183 2002 habentorbeso

166 2039 335 2110 motnusque
349 2032 516 2108 dissimiles,
527 2029 661 2108 quoniam
685 2029 839 2088 interiores
855 2027 971 2107 apsidas
986 2043 1111 2088 necesse
1126 2033 1162 2083 est

125 2114 320 2184 osbreriores
338 2131 415 2174 esse.
447 2114 495 2174 16.
513 2111 634 2191 lgitura
652 2121 748 2173 terrae
765 2120 866 2173 centro
881 2111 1000 2191 apsides
1017 2109 1160 2171 altissimae

168 2207 233 2258 sunt
249 2198 371 2259 Saturno
396 2198 424 2257 in
447 2198 622 2276 scorpione,
647 2196 709 2258 lovi
724 2199 753 2258 in
767 2197 897 2276 virgine,
920 2194 1005 2256 blarti
1030 2197 1059 2254 in
1076 2193 1159 2267 leone,

168 2283 224 2343 soli
240 2282 268 2341 in
285 2282 418 2360 geminis,
434 2281 543 2341 Veneri
559 2283 587 2342 in
602 2283 762 2360 sagittario,
780 2279 926 2342 llercurio
942 2281 970 2340 in
987 2279 1158 2360 capricorno,

168 2366 270 2427 mediis
291 2367 415 2426 omnium
438 2365 581 2444 partibus,
610 2376 639 2426 et
661 2385 678 2426 e
700 2367 844 2428 contrario
866 2365 903 2427 ad
925 2375 1023 2426 terrae
1046 2373 1182 2424 centrumn

168 2450 342 2512 humillimae
358 2457 444 2530 atque
461 2451 618 2530 proximae.
651 2452 701 2511 Sic
717 2451 747 2511 rit
761 2460 791 2510 nt
805 2451 913 2512 tardius
929 2451 1041 2510 moveri
1057 2448 1160 2508 videan-

168 2543 223 2610 tur,
242 2553 304 2594 cum
322 2534 461 2596 altissimo
479 2535 585 2597 ambitu
603 2535 750 2612 feruntur,
774 2552 832 2596 non
849 2535 916 2616 quia
932 2534 1102 2594 adcelerent
1114 2541 1160 2593 tar·

168 2618 273 2678 dentvc
284 2617 431 2680 naturales
446 2627 572 2700 moturus,
588 2621 636 2701 qui
651 2620 723 2680 certi
751 2638 786 2681 ac
807 2617 914 2698 singuli
936 2627 1001 2680 sunt
1019 2618 1092 2694 illis,
1118 2614 1160 2675 sed

169 2705 235 2783 quia
251 2703 392 2764 deductas
407 2702 444 2763 ab
462 2721 570 2765 summa
601 2704 702 2783 apside
717 2704 810 2765 lineas
844 2705 971 2764 coartari
988 2703 1026 2764 ad
1045 2709 1159 2763 centron

168 2805 293 2848 necesse
312 2795 357 2846 est
371 2788 445 2847 sicut
460 2789 488 2848 in
502 2789 574 2848 rotis
592 2788 707 2864 radios,
726 2787 860 2869 idemque
880 2796 975 2848 motus
991 2787 1066 2848 alias
1083 2787 1181 2846 maiora

126 2871 239 2940 onelios
253 2873 345 2931 minor
362 2872 452 2932 centri
468 2873 680 2953 propinquitate
692 2875 821 2934 sentitur.
845 2869 947 2934 Altera
961 2871 1159 2934 sublimitatium

170 2973 268 3032 causa,
285 2956 418 3035 quoniam
433 2973 449 3016 a
465 2973 518 3018 suo
535 2967 635 3017 centro
652 2959 768 3036 apsidas
783 2957 936 3020 altissimas
951 2957 1060 3018 babent
1072 2957 1098 3016 in
1109 2954 1160 3014 aliis

169 3039 276 3116 signis,
304 3041 442 3102 Saturnus
465 3042 493 3100 in
516 3040 608 3102 librae
634 3051 715 3120 parte
741 3043 895 3119 vicesima,
921 3041 1053 3122 luppiter
1078 3037 1161 3116 cancri

170 3125 265 3203 quinta
294 3123 420 3202 decima,
436 3123 513 3186 lilars
531 3127 693 3203 capricorni
709 3127 846 3188 vicesima
863 3135 985 3204 octavu,
1010 3126 1057 3187 sol
1075 3123 1160 3186 arietis

168 3209 307 3270 vicesima
322 3227 414 3286 nona,
435 3208 535 3268 Venus
553 3211 675 3289 piscium
702 3214 823 3292 septima
849 3213 973 3287 decima,
1011 3209 1180 3272 Mercurium

168 3293 288 3370 virginis
304 3295 399 3374 quinta
423 3292 547 3370 decima,
564 3293 630 3354 luna
645 3297 718 3355 tauri
735 3305 845 3374 quarta.
878 3293 977 3357 Tertia
997 3293 1161 3356 altitudinum

168 3379 242 3438 ratio
265 3378 340 3438 caeli
353 3394 497 3454 mensura,
515 3394 573 3438 non
594 3378 709 3456 circuli,
733 3378 925 3457 intellegitur,
944 3380 1043 3440 subire
1060 3397 1108 3440 eas
1123 3383 1161 3438 aut

125 3460 351 3525 didescendere
365 3479 420 3542 per
434 3461 607 3540 profundum
630 3463 707 3524 acris
723 3462 817 3523 oculis
845 3463 1074 3526 aestimantibus.
1100 3461 1161 3522 Huic
