2340 3934
279 547 318 621 O.
344 547 479 624 PLINI
505 549 712 626 SECUNDI

148 675 480 767 NATURALIS
516 679 834 768 Hlsrotorlu

367 830 502 898 etune
524 831 615 899 vm.

412 995 572 1004 ———-

66 1093 91 1161 l.
119 1095 169 1184 (1)
215 1101 261 1164 Ad
291 1103 404 1184 robqua
431 1113 618 1167 transeamus
647 1107 783 1186 animalia
812 1115 842 1169 et
868 1111 1033 1189 primuml

21 1191 144 1251 terrestria.

62 1278 207 1342 tissimum
226 1289 273 1343 est
291 1281 431 1362 elephans
449 1285 677 1363 proximumque
695 1284 833 1346 humenis
852 1285 999 1368 sensibus,

19 1370 96 1448 quippe
115 1370 286 1432 intellectus
305 1370 364 1432 illis
387 1375 534 1433 sermonis
552 1375 641 1453 patrii
664 1381 693 1434 et
711 1375 905 1454 imperiorum
928 1375 997 1436 obe·

18 1455 103 1540 dentis,
123 1461 293 1522 officiorum
315 1479 391 1540 quae
409 1462 541 1527 didicere
564 1465 708 1524 memoria
732 1461 868 1541 [amoris]
888 1471 919 1525 et
937 1464 997 1544 glo·

17 1547 57 1606 riae
80 1548 229 1632 uoluptas,
253 1552 344 1610 immo
373 1570 458 1633 vero,
491 1570 566 1631 quae
597 1554 686 1613 etiam
715 1554 746 1614 in
773 1552 892 1613 homine
921 1571 998 1635 rara,

17 1636 126 1720 probitas,
149 1640 324 1721 prudentia,
351 1643 498 1722 aequitas,
525 1640 630 1721 religio
653 1660 772 1721 quoque
796 1642 928 1702 siderum
951 1661 997 1702 so·

17 1721 82 1804 boore
105 1747 137 1789 ee
159 1728 249 1790 lunae
274 1733 433 1791 veneratio.
480 1737 618 1792 auctores
646 1739 717 1792 sunt
743 1733 775 1790 in
798 1730 1033 1796 Mauretanieee

16 1813 106 1878 dolus
122 1819 158 1879 ad
171 1818 322 1898 quendam
341 1837 458 1881 emnem
472 1822 522 1880 cui
539 1837 649 1882 nomen
663 1827 709 1880 est
723 1819 818 1880 Amilo
832 1822 997 1883 nitescente

17 1899 60 1964 lona
77 1925 155 1968 nora·
170 1926 278 1988 greges
302 1927 406 1970 eorum
425 1908 608 1970 descendere
630 1907 731 1988 ibique
755 1927 787 1968 se
805 1910 997 1988 purificantes

16 1991 162 2058 solemniter
186 2015 263 2078 aque
281 1999 497 2078 circumspergi
519 2007 608 2078 atque
632 2001 673 2060 ita
695 1997 821 2059 salutato
845 1999 943 2060 sidere
966 2001 998 2060 in

16 2081 74 2144 dius
93 2089 202 2148 reverti
225 2087 387 2148 vitulorum
410 2089 547 2167 fatigatos
569 2105 641 2167 prae
664 2107 697 2148 se
716 2088 856 2150 ferentes.
885 2087 1032 2152 adesses

16 2187 101 2252 quoque
122 2175 277 2256 religionis
295 2176 449 2238 intellectu
470 2177 635 2238 creduntur
653 2179 746 2238 maria
764 2179 920 2238 transituri
937 2196 998 2239 non

16 2269 59 2321 nte
77 2283 160 2326 nares
183 2267 387 2327 conscendere
409 2285 498 2346 quam
520 2268 635 2328 inritati
656 2268 783 2328 rectoris
805 2267 998 2328 iureiurando

15 2347 37 2410 le
53 2354 152 2437 reditu,
182 2357 300 2435 visique
323 2364 394 2417 sunt
415 2357 488 2416 fessi
511 2355 708 2437 aegritudine,
739 2356 857 2435 quando
881 2365 911 2416 et
933 2355 998 2418 illas

15 2441 79 2502 uoles
97 2445 239 2506 infestant
262 2444 371 2527 morbi,
400 2445 509 2506 herbas
532 2447 632 2525 supini
654 2447 686 2506 in
709 2445 824 2506 caelum
846 2447 998 2527 iacientes,

16 2531 77 2591 relati
96 2534 202 2595 tellure
225 2534 366 2613 precibus
388 2534 519 2614 allegata.
564 2553 633 2594 nem
656 2535 735 2614 quod
758 2535 795 2595 ad
818 2534 999 2596 docilitatem

15 2623 89 2682 ttinet
105 2641 207 2703 regem
226 2623 358 2706 adorant,
376 2643 473 2703 genua
486 2623 674 2705 submittunt,
693 2641 818 2684 coronas
831 2625 997 2702 porrigunt.

15 2703 69 2769 bdis
88 2721 169 2774 erant
192 2715 338 2795 minores,
362 2732 437 2792 quos
460 2713 608 2793 appellant
630 2712 746 2774 nothos.

59 2796 84 2862 2.
105 2795 156 2884 (2)
185 2802 296 2863 Romae
319 2805 414 2864 iuncti
435 2805 567 2882 primum
589 2802 709 2864 subiere
733 2818 857 2862 currum
875 2799 998 2880 Pompei
1016 2813 1034 2862 4

14 2881 83 2966 logni
104 2891 244 2952 Africano
271 2892 434 2974 triumpho,
465 2893 544 2972 quod
571 2893 656 2972 prius
679 2891 762 2952 ludia
787 2891 865 2950 ricta
892 2891 997 2972 trium·

14 2974 93 3052 oinos
110 2979 219 3042 Libero
237 2989 321 3061 patre
340 2989 531 3043 memoretur.
556 2981 739 3042 Procilius
758 2987 846 3059 negat
863 2981 997 3060 potuisse

14 3059 107 3148 lonpei
122 3071 274 3150 triumpho
297 3073 414 3132 iunctos
438 3071 539 3150 egredi
556 3078 650 3150 porta.
681 3069 849 3130 Germanici
864 3067 998 3130 Caesaris

14 3169 108 3220 nunere
122 3159 293 3240 gladiatorio
308 3161 452 3240 quosdam
470 3163 559 3222 etiem
572 3160 741 3221 inconditos
759 3167 858 3220 motus
877 3157 998 3219 edidere

65 3355 79 3402 4
98 3351 126 3404 in
142 3351 267 3422 priorum
283 3356 314 3405 ll.
341 3351 500 3422 inpiorum
518 3349 555 3404 (1².
582 3351 613 3404 iu
630 3367 732 3420 porum
749 3349 787 3404 (1¹.
879 3353 896 3401 5
919 3347 999 3429 unere

14 3415 91 3474 botei
106 3422 207 3478 amoris
224 3428 256 3477 tol
273 3423 410 3492 edittogr.
424 3423 595 3493 syllabarum
612 3423 705 3476 moria
716 3427 821 3476 mum.
877 3424 893 3472 9
913 3417 999 3472 amolo

15 3485 57 3566 llo.
79 3492 154 3548 dudo
177 3493 233 3549 Uri.
252 3495 344 3548 eloreet
363 3511 377 3548 e
395 3493 509 3548 Ptolem.
528 3495 577 3546 IV
590 3498 675 3561 2,11.
754 3499 787 3546 16
810 3489 944 3544 iacientes
967 3493 999 3541 B.

15 3564 111 3618 nones
127 3582 150 3619 r.
208 3571 241 3620 19
259 3567 341 3620 nobcs
358 3569 411 3620 tto.
466 3571 499 3619 21
520 3563 608 3619 africo
625 3569 683 3618 Μ.
738 3569 772 3618 24
790 3563 882 3616 morus
900 3558 999 3614 wa.

16 3636 115 3690 maenius
131 3642 162 3690 B.
187 3639 294 3693 meatus
313 3655 335 3691 r.
