2340 3934
175 167 216 231 πο
521 162 550 217 c.
569 162 669 218 annu
688 161 846 218 sucunnr
941 117 944 120 ¹

171 317 352 398 traduntque
381 313 522 396 quamdiu
551 315 634 375 navis
664 331 698 374 ea
727 315 759 374 in
784 312 874 390 litore
903 314 1018 374 steterit
1041 311 1146 372 retulisse

172 409 297 488 gratiam
325 412 449 466 venatus
479 403 654 482 adgerendo.
705 421 763 482 qua
793 402 829 462 de
860 421 949 463 causa
974 401 1072 462 Libero
1094 403 1148 481 patri

172 495 315 576 templum
338 497 369 556 in
391 493 478 554 Samo
497 492 580 573 Elpis
603 494 741 574 sacravit,
765 493 845 572 quod
868 491 904 553 ab
927 510 963 552 eo
986 492 1058 552 laeto
1073 491 1148 550 Graec

172 581 345 662 κεχηνότος
368 580 529 646 Διονύεου
552 581 745 662 appellavere.
787 601 824 643 ne
848 583 992 644 miremur
1013 587 1102 660 postea
1118 597 1148 640 re·

173 677 259 754 stigia
276 674 431 736 hominum
451 671 584 752 intellegi
608 689 624 732 a
642 671 723 753 ieris,
747 690 814 732 cum
839 673 929 733 etiam
946 670 1051 732 auxilia
1066 669 1096 730 ab
1110 689 1150 729 nno

173 763 342 826 animalium
365 771 495 842 sperent.
535 777 589 832 cur
613 763 693 822 enim
715 779 776 822 non
799 761 836 822 ad
859 761 914 820 alia
936 763 1013 840 iere,
1034 768 1079 820 aut
1097 757 1151 818 unde

173 852 303 914 medicas
330 871 435 914 manus
462 851 591 914 hominis
619 847 741 912 sciunt?
786 852 845 911 nisi
867 850 944 910 forte
971 852 1016 910 vis
1041 848 1133 909 maiora

174 945 263 1002 otiam
285 943 364 1002 ieras
387 943 486 1002 omnia
508 941 639 1021 experiri
662 941 749 1019 cogit.

120 1048 154 1098 os
243 1025 299 1094 lt.
327 1031 428 1110 Aeque
447 1030 674 1108 memorandum
692 1029 777 1090 etde
795 1028 939 1108 panthera
958 1027 1047 1090 tradit
1063 1027 1142 1088 llenn

174 1122 267 1182 trius
290 1120 444 1202 physicus,
473 1123 620 1181 iacentem
643 1121 675 1180 in
697 1119 794 1180 media
816 1121 863 1179 via
889 1118 1018 1179 hominis
1040 1117 1142 1178 desideri

174 1218 298 1290 repente
321 1211 492 1289 apparuisse
515 1211 594 1290 patri
617 1209 771 1270 cuiusdam
794 1207 904 1270 Philini
929 1207 1111 1269 adsectatoris
1127 1223 1149 1264 sa

174 1301 311 1378 pientiae.
356 1297 439 1360 illum
462 1317 570 1379 pavore
599 1300 732 1378 coepisse
758 1297 890 1379 regredi,
917 1297 1014 1358 feram
1034 1314 1097 1357 vero
1119 1296 1150 1354 ch

175 1387 370 1449 cumvolutari
397 1407 458 1448 non
480 1387 570 1450 dubie
593 1387 793 1449 blandientem
822 1405 947 1466 seseque
970 1385 1152 1448 conflictante

67 1533 68 1539 ,
174 1494 308 1538 maerore
333 1479 384 1557 qui
408 1480 496 1538 etiam
518 1479 550 1538 in
572 1476 717 1557 panthera
738 1475 871 1556 intellegi
893 1485 1006 1556 posset.
1046 1476 1098 1536 ieta
1116 1491 1151 1533 era

122 1583 156 1633 60
176 1565 280 1628 catulis
307 1567 413 1646 procul
440 1569 472 1628 in
495 1567 610 1626 lorcam
632 1565 768 1646 delapsis.
813 1567 943 1646 primum
972 1583 1044 1644 ergo
1069 1565 1151 1626 misera

175 1658 264 1716 tionis
283 1655 339 1716 suit
362 1673 422 1718 non
441 1661 646 1736 expavescere,
669 1657 838 1735 proximrun
857 1663 887 1716 et
906 1674 1011 1718 curam
1029 1653 1131 1716 intende
1148 1678 1152 1705 ι

175 1752 355 1825 secutusque
380 1763 437 1824 qua
460 1743 597 1806 trahebat
618 1752 732 1806 vestem
754 1747 900 1824 unguium
922 1745 981 1806 levi
1003 1747 1117 1822 iniectu,
1139 1761 1152 1798 o

175 1853 294 1896 causam
317 1834 427 1895 doloris
451 1833 596 1896 intellexit
619 1833 769 1914 simulque
793 1833 897 1896 solutis
920 1853 994 1896 snae
1017 1833 1152 1894 mercede:

175 1927 285 1986 exemit
308 1923 433 2005 catulos,
457 1943 492 1984 ea
515 1943 583 1998 curn
605 1923 652 1984 his
672 1931 874 2004 prosequente
896 1942 996 2004 usque
1020 1931 1098 1984 extra
1116 1917 1146 1979 sol

176 2015 294 2096 tudines
317 2013 464 2075 deductus
484 2013 558 2074 laeta
583 2020 670 2093 atque
694 2015 851 2096 gestiente,
872 2021 907 2076 ut
925 2013 1013 2075 facile
1036 2029 1143 2094 appareo

176 2105 300 2181 gratiam
322 2104 436 2166 relerre
461 2111 491 2164 et
512 2101 585 2164 nihil
607 2105 639 2162 in
657 2105 752 2164 vicem
776 2106 922 2186 inputare,
945 2103 1030 2184 quod
1051 2101 1150 2164 etiami

25 2262 29 2272 .
176 2191 294 2254 homine
318 2211 420 2262 rarum
444 2201 497 2254 est.

123 2297 156 2348 61
244 2275 317 2364 (22)
348 2281 428 2343 Haec
452 2283 539 2343 iidem
563 2289 593 2342 ct
616 2269 822 2343 Democrito
846 2282 984 2344 adierunt
1009 2285 1061 2362 qui
1078 2281 1152 2340 Tboa

176 2379 237 2432 tem
258 2373 290 2432 in
307 2371 432 2433 Arcadia
455 2378 605 2432 servatum
627 2389 644 2430 a
667 2370 795 2432 dracone
819 2380 927 2434 nmrat.
956 2373 1104 2434 nutrierat
1119 2385 1147 2428 eo

175 2479 252 2540 puer
275 2460 414 2522 dilectum
439 2461 610 2542 admodum,
639 2477 809 2540 parensque
833 2463 981 2541 serpentis
1004 2469 1131 2524 naturam

175 2550 410 2630 magnitudinem
440 2557 576 2612 metuens
606 2551 638 2610 in
666 2548 841 2612 solitudines
870 2550 994 2632 tulerat,
1027 2554 1060 2612 in
1085 2547 1144 2628 quil

177 2641 379 2702 circumvento
411 2639 561 2702 latronum
592 2639 709 2700 insidiis
745 2643 904 2719 agnitoque
936 2657 1012 2701 voce
1050 2639 1146 2700 subroc

177 2747 245 2792 nam
264 2748 339 2808 quae
361 2730 397 2791 de
416 2729 579 2790 infantibus
598 2729 730 2790 terarum
747 2729 823 2790 laete
846 2731 966 2790 nutritis
971 2779 981 2812 ,
1005 2748 1076 2791 cnm
1093 2743 1146 2788 esse

79 2879 82 2889 ,
178 2820 317 2899 expositi,
344 2819 522 2900 produntur,
550 2820 628 2880 sicut
651 2817 687 2878 dc
712 2818 915 2881 conditoribus
940 2823 1056 2881 nostris
1079 2817 1137 2888 alu

178 2908 373 2986 magnitudini
397 2909 525 2970 latorum
554 2915 674 2988 accepta
696 2908 773 2970 ferri
799 2911 922 2988 aequius
950 2927 1042 2988 quarn
1066 2909 1148 2968 leraro

177 3002 301 3056 naturae
324 2996 460 3058 arbitror.

196 3291 201 3296 .
249 3245 318 3294 tae
338 3240 472 3296 ehenotar
488 3247 520 3296 B.
549 3242 650 3314 -notass
666 3247 690 3296 (i.
716 3243 720 3310 Ι
747 3241 861 3297 dionisii
877 3248 908 3296 B.
935 3243 940 3312 l
969 3258 1006 3296 ne
1023 3241 1068 3296 1².
1086 3253 1151 3296 ond

250 3319 266 3368 6
290 3311 402 3368 ferolt.
434 3313 510 3368 ferae
532 3314 568 3367 (1¹.
596 3313 654 3369 iero
672 3331 696 3368 r.
787 3319 820 3368 12
844 3314 933 3370 feram
954 3329 1023 3369 uem
1046 3309 1145 3366 wll

177 3386 273 3440 manen
290 3383 380 3440 feram
398 3390 423 3439 (1.
450 3387 547 3440 tamen
564 3385 624 3440 fero
642 3403 665 3440 r.
739 3390 773 3440 14
795 3387 892 3455 posset
907 3385 969 3441 mo.
996 3385 1048 3440 nii
1064 3401 1087 3440 r.

177 3471 213 3508 ea
231 3472 295 3509 cum
308 3455 353 3510 hie
368 3457 468 3511 Ianne.
493 3474 556 3511 cum
569 3456 614 3510 his
633 3455 670 3511 αἳ.
694 3473 757 3511 cem
775 3456 811 3511 iis
829 3457 873 3512 2¹.
900 3474 995 3512 eamus
1013 3463 1046 3511 Ι).
1069 3472 1125 3510 eam

144 3562 148 3570 ·
177 3540 232 3592 qne
246 3525 304 3580 e¹d
328 3543 392 3582 eam
405 3527 474 3580 Μ’.
499 3544 533 3592 ea
545 3544 633 3597 nsque
648 3545 712 3582 cum
725 3527 769 3582 his
783 3527 853 3584 noo.
870 3531 874 3600 l
890 3531 1076 3600 prosequente
1088 3523 1146 3579 nlo

178 3596 232 3647 -tes
251 3613 274 3648 r.
304 3599 308 3664 Ι
337 3615 425 3667 usque
444 3613 494 3652 om.
514 3603 538 3652 d.
620 3605 654 3652 30
673 3599 862 3669 magnitudini
879 3602 942 3656 1¹¹d.
970 3617 1016 3655 -ue
1035 3617 1059 3656 r.
1088 3601 1092 3666 l
1119 3597 1150 3649 b!

177 3681 241 3716 rum
258 3665 368 3722 P'affl'.
396 3669 519 3723 ferarum
537 3689 560 3725 r.
591 3672 594 3739 Ι
624 3670 692 3724 ferri
709 3687 733 3725 a.
761 3671 824 3726 fiori
842 3673 870 3728 tl.
