2302 3938
101 179 160 242 122
480 191 510 238 c.
527 191 623 238 emm
639 189 790 238 succum

97 347 282 427 Hipparchus
299 357 327 408 et
342 349 371 406 in
387 345 575 424 coarguendo
592 361 629 405 eo
646 354 676 404 et
691 347 719 404 iu
734 345 849 424 reliqua
865 345 943 404 omni
958 345 1111 422 diligentia

98 434 185 492 mirus
204 431 291 492 adicit
307 432 462 492 stadiorum
479 429 567 509 paulo
584 431 676 488 miuus
694 428 790 489 XXVI
807 428 845 488 Μ.

57 524 109 581 248
176 516 244 578 109.
271 516 337 576 Alia
362 514 571 590 Dionysodoro
600 513 684 573 lides.
715 533 812 594 neque
840 515 915 573 enim
942 513 1114 574 subtraham

99 600 264 679 exemplum
279 601 413 661 vanitatis
430 599 561 660 Graecae
589 597 743 657 maximum
781 597 887 658 hlelius
905 597 953 658 hic
970 597 1025 658 tuit
1038 617 1114 677 geo·

97 686 218 746 metrica
235 687 357 746 scientia
371 684 487 745 nobilis.
515 691 637 746 senecta
655 683 733 743 diem
755 682 871 742 obiitin
892 684 1004 761 patria,
1027 683 1137 744 lunusa

98 770 209 831 duxere
226 772 254 830 ei
269 771 452 850 propinquae
470 767 593 846 adquae
609 766 775 846 pertinebat
787 767 946 828 hereditas.
976 767 1117 828 haecum

99 856 208 914 secutis
225 855 327 915 diebus
343 856 417 914 iusta
432 861 626 931 peragerent,
653 854 802 912 invenisse
819 852 951 913 dicuntur
965 853 994 911 in
1011 853 1117 932 sepul·

99 937 170 998 chro
184 939 337 1017 epistulam
349 937 547 1013 Dionysodori
558 937 673 999 nomine
685 936 722 997 ad
734 953 860 1016 superos
873 937 1028 1016 scriptam:
1047 956 1118 1017 per-

98 1023 216 1082 venisse
239 1043 304 1084 eum
326 1041 342 1084 a
363 1021 521 1102 sepulchro
548 1021 585 1081 ad
610 1021 733 1081 inlimam
760 1030 876 1081 terram.
905 1039 973 1081 esse
998 1040 1036 1082 eo
1058 1032 1119 1082 sta-

100 1107 211 1168 diorum
233 1109 422 1189 quadragiuta
444 1107 500 1166 duo
523 1105 609 1166 milia.
637 1124 693 1166 nec
716 1105 840 1167 defuere
864 1115 1038 1184 geometrae
1067 1109 1150 1188 quim

98 1193 360 1272 interpretarentur
375 1191 541 1270 siguificare
558 1190 713 1269 epistulam
729 1209 745 1252 a
760 1191 857 1252 medio
880 1200 1023 1252 terrarum
1038 1193 1119 1252 orbe

99 1277 217 1337 missam
233 1295 291 1357 quo
313 1278 449 1338 deorsum
471 1274 507 1336 ab
532 1293 642 1335 summo
666 1274 866 1354 longissimum
884 1285 965 1336 esset
986 1279 1120 1356 spatium

101 1369 130 1420 et
148 1362 224 1422 idem
245 1362 325 1440 pilae
347 1362 481 1422 medium.
511 1377 549 1418 ex
571 1377 629 1439 quo
646 1370 805 1421 consecuta
828 1362 996 1440 conputatio
1020 1370 1121 1422 estut

101 1446 221 1506 circuitu
238 1465 307 1506 esse
324 1443 421 1506 cocu
436 1443 466 1504 hl
481 1443 638 1504 stadiorum
653 1447 881 1525 pronuntiarent.

162 1529 266 1612 (113.)
285 1529 459 1592 llarmonica
475 1528 566 1604 ratio,
590 1547 666 1609 quae
689 1531 769 1608 cogit
791 1548 886 1590 rerum
908 1538 1040 1590 naturam
1060 1531 1140 1592 sibit

100 1615 192 1693 ipsam
211 1633 390 1694 congruere,
414 1615 493 1676 addit
514 1612 581 1673 huic
601 1632 756 1676 mensurae
773 1614 930 1675 stadiorum
944 1612 1001 1678 XII
1021 1617 1120 1694 milia,

99 1707 264 1780 terramque
279 1701 497 1779 nonagesimam
513 1705 626 1758 sextam
649 1707 763 1776 partem
780 1702 867 1759 totius
883 1701 979 1761 mundi
994 1701 1085 1764 iacit.

503 1895 706 1904 ——u————

364 2035 398 2117 G.
433 2037 581 2122 Phllll
614 2037 841 2124 lutoldi

213 2190 590 2288 lllutltls
632 2193 1000 2304 lllllltltlltl

449 2360 651 2424 uacua
695 2359 759 2426 111.
872 2375 875 2378 ·
1135 2397 1148 2470 ²:

76 2642 89 2694 t
165 2626 236 2710 Cap.
257 2631 283 2690 1.
306 2629 452 2691 Hactenus
468 2632 505 2692 de
521 2633 576 2691 situ
592 2641 621 2692 et
637 2630 783 2692 miraculis
797 2638 894 2690 terrac
911 2647 1126 2711 aquarumque
1146 2655 1147 2664 ¹

105 2721 133 2772 et
149 2713 274 2775 siderum
290 2733 325 2776 ac
347 2717 460 2776 ratione
481 2717 677 2777 universitatis
697 2724 785 2796 atquc
802 2731 947 2775 mensura.
974 2733 1061 2775 nunc
1087 2717 1127 2776 de
1146 2677 1147 2768 b

105 2798 249 2876 partibus,
273 2818 444 2880 quamquam
460 2801 596 2861 inlinitum
612 2801 640 2862 id
657 2818 774 2880 quoqne
792 2797 972 2858 existimatur
996 2816 1062 2861 nec
1080 2809 1127 2861 te·
1139 2819 1146 2860 ’l

103 2900 183 2941 mere
199 2885 262 2942 sine
279 2885 373 2964 aliqua
385 2885 616 2964 reprehensione
627 2893 789 2961 tractatum,
806 2883 873 2944 baut
883 2888 944 2943 ullo
960 2889 990 2946 in
997 2903 1126 2962 genere
1145 2875 1146 2970 l

104 2968 187 3025 venia
203 2968 341 3044 iustiore,
360 2969 486 3031 simodo
510 2969 624 3030 minime
642 2969 743 3030 mirum
758 2977 803 3030 est
818 2966 962 3028 homiuem
981 2971 1127 3046 genitum

103 3065 161 3109 non
175 3053 269 3111 omnia
290 3051 411 3114 bumana
429 3055 558 3114 novisse.
590 3062 771 3134 quapropter
791 3061 940 3113 auctorem
962 3057 1127 3114 neminem

103 3151 188 3194 uuum
203 3151 326 3214 sequar,
353 3137 406 3200 sed
428 3147 459 3198 ut
476 3157 621 3218 quemque
643 3139 825 3199 verissimum
848 3138 876 3196 in
893 3155 1012 3216 quaque
1028 3147 1127 3218 parte

104 3218 283 3295 arbitrabor,
311 3223 445 3300 quoniam
471 3239 620 3284 commune
644 3223 737 3284 ferme
766 3221 898 3282 omnibus
927 3222 981 3282 luit
1005 3233 1037 3284 ut
1067 3241 1144 3284 eost

104 3304 227 3383 quisque
244 3305 681 3383 diligentissimesituusdiceret
701 3306 850 3387 inquibus
866 3309 932 3386 ipse
951 3307 1128 3385 prodebat.
1143 3297 1144 3378 l

75 3385 174 3452 tldeo
195 3407 251 3450 uec
268 3391 393 3471 culpabo
416 3401 464 3452 aut
487 3410 642 3470 coarguam
669 3409 853 3472 quemquam.
886 3391 1022 3452 locorum
1040 3395 1130 3454 nuda

104 3474 218 3534 nomina
237 3483 266 3534 et
284 3483 388 3556 quauta
405 3475 519 3539 dabitur
540 3477 683 3538 breuitate
706 3485 866 3558 ponentur,
894 3475 1028 3538 claritate
1051 3497 1131 3539 cau-
