2340 3934
137 189 180 252 92
484 185 513 240 C.
532 183 631 238 PLINI
650 181 806 237 SECUNDI

138 341 226 399 nimis
255 339 369 398 leroces
396 343 502 414 putant
529 337 623 416 gigni,
656 336 744 394 tertio
768 332 889 393 demum
917 331 1052 392 educant.
1095 330 1143 388 hor

137 427 217 490 idem
241 447 257 486 e
280 427 358 506 lupis
382 425 469 506 Galli,
501 443 630 504 qnorum
653 441 759 503 greges
788 440 876 482 suum
899 423 1027 500 quisque
1051 419 1144 480 ducto

139 536 203 578 rem
228 536 244 576 e
270 515 393 576 canibus
421 523 451 575 et
474 513 581 576 ducem
603 513 722 576 habent.
768 511 852 572 illurn
875 513 906 570 in
929 518 1038 570 venatu
1066 513 1144 570 comi·

139 615 255 687 tantur,
283 605 326 665 illi
347 613 462 684 parent.
510 622 637 682 namque
660 605 740 664 inter
763 621 795 662 se
819 609 961 661 exercent
984 601 1075 660 etiam
1097 618 1146 658 ma·

140 698 268 776 gistcria.
298 728 342 736 -
369 687 506 776 (Certum
535 700 581 754 est
607 693 688 754 iuxta
715 691 816 751 Nilum
850 708 968 750 amnem
1000 699 1147 750 currentes

139 783 284 864 lambere,
307 802 344 843 ne
366 782 584 844 crocodilorum
607 781 739 842 aviditati
762 782 949 841 occasionem
972 778 1160 859 praebeant'n

88 887 191 934 149-
220 871 333 932 lndiam
359 875 473 951 petenti
501 871 666 932 Alexandro
694 869 799 951 Magno
829 889 883 930 rex
911 868 1054 930 Albaniae
1083 869 1149 928 dorio

141 962 263 1023 dederat
292 963 449 1022 inusitatae
482 961 693 1040 magnitudinis
722 977 830 1040 unum,
862 961 947 1020 cuius
978 961 1081 1038 specie
1110 957 1149 1016 de-

141 1052 266 1111 lectatus
295 1051 383 1110 iussit
409 1068 510 1132 ursos,
540 1069 609 1112 mox
637 1069 725 1130 apros
753 1058 784 1110 et
807 1049 912 1110 deinde
936 1049 1041 1108 damas
1068 1049 1150 1108 emitti

141 1147 315 1218 contemptu
337 1139 471 1200 inmobili
490 1143 605 1200 iacente
629 1159 674 1220 eo,
698 1158 759 1218 quo
784 1140 909 1218 segnitia
926 1141 1002 1198 tanti
1027 1139 1161 1216 corporis

142 1231 273 1290 ollcnsns
301 1231 462 1308 imperator
489 1231 628 1308 generosi
656 1230 780 1308 spiritus
808 1229 939 1288 interimi
967 1246 1040 1290 eum
1069 1229 1152 1288 iussit.

142 1321 288 1380 nuntiavit
314 1318 371 1378 hoc
400 1318 476 1378 lama
503 1320 575 1396 regi.
621 1321 720 1397 itaque
750 1317 875 1378 alterum
903 1319 1027 1377 mittens
1052 1316 1152 1376 addidit

142 1407 291 1489 mandata,
325 1426 362 1467 ne
390 1410 421 1467 in
444 1409 542 1487 parvis
571 1409 700 1486 experiri
723 1407 826 1488 vellet,
852 1406 904 1466 scd
932 1408 964 1466 in
987 1405 1077 1467 leone
1105 1406 1162 1480 elo

142 1499 298 1579 phantove.
353 1496 428 1556 duos
465 1496 520 1556 sibi
554 1497 660 1577 fuisse,
696 1496 753 1556 hoc
790 1498 969 1575 interempto
1005 1487 1162 1574 praeterea

91 1599 142 1648 150
152 1587 265 1650 nullum
290 1588 363 1647 lore.
409 1604 464 1646 nec
488 1585 602 1646 distulit
625 1585 803 1665 Alexander,
833 1585 1009 1664 leonemque
1036 1586 1154 1645 fractum

143 1679 280 1757 protinus
304 1675 384 1736 vidit.
414 1682 518 1755 postea
541 1675 732 1754 elephantum
754 1677 841 1735 iussit
863 1674 978 1756 induci,
1000 1674 1084 1735 haud
1107 1673 1154 1734 alio

144 1768 236 1845 magis
264 1765 435 1846 spectaculo
462 1764 595 1825 laetatus.
644 1763 837 1826 horrentibus
865 1767 975 1844 quippe
1003 1764 1083 1826 villis
1109 1783 1154 1844 prr

144 1863 240 1916 totum
270 1873 379 1934 corpus
409 1856 523 1934 ingenti
550 1857 680 1933 primum
711 1853 817 1914 latratu
846 1855 989 1934 intonuit,
1021 1873 1093 1914 mox
1119 1855 1152 1912 in·

146 1947 264 2006 cessivit
296 1943 447 2004 adsultans
479 1952 642 2023 contraque
672 1943 805 2004 membra
837 1961 1002 2022 exsurgens
1033 1943 1104 2004 hinc
1131 1958 1154 2000 n

144 2033 224 2094 illinc
247 2034 353 2094 artifici
372 2033 560 2126 dimigatione
585 2052 642 2112 qua
666 2033 791 2092 maxime
815 2051 891 2112 opus
915 2040 994 2094 esset
1016 2034 1156 2094 infestans

145 2130 234 2200 atque
257 2125 383 2204 evitanS,
409 2123 504 2184 donec
527 2122 649 2184 adsidua
672 2129 801 2183 rotatum
823 2125 967 2201 vertigine
991 2121 1106 2182 adflixit
1127 2123 1164 2180 ad

145 2229 247 2271 casum
270 2213 334 2272 eius
358 2211 465 2274 tellure
489 2231 643 2286 concussa.

93 2312 141 2360 151
212 2293 286 2383 (62)
310 2299 422 2362 Canum
445 2303 549 2380 generi
571 2301 619 2362 bis
643 2319 719 2362 anno
742 2309 854 2381 partus.
884 2303 962 2362 iusta
985 2300 1022 2362 ed
1045 2305 1156 2382 parien-

146 2389 216 2450 dum
235 2407 332 2450 annua
351 2398 439 2450 aetas.
467 2399 576 2470 gerunt
590 2399 710 2452 uterum
727 2393 881 2470 sexagenis
895 2390 1008 2452 diebus.
1037 2394 1156 2472 gignunt

145 2497 263 2560 caecos,
293 2486 323 2539 et
347 2498 405 2559 qno
428 2480 556 2560 largiore
579 2481 700 2542 aluntur
722 2480 798 2541 lacte
823 2499 858 2541 eo
881 2481 1045 2542 tardiorem
1068 2484 1156 2542 visun

145 2571 307 2650 accipiunt,
338 2587 398 2630 non
421 2578 520 2632 tamen
548 2589 689 2650 umquam
716 2570 795 2632 ultra
818 2585 881 2632 xxi
905 2570 982 2631 diem
1008 2589 1068 2632 nec
1095 2581 1156 2632 auto

146 2661 313 2739 septimum.
360 2660 480 2739 quidam
507 2659 642 2741 tradunt,
672 2663 697 2720 si
725 2678 804 2721 unus
831 2662 982 2741 gignatur,
1010 2679 1091 2720 nono
1114 2662 1156 2720 dir

146 2767 284 2830 cernere,
317 2751 342 2810 si
372 2752 494 2830 gemini,
527 2748 666 2831 decumo,
699 2751 829 2828 itemque
861 2751 892 2810 in
921 2749 1055 2829 singulos
1087 2749 1155 2808 adiri

146 2839 270 2899 totidem
291 2838 439 2900 tarditatis
463 2839 499 2900 ad
517 2839 615 2900 lucem
634 2838 710 2921 dies,
734 2847 764 2900 et
786 2838 822 2900 ab
844 2857 972 2919 eaquae
995 2841 1035 2900 sit
1053 2840 1156 2900 lemine

147 2946 182 2987 ex
210 2929 369 3006 primipara
397 2931 496 3009 genita
519 2928 636 2989 Faunos
665 2931 756 2989 cerni.
802 2930 932 3008 optimus
960 2931 991 2989 in
1018 2929 1084 2990 ictu
1109 2931 1154 3006 qni

218 3123 352 3190 igreges
371 3119 448 3173 Fidi.
476 3136 539 3190 gres
558 3136 581 3174 r.
650 3125 702 3190 bd
720 3133 805 3173 uncos
823 3133 870 3189 eqo
884 3119 974 3188 posui.
1045 3125 1079 3174 10
1097 3135 1154 3172 eon-

145 3191 256 3260 tempbu
277 3191 347 3246 ΡΒ.
377 3191 460 3261 -ptim
483 3191 544 3245 ⁸²1⁸.
575 3189 685 3260 -pnenti
708 3189 746 3244 ⁸¹.
775 3189 830 3260 -pti
852 3207 875 3244 r.
910 3192 915 3259 Ι
947 3207 1004 3260 qua
1023 3196 1076 3246 oet.
1092 3189 1153 3244 Dal.

147 3279 200 3332 que
220 3281 244 3315 o.
272 3279 327 3330 quo
346 3281 369 3317 r.
444 3267 477 3317 18
495 3261 645 3332 ingentii.
674 3261 786 3332 urgenti
803 3279 828 3316 e.
859 3262 990 3332 urguenti
1006 3279 1029 3317 r.
1055 3265 1061 3331 Ι
1084 3278 1153 3316 mox-

146 3351 201 3403 que
219 3338 272 3388 ud.
329 3340 370 3389 18.
383 3341 415 3388 19
433 3333 578 3390 incessivib
595 3349 642 3404 eqo
659 3349 720 3388 nov.
738 3335 790 3388 lue.
804 3338 890 3402 p.94.
915 3333 1035 3389 inoenub
1051 3334 1152 3386 ΜΨ.

145 3405 266 3460 increuit
287 3406 350 3461 rld.
378 3405 519 3460 inhorruit
540 3405 584 3459 Iti.
609 3405 640 3458 in
659 3404 797 3460 ceruicem
816 3423 840 3459 a.
928 3411 960 3460 19
985 3405 1107 3459 membra
1126 3405 1150 3454 ll.

146 3477 260 3531 beluam
277 3477 375 3532 Plelo.
404 3478 453 3545 cfr.
469 3477 556 3532 Solio.
571 3482 615 3545 15,
626 3482 652 3532 7.
714 3483 747 3530 21
766 3479 891 3531 rotatum
910 3477 967 3532 edd.
988 3481 1051 3532 oute
1067 3476 1149 3530 Hard.

147 3550 190 3600 -tu
208 3548 246 3600 ι’.
270 3549 312 3602 -te
329 3565 352 3604 r.
410 3555 443 3602 23
462 3549 558 3618 generi
576 3547 620 3602 bis
639 3547 731 3603 Hord.
757 3548 905 3618 generibus
924 3549 952 3604 ll.
1007 3554 1040 3604 26
1058 3547 1106 3600 XX
1120 3551 1149 3598 tt.

169 3659 172 3666 .
219 3621 253 3670 28
271 3618 395 3687 itemque
410 3619 471 3674 snt.
491 3619 621 3686 idemque
636 3619 663 3673 ll.
720 3625 753 3673 29
767 3620 887 3675 totidem
901 3620 962 3676 Sin.
987 3619 1109 3688 -demque
1124 3617 1148 3668 n.

220 3692 254 3739 30
272 3687 371 3743 faunos
390 3695 418 3742 r.
447 3689 536 3744 flunos
555 3695 606 3742 Μ.
635 3690 725 3743 flnuos
743 3695 774 3743 R.
804 3691 901 3745 clunos
920 3711 944 3746 a.
