2302 3938
133 219 193 285 138
474 233 507 284 o.
528 233 625 282 surm
647 231 796 282 saeuum

101 431 104 436 -
134 390 330 471 appellamus,
351 397 453 470 portus
468 387 620 464 Herculis,
642 385 790 448 Metaurus
814 386 930 463 amnis,¹
946 383 1145 446 Tauroentum

134 476 282 556 oppidum,
297 483 400 556 portus
413 473 527 536 Orestis
544 481 575 534 et
585 471 708 534 Medma.
735 470 870 550 oppidum
884 469 1063 546 Scyllaeum,
1077 467 1147 528 Gra·

134 563 209 622 taeis
225 559 346 637 tluvius,
362 567 455 620 mater
474 560 521 638 (ut
545 557 664 636 dixere)
681 555 805 632 Scyllae.
838 553 906 617 dein
928 552 1071 616 Columna
1087 551 1147 612 lle·

134 646 198 722 gia,
222 644 347 705 Siculum
368 645 474 705 fretum
497 661 531 704 ac
551 641 608 702 duo
629 641 752 702 adversa
767 641 984 720 promunturia,
1007 657 1047 700 ex
1062 637 1146 697 ltalia

136 726 269 806 Caenus,
294 727 428 789 eSicilia
446 726 604 805 Pelorum,
621 723 772 787 duodecim
793 724 951 786 stadiorum
974 721 1148 796 intervallo,

92 821 125 872 74
139 813 212 874 unde
227 814 350 891 Regium
365 810 467 874 xcllt.
512 811 583 872 lnde
598 809 765 890 Appennini
789 809 862 870 silva
877 809 955 886 Sila,
975 817 1148 888 promuntu-

134 899 207 972 rium
222 897 406 976 Leucopetra
424 895 475 956 XV
491 895 521 956 Μ
535 914 632 975 pass,
647 895 683 956 ab
705 912 739 955 ea
755 892 791 954 Ll
804 893 890 954 Locri
907 895 1111 971 cognominati
1135 911 1150 950 a

135 983 336 1062 promunturio
352 980 518 1060 Zephyrio,
534 981 638 1042 absunt
659 997 674 1039 a
692 977 789 1040 Silero
812 975 972 1040 cccltlot
996 995 1139 1058 passuum

138 1075 169 1126 et
185 1065 339 1126 includitur
356 1064 493 1145 Europae
514 1067 593 1126 sinus
611 1065 730 1144 primus.
774 1061 808 1124 ln
824 1081 861 1125 eo
877 1065 965 1124 maria
980 1075 1140 1140 nuncupas

137 1161 193 1227 tur,
209 1150 284 1210 unde
299 1152 447 1230 inrumpit,
464 1149 650 1228 Atlanticum,
668 1147 786 1210 ab'aliis
800 1165 941 1226 magnum.
971 1165 1030 1226 qua
1048 1149 1141 1206 intrat

136 1234 289 1296 Porthmos
306 1253 322 1294 a
337 1233 468 1313 Graecis,
484 1252 500 1294 a
515 1233 601 1294 nobis
617 1230 785 1294 Gaditanum
799 1233 913 1292 fretum.
937 1251 1001 1292 cum
1014 1233 1142 1292 intravit

135 1317 292 1398 Hispanum
313 1328 455 1398 quatenus
477 1317 630 1397 Hispanias
650 1317 739 1378 adluit
759 1317 795 1378 ab
816 1317 882 1377 aliis
904 1315 1079 1378 llibericum
1104 1335 1151 1374 au

135 1403 318 1480 Baliaricum,
333 1421 402 1463 mox
415 1401 554 1464 Gallicum
567 1410 634 1462 ante
646 1401 866 1462 Narbonensem
876 1401 1074 1481 provinciam,
1088 1400 1151 1460 bin

94 1486 324 1564 teligusticum
340 1487 375 1548 ab
389 1505 426 1548 eo
443 1487 478 1548 ad
491 1485 617 1548 Siciliam
632 1486 753 1548 insulam
766 1485 900 1564 Tuscum,
916 1485 992 1566 quod
1007 1504 1049 1546 ex
1063 1484 1144 1545 Grae

137 1573 179 1632 eis
200 1571 249 1632 alii
273 1569 391 1632 Notium
412 1572 460 1632 alii
483 1571 681 1649 Tyrrhenum,
711 1590 727 1631 e
750 1572 859 1632 nostris
882 1571 996 1650 plurimi
1022 1572 1127 1630 infern

138 1665 252 1716 vocant.
278 1656 353 1718 ultra
371 1657 499 1718 Siciliam
514 1656 593 1736 quod
608 1655 704 1718 estad
720 1655 898 1716 Sallentinos
914 1655 1085 1716 Ausonium
1100 1655 1143 1714 Po

137 1741 233 1818 lybios
257 1741 404 1821 appellat,
420 1740 633 1803 Eratosthenes
655 1747 748 1802 autem
770 1741 847 1803 inter
865 1744 969 1802 ostium
989 1743 1104 1801 oceani
1130 1760 1145 1798 e

139 1824 298 1886 Sardiniam
311 1827 446 1906 quicquid
461 1835 508 1888 ast
519 1825 670 1906 Sardoum,
684 1826 752 1888 inde
764 1825 800 1886 ad
815 1825 940 1886 Siciliam
952 1823 1146 1901 Tyrrhenum

138 1911 173 1970 ab
190 1910 244 1970 bac
261 1908 377 1972 Cretam
393 1930 485 1991 usque
501 1909 637 1990 Siculum,
653 1910 688 1970 ab
708 1928 742 1970 ea
758 1908 912 1972 Creticum.

95 2010 129 2060 76
202 1993 287 2074 (11.)
313 1995 429 2056 lnsulae
457 2014 511 2074 per
536 1995 610 2057 haec
632 1996 721 2055 maria
744 1996 854 2074 primae
880 1995 1005 2056 omnium
1034 1993 1150 2073 Pityus

139 2096 189 2140 sae
213 2097 228 2138 a
251 2077 371 2140 Graecis
392 2079 487 2140 diotae
515 2099 531 2140 a
558 2081 664 2142 irutioe
685 2082 785 2159 pineo.
830 2099 905 2141 nunc
923 2079 1042 2140 Ebusus
1069 2100 1148 2140 voca

140 2171 186 2222 tur
203 2171 342 2239 utraque,
365 2165 485 2225 civitate
505 2163 675 2242 foederata,
701 2173 825 2242 angusto
847 2165 924 2226 freto
947 2163 1149 2238 interfluente

139 2254 240 2324 patent
253 2245 391 2308 xtvlltl
411 2267 506 2327 pass,
529 2249 633 2310 absunt
651 2267 667 2308 a
688 2248 792 2310 Dianio
815 2251 1012 2329 septingentis
1034 2252 1133 2312 stadii

140 2331 261 2392 totidem
273 2330 405 2392 Dianium
421 2351 475 2412 per
490 2335 688 2394 continentem
702 2352 718 2394 a
734 2331 910 2413 Carthagine
924 2351 1010 2395 nova.
1034 2341 1148 2398 tantun

140 2415 205 2476 dem
223 2434 239 2475 a
254 2414 398 2493 Pityussis
417 2419 446 2478 in
460 2418 546 2478 altum
565 2417 696 2480 Baliares
715 2418 788 2482 duae
809 2429 840 2481 et
859 2417 1021 2480 Sucronem
1042 2425 1148 2492 versut

95 2504 128 2554 77
142 2496 322 2564 Colubraria.
360 2501 490 2562 Baliares
511 2503 597 2562 lunda
620 2501 778 2564 bellicosas
796 2504 899 2566 Graeci
914 2501 1097 2581 Gymnasias
1122 2508 1147 2584 di

138 2603 220 2647 xero.
265 2588 357 2646 maior
373 2595 488 2646 centurn
504 2585 715 2664 mil-passuum
737 2597 784 2648 est
803 2589 1002 2666 longitudine,
1025 2591 1147 2672 circuiti

138 2689 210 2732 vero
228 2667 435 2732 CCCCLXXV
449 2669 489 2732 Μ.
521 2670 627 2750 oppida
643 2671 732 2732 habet
747 2675 851 2733 civium
868 2671 1075 2734 Rornanorum
1097 2676 1146 2752 Pal

137 2773 210 2816 mam
232 2764 262 2816 et
278 2754 466 2833 Pollentiam,
481 2754 581 2816 Latina
597 2753 709 2816 Cinium
730 2765 761 2816 et
776 2757 891 2837 Tucim,
910 2767 940 2818 et
962 2757 1146 2850 foederatnp

138 2837 318 2900 Bocchorum
334 2840 398 2902 luit.
442 2841 478 2900 ab
498 2859 533 2900 ea
548 2839 633 2900 XXX
646 2839 676 2900 Μ
693 2859 768 2920 pass.
788 2842 875 2903 distat
894 2843 1004 2917 minor,
1021 2843 1134 2923 longit

138 2922 205 2982 dine
221 2921 271 2982 xt
286 2922 333 2999 Μ,
355 2925 477 2985 circuitu
494 2922 539 2985 ct
554 2923 584 2984 Μ
603 2943 683 3003 pass.
730 2927 864 2988 ciuitates
880 2926 970 2987 habet
985 2925 1123 2990 bairone

96 3013 129 3065 78
142 3005 318 3084 Saniseram,
333 3005 497 3086 Magonem.
531 3009 683 3070 Amaiore
700 3008 756 3070 Xll
770 3010 800 3070 Μ
816 3029 892 3090 pass.
910 3013 940 3072 in
958 3011 1049 3072 altum
1071 3017 1144 3086 aber

140 3089 279 3171 Capraria
293 3092 432 3153 insidiosa
448 3093 622 3172 naufragiis,
638 3103 669 3154 et
684 3114 702 3155 e
719 3097 844 3174 regione
859 3095 975 3158 Palmae
989 3098 1082 3158 urbis
1101 3089 1144 3250 Μ]

138 3177 237 3235 nariae
249 3193 283 3234 ac
295 3174 439 3255 Tiquadra
454 3185 485 3238 et
496 3195 585 3257 parva
599 3176 775 3241 Hannibalis.
793 3179 885 3240 Ebusi
898 3188 977 3242 terra
988 3197 1130 3262 serpent

138 3261 238 3338 iugat,
256 3257 447 3322 Colubrariae
463 3263 556 3341 parit,
580 3263 647 3324 ideo
668 3264 775 3326 infesta
791 3264 922 3326 omnibus
938 3267 997 3326 nisi
1013 3255 1143 3418 Ebusip

141 3361 204 3404 nam
219 3353 325 3404 terram
342 3345 544 3408 inferentibus,
575 3346 679 3408 Graeci
694 3346 867 3427 Ophiussam
881 3349 995 3413 dixere.
1030 3371 1098 3415 nec
1117 3377 1135 3418 c

95 3435 130 3490 aa
141 3428 253 3490 niculos
261 3426 378 3491 Ebusus
389 3431 484 3509 gignit
496 3432 670 3512 populantes
679 3432 833 3494 Baliarium
847 3453 971 3496 messes.
987 3435 1069 3498 Sunt
1083 3443 1114 3500 al

139 3512 196 3574 XX
213 3515 305 3576 ferme
320 3533 430 3596 parvae
444 3517 515 3578 mari
532 3517 654 3598 vadoso,
670 3515 780 3580 Galliae
796 3529 891 3582 autem
907 3538 958 3582 ora
970 3522 1001 3582 in
1017 3521 1093 3585 ero
1116 3531 1117 3540 ’
