2572 3936
375 167 755 223 11111111111311-33
776 168 902 238 (ee-52)
964 209 966 216 ,
1044 181 1052 194 ·
1085 165 1145 232 137

131 321 212 382 riore
234 319 376 380 inmobili.
402 319 569 380 ‘dexterum
591 317 766 380 bracchium
780 316 918 379 omnibns
942 319 1044 379 maius
1082 321 1146 380 uni·
1165 332 1200 383 98

131 411 210 470 versi
234 409 391 489 aliquando
415 416 642 487 congregantur.
688 427 722 469 os
745 407 834 468 Ponti
856 409 993 468 evincere
1017 427 1076 468 uon
1099 428 1147 469 ra-

131 500 202 581 lent,
226 497 419 578 quamobrem
434 499 545 577 egressi
564 499 752 558 circumeunt
766 504 947 577 apparetque
962 499 1067 559 tritum
1080 501 1147 562 iter.

131 587 303 669 pinotheras
326 595 450 649 vocatur
473 589 614 648 minimus
638 605 675 647 ex
698 587 778 648 omui
801 603 924 667 genere,
950 587 1016 648 ideo
1040 606 1146 669 oppor-

104 687 223 740 atunus
247 679 382 739 iniuriae.
418 677 489 737 huic
508 675 639 736 sollertia
662 684 708 737 est
725 678 858 737 inanium
876 684 1044 737 ostrearum
1062 681 1148 740 testis

132 787 164 829 se
197 765 325 828 condere
359 775 402 848 et,
435 783 504 827 cum
536 768 712 847 accreverit,
744 768 871 844 migrare
906 768 937 826 in
970 769 1147 846 capaciores.

132 857 233 917 cancri
260 858 292 916 in
314 872 422 936 pavore
451 864 482 916 et
504 857 631 915 retrorsi
658 857 723 935 pari
746 854 899 916 velocitate
923 855 1058 917 redeunt.
1105 858 1147 919 di·
1166 867 1200 916 99

132 945 243 1006 micant
270 947 350 1006 iuter
373 963 405 1005 se
432 951 472 1025 ut
490 946 599 1005 arietes
627 944 758 1004 adversis
782 943 923 1005 cornibus
951 947 1147 1008 incursantes.

133 1043 238 1096 contra
267 1035 452 1115 serpentium
481 1036 560 1094 ictus
590 1034 757 1094 medentur.
808 1032 869 1092 sole
900 1037 1000 1094 canori
1030 1037 1147 1114 signum

92 1139 119 1180 ιο
132 1132 307 1186 transeunte
330 1125 474 1206 ipsorum,
497 1141 566 1184 cum
590 1124 748 1183 exanimati
767 1124 835 1202 sint,
859 1137 968 1202 corpus
991 1125 1148 1204 transliga-

132 1215 193 1274 rari
220 1215 251 1273 in
280 1215 453 1293 scorpiones
481 1221 620 1274 narratur
648 1213 679 1272 iu
706 1213 794 1272 sicco.
833 1229 877 1271 111
902 1210 1006 1272 eodem
1028 1231 1138 1292 genere
1149 1223 1201 1273 100

133 1311 203 1364 sunt
230 1302 329 1363 echini
346 1299 465 1382 ,quibus
493 1304 596 1381 spinae
624 1320 679 1382 pro
707 1299 842 1380 pedibus
888 1301 1004 1380 ingredi
1032 1309 1077 1363 est
1101 1303 1148 1364 his

131 1394 166 1452 in*
187 1391 292 1452 orbem
314 1391 403 1473 volvi,
433 1393 533 1470 itaque
557 1378 676 1452 detritis
702 1406 790 1470 saepe
813 1388 924 1450 aculeis
947 1391 1148 1454 inveniuntur.

133 1497 170 1541 ex
196 1481 244 1542 his
272 1481 491 1542 echinometrae
519 1479 705 1562 appellantur
733 1497 861 1560 quorum
889 1481 989 1559 spinae
1013 1481 1148 1560 longissi-

93 1585 211 1650 15111111,
244 1563 359 1652 calyces
386 1572 508 1632 minimi.
555 1589 611 1631 nec
642 1567 787 1630 omnibus·
807 1569 886 1629 idem
916 1571 1029 1630 vitreus
1059 1570 1148 1631 colos

134 1661 213 1720 cirea
228 1649 367 1720 Toronen
391 1659 507 1720 candidi
525 1667 691 1720 nascuntur
707 1661 792 1740 spina
809 1675 907 1739 parva.
944 1677 998 1719 ora
1017 1662 1150 1721 onmium
1178 1709 1181 1714 .

134 1765 245 1830 amara,
275 1751 366 1828 quina
389 1767 523 1810 ntrmero.
569 1767 621 1810 ora
648 1751 680 1810 in
709 1748 807 1809 medio
831 1765 957 1827 corpore
985 1751 1150 1810 interram

133 1851 239 1918 versa
272 1837 395 1900 uadunt
422 1840 573 1900 saevitiam
601 1841 691 1900 maris
719 1839 888 1917 praesagire
915 1855 966 1898 eos
990 1841 1149 1918 'correptis

135 1945 193 2008 que
217 1929 354 2008 opperiri
372 1927 478 2008 lapillis
501 1927 695 1989 mobilitatem
716 1927 847 2007 pondere
867 1925 1059 1988 stabilientes.
1097 1937 1148 1988 no-

94 2031 121 2072 ao
135 2017 201 2078 lunt
224 2015 404 2078 volutatione
428 2020 527 2098 spinas
551 2025 689 2079 atterere.
727 2017 806 2097 quod
829 2013 881 2078 ubi
904 2016 1005 2077 videre
1028 2019 1149 2099 nautici,

134 2107 234 2167 statim
257 2105 394 2186 pluribus
417 2107 555 2168 anchoris
578 2110 693 2186 navigia
716 2105 875 2168 infrenant.

202 2187 258 2258 32.
291 2195 325 2256 ln
349 2197 453 2257 eodem
476 2213 585 2277 genere
613 2197 730 2257 cocleae
753 2195 897 2275 aquatiles
920 2202 1138 2276 terrestresque
1150 2205 1200 2256 101

135 2289 308 2346 exserentes
336 2301 368 2345 se
392 2285 541 2346 domicilio
565 2285 693 2366 binaque
722 2302 777 2366 ceu
801 2301 914 2347 cornua
935 2287 1149 2364 protendentes

135 2373 414 2453 contrahentesque.
469 2375 563 2436 oculis
594 2384 710 2457 carent,
744 2375 844 2454 itaque
875 2374 1035 2436 corniculis
1065 2393 1148 2455 prae·
1222 2395 1226 2404 ·

94 2477 120 2518 aa
134 2467 280 2543 temptant
302 2459 368 2524 iter.

202 2547 261 2614 ab.
284 2551 423 2612 Pectines
446 2555 477 2612 in
500 2555 575 2613 mari
598 2571 635 2612 ex
659 2554 762 2614 eodem
786 2571 895 2634 genere
919 2551 1075 2636 habentur,
1103 2572 1154 2614 11--

135 2641 247 2703 conditi
270 2649 301 2702 et
323 2641 380 2722 ipsi
403 2644 518 2721 magnis
542 2641 703 2721 frigoribus
726 2661 760 2703 ac
783 2645 897 2722 magnis
921 2640 1065 2723 aestibus,
1094 2661 1148 2702 un-

134 2748 267 2812 guesque
286 2731 368 2792 velut
386 2732 454 2810 igne
474 2731 608 2792 lucentes
628 2733 657 2792 in
677 2731 818 2814 tenebris,
842 2734 931 2793 etiarn
949 2733 980 2791 in
997 2749 1048 2791 ore
1068 2749 1148 2791 mau-

135 2821 277 2883 dentium.

95 2925 121 2966 eo
202 2903 276 2994 (52)
320 2909 475 2971 Firmioris
512 2911 570 2971 iam
608 2917 701 2970 testae
739 2912 868 2970 murices
901 2917 931 2970 et
967 2906 1200 2971 concharnmtoa

134 3017 253 3082 genera,
276 2999 307 3060 in
323 2999 433 3079 quibus'
447 3017 551 3078 magna
565 2998 696 3059 ludentis
716 3006 837 3059 naturae
852 3000 986 3072 varietas.
1034 3006 1077 3060 tot
1100 3018 1148 3060 co-

134 3090 232 3150 lorum
255 3088 449 3170 differentiae,
472 3094 517 3149 tot
540 3089 651 3167 figurae
673 3087 779 3169 planis,
802 3089 951 3169 concaua,
974 3087 1082 3170 longis,
1106 3089 1149 3150 lu·

206 3319 224 3368 4
242 3316 339 3368 autem
356 3315 474 3370 uocatur
490 3313 567 3383 lt(?).
591 3317 595 3383 Ι
619 3313 695 3369 omni
712 3319 764 3368 Bc.
793 3313 883 3368 nium
901 3315 974 3367 1111.
1007 3313 1149 3370 ·niium1‘.

135 3385 178 3441 -ni
196 3401 293 3441 corum
312 3385 382 3440 coni.
401 3383 473 3440 Doti.
561 3389 635 3440 tao
652 3383 807 3440 recedunt?
894 3391 928 3440 10
944 3383 1070 3456 ipsorum
1088 3387 1150 3442 siti.

135 3461 165 3514 11
181 3457 238 3530 ips·
257 3451 315 3512 tto.
342 3459 346 3526 Ι
371 3459 437 3511 sunt
453 3459 485 3511 B.
513 3457 551 3510 sib
569 3460 593 3510 1.
653 3456 753 3512 111011
776 3457 886 3512 'ssimae
906 3457 1002 3528 spinae
1019 3456 1096 3526 319).

136 3535 170 3586 16
188 3531 307 3585 toronen
324 3533 377 3583 111,
403 3544 479 3582 -aem
497 3545 520 3582 r.
582 3531 614 3582 18
634 3545 715 3584 uersa
732 3535 756 3582 lt
774 3527 811 3584 α’.
836 3531 925 3584 -1111111
936 3529 1002 3583 au.
1026 3531 1115 3586 -rbanb
1126 3547 1149 3586 r.

137 3601 252 3674 imagis
270 3599 382 3656 urani.
402 3615 453 3655 om.
472 3599 510 3653 (1¹.
600 3604 634 3654 23
655 3615 758 3654 cornua
776 3605 822 3656 do.
855 3619 923 3656 -uua
941 3617 997 3670 qua
1015 3599 1052 3656 αἱ.
1082 3619 1146 3656 -1111ο

134 3689 206 3744 quae
226 3673 263 3728 cl.
293 3688 396 3742 -nuquc
414 3671 459 3726 ι’.
492 3686 614 3740 nanque
632 3687 655 3725 r.
