2364 3930
155 137 195 201 17
199 137 217 201 8
504 135 533 192 O.
551 136 651 192 PLINI
670 135 827 193 securint

153 286 298 350 anniculis
316 287 347 347 in
366 285 441 348 ebtrr
463 287 701 368 transfiguratur,
720 285 871 348 dumtaxat
892 283 1032 345 maribus.
1066 282 1151 344 turdis

153 375 235 438 color
258 383 369 436 aestate
392 377 471 436 circa
494 378 641 436 cervicem
663 377 776 455 varius,
799 373 895 434 hieme
920 372 1067 434 concolor.

99 472 132 522 81
220 457 294 546 (43)
322 463 469 524 Lusciniis
492 463 596 525 diebus
624 483 658 524 ac
685 462 823 525 noctibus
852 464 1001 523 continuis
1023 477 1073 523 xv
1099 479 1153 541 gar·

153 553 237 614 rrrlus
255 555 319 612 sine
337 554 509 614 intermissu
528 560 633 614 cantus
651 552 793 613 densante
812 570 844 612 se
859 551 1009 613 frondium
1023 553 1155 632 germine,

153 643 267 703 nonin
289 643 482 703 novissimum
505 641 592 721 digna
614 643 723 702 miratu
747 659 807 702 avc.
852 643 983 720 primurn
1003 647 1086 702 tanta
1107 655 1172 698 vora

152 739 214 792 tam
239 747 330 809 parvo
356 733 388 790 in
416 730 607 812 corpuscrdo,
639 737 699 791 tarn
726 731 862 809 pertinax
889 732 1027 810 spiritus3
1059 728 1154 789 deinde

152 821 184 879 in
207 837 265 878 una
288 819 420 898 perfecta
442 821 556 880 musica
579 821 714 880 scientia:
751 818 918 878 modulatus
946 818 1048 878 editur
1075 833 1155 877 sonus

153 915 184 968 et
201 925 282 967 nunc
300 909 442 968 continno
461 910 569 988 spiritu
587 907 716 968 trahitur
734 909 765 968 in
783 906 914 988 longum,
936 925 1016 967 nunc
1037 908 1155 966 variatur

100 1003 134 1056 82
152 995 271 1077 inflexo,
293 1013 374 1057 nunc
397 997 590 1075 distinguitur
613 997 746 1077 conciso,
770 995 926 1075 copulatur
947 997 1076 1076 intorto,
1098 1009 1155 1073 pro-

152 1085 282 1146 mittitur
311 1093 463 1166 revocato,
495 1085 662 1146 infuscatur
692 1103 728 1145 ex
757 1086 922 1166 inopinato,
953 1083 1106 1144 interdum
1134 1089 1172 1140 etr

153 1190 256 1234 secum
285 1175 350 1253 ipse
379 1181 562 1255 murmurat,
591 1173 713 1255 plenus,
747 1175 860 1254 gravis,
894 1179 1016 1254 acutus,
1054 1170 1158 1250 creber,

153 1269 301 1343 extentus,
328 1259 380 1322 uhi
400 1264 496 1323 visum
519 1269 579 1343 est,
601 1261 733 1343 vibrans,
756 1279 904 1342 summus,
927 1261 1060 1342 mediae,
1083 1263 1157 1320 imus.

152 1349 342 1429 breviterque
370 1352 468 1409 omnia
491 1358 552 1410 tant
574 1349 705 1428 parvulis
728 1353 759 1411 in
783 1349 919 1410 faucibus
942 1367 1019 1428 quae
1044 1357 1090 1410 tot
1116 1365 1155 1407 er·

153 1439 271 1516 quisitis
298 1437 438 1499 tibiarum
468 1441 627 1499 tormentis
655 1455 703 1498 ars
730 1437 886 1499 hominum
913 1441 1106 1518 excogitavit,
1132 1443 1159 1496 ut

153 1544 214 1586 non
241 1528 281 1586 sit
307 1525 431 1587 dubium
453 1526 530 1587 hanc
557 1529 733 1588 suavitatem
758 1528 1029 1607 praemonstratam
1057 1525 1172 1587 efficacit

153 1616 300 1696 auspicio,
326 1633 395 1676 cum
421 1616 454 1675 in
480 1633 533 1676 ore
562 1614 727 1676 Stesichori
755 1617 865 1676 cecinit
891 1615 1022 1676 infantis.
1071 1635 1104 1675 ac
1130 1633 1160 1673 ne

154 1704 222 1782 quis
244 1701 360 1764 dubitet
383 1705 455 1764 artis
478 1721 558 1786 esse,
585 1703 688 1783 plures
715 1704 840 1784 singidis
868 1711 939 1764 sunt
965 1712 1088 1784 cantus,
1114 1721 1159 1762 nor

101 1800 134 1850 83
154 1791 244 1853 iidem
266 1791 413 1873 omnbus,
436 1791 488 1853 scd
512 1794 559 1854 sui
582 1793 699 1873 cuique.
745 1799 861 1852 certant
882 1794 962 1853 inter
984 1810 1033 1874 se,
1061 1791 1159 1872 palan·

154 1898 213 1959 que
236 1881 366 1942 animosa
389 1882 540 1942 contentio
565 1888 619 1942 est.
659 1883 736 1942 victa
759 1887 855 1942 morte
878 1881 943 1941 finit
966 1899 1058 1961 saepe
1082 1883 1160 1941 vitan

155 1970 262 2048 spiritu
288 1971 372 2048 prius
401 1969 557 2031 deficiente
583 1988 672 2048 quam
701 1976 799 2030 cantu.
848 1969 1033 2030 meditantur
1068 1965 1171 2047 [adach

153 2058 323 2118 iuveniores
340 2076 504 2138 versusque
523 2077 599 2138 quos
617 2060 773 2118 imitentur
791 2059 949 2138 accipiunt.
978 2058 1065 2120 audit
1084 2059 1160 2119 disci·

153 2143 223 2224 pola
245 2146 410 2207 intentione
433 2165 539 2227 magna
562 2155 593 2208 et
615 2146 713 2207 reddit
739 2146 914 2225 vicibusque
940 2149 1081 2208 reticent.
1125 2149 1171 2206 ino

153 2231 304 2311 tellegitur
327 2235 499 2296 emendatae
523 2237 673 2314 correptio
696 2237 780 2296 etin
804 2235 930 2296 docente
953 2237 1102 2315 quaedam
1123 2253 1161 2294 re·

101 2329 136 2378 84
154 2318 322 2399 prehensio.
374 2341 444 2402 ergo
475 2341 630 2384 servorum
658 2321 716 2384 illis
745 2325 843 2403 pretia
872 2331 955 2405 sunt,
986 2332 1019 2384 et
1050 2324 1160 2403 quiden

154 2407 295 2488 ampliora
309 2427 398 2489 quam
412 2410 521 2490 quihus
540 2412 611 2472 olim
624 2413 764 2492 armigeri
776 2411 965 2492 parabantur.
987 2414 1052 2474 scio
1067 2412 1115 2472 HS
1129 2409 1162 2476 u

154 2496 308 2558 candidam
336 2499 481 2581 alioquin,
513 2502 592 2580 quod
622 2508 669 2562 est
697 2518 792 2580 prope
820 2503 1019 2585 invisitatum,
1053 2503 1160 2562 venisse

154 2603 229 2664 quae
261 2585 439 2667 Agrippinae
467 2587 570 2650 Claudi
599 2591 744 2671 principis
776 2591 895 2668 coniugi
926 2589 1003 2650 dono
1038 2590 1160 2652 duntur.

154 2677 249 2736 visum
267 2677 326 2736 iam
344 2693 432 2755 saepe
450 2677 548 2738 iussas
566 2695 673 2738 canere
692 2679 825 2756 coepisse
850 2684 880 2736 et
902 2695 971 2738 cum
993 2679 1160 2759 symphonia

154 2761 325 2846 alternasse,
348 2766 427 2827 sicut
443 2764 579 2826 homines
598 2773 734 2845 repertos
753 2767 804 2844 qui
824 2783 930 2826 sonum
948 2783 1053 2828 earum
1072 2767 1161 2828 addita

154 2851 185 2909 in
212 2858 397 2914 transversas
418 2853 606 2934 ,harundines
633 2871 709 2933 aqua
738 2853 872 2915 toramen
900 2856 1084 2934 inspirantes
1114 2856 1159 2914 tin·

154 2955 264 3016 guaeve
291 2960 382 3020 parva
409 2941 506 3022 aliqua
533 2943 669 3023 opposita
701 2959 784 3002 mora
814 2943 976 3004 indiscreta
1006 2943 1169 3026 redderent,

227 3111 391 3182 idistepo.
465 3117 535 3168 e.10
552 3111 691 3183 promitur
707 3116 739 3166 B.
813 3117 847 3168 13
864 3113 911 3166 tot
927 3117 1025 3168 om.R.
1081 3119 1120 3166 13.
1130 3115 1156 3163 tr

153 3178 183 3232 in
201 3181 346 3248 exquisitis
364 3181 409 3235 12⁹.
502 3188 543 3237 14.
559 3188 592 3237 15
610 3184 643 3237 ut
664 3199 721 3238 non
744 3181 781 3237 sit
798 3189 848 3236 ra.
883 3181 1001 3238 nonsit
1024 3185 1098 3238 nid.
1128 3181 1157 3234 cit

153 3265 210 3303 non
222 3252 299 3304 utB.
327 3270 365 3306 aa
382 3269 439 3307 non
457 3254 489 3306 ut
507 3253 566 3308 sit?
584 3253 634 3322 cfr.
655 3255 748 3308 VIII.
822 3253 1069 3324 mauguinum.
1096 3253 1155 3306 dir.

156 3318 231 3387 inec
249 3320 404 3377 maenaa
431 3324 465 3376 ut
481 3339 533 3378 nec
550 3323 615 3378 1¹⁸.
638 3325 668 3378 et
680 3340 737 3378 non
751 3324 967 3379 eddauteDai.
1040 3329 1074 3378 so
1092 3321 1155 3378 eliae

154 3402 205 3469 om,
223 3388 261 3442 ‹1¹.
293 3407 379 3446 amcos
401 3408 448 3460 epo
466 3395 559 3460 posui.
666 3399 701 3448 22
724 3393 845 3450 reticent
861 3395 940 3449 ⁸¹do.
972 3393 1106 3478 riticenffl
1121 3393 1155 3471 1¹,

154 3457 272 3512 rehcens
285 3461 386 3516 rBrot.
411 3464 471 3516 -cet
484 3465 553 3518 mni.
568 3465 635 3518 Dat.
704 3469 739 3519 25
754 3464 812 3520 seio
824 3464 881 3520 HS.
894 3469 931 3525 ἦ
943 3465 1016 3520 Dect.
1041 3465 1155 3519 suetiam

154 3525 195 3605 1³¹3
222 3529 290 3582 socii
304 3530 346 3584 sui
359 3537 384 3584 d.
410 3531 536 3603 sciofflui
550 3533 613 3588 ric.
639 3534 697 3590 scio
712 3535 848 3590 sestertiis
861 3552 911 3591 sex
922 3535 1000 3604 BR).
1073 3541 1108 3589 26
1120 3535 1154 3586 in·

154 3597 287 3650 uariatum
305 3599 403 3654 1²⁸2&
476 3607 509 3656 29
529 3621 567 3658 aa
584 3605 689 3673 reperti
707 3604 795 3659 sunt?
867 3612 953 3661 31131
971 3605 1102 3676 linguaue
1117 3603 1153 3655 Ρ.
