2286 3938
203 285 285 334 nur.
303 285 394 334 ursr.
415 287 460 334 vr.
478 279 596 332 aa-au
621 271 760 354 (aa-aa.)
929 266 994 333 249

27 438 226 500 uuumutlndos
241 440 344 518 palmis
368 443 551 520 exprimere,
575 441 670 502 oleum
694 444 829 504 sesimac.
860 459 992 502 numero·

27 527 122 584 sissimus
141 543 204 585 esse
225 523 408 602 Homeritas,
435 525 575 602 bilancis,
602 526 717 587 fertiles
740 545 829 605 agros
858 525 991 606 palmetis

25 608 178 686 ubertoque,
197 611 227 668 in
242 627 352 688 pecore
367 611 490 672 divitias.
525 608 681 672 Geubanos
703 620 733 672 et
757 611 887 672 Arraeos
906 611 991 670 armis

25 701 151 770 praestare,
172 695 294 754 maxime
311 692 542 756 Chatramotitas.
574 692 690 756 Carreis
709 695 866 756 latissimos
885 702 914 755 et
934 695 992 755 ier·

9 776 137 837 ttilissinos
149 795 246 855 agros.
281 779 413 840 Sabaeos
429 779 588 840 ditissimos
604 779 739 841 silvarum
754 779 906 840 fertilitate
923 779 992 840 odo·

23 861 95 938 rilcra,
117 865 174 922 auri
197 862 340 940 metallis,
358 881 493 942 agrorum
514 866 622 942 riguis,
642 863 737 925 meliis
752 883 899 944 ceraeque
915 875 1045 942 pro-¹³²

23 953 88 1006 ventu.
117 945 150 1006 de
165 947 306 1008 odoribus
328 966 381 1008 suo
401 947 531 1008 dicemus
554 949 706 1009 uolumine.
740 948 856 1010 Arabes
876 949 982 1010 mitrati
994 952 1045 1004 162

22 1028 99 1106 legunt
119 1039 165 1090 aut
191 1033 310 1093 intonso
329 1033 427 1109 crine,
453 1033 543 1094 barba
565 1033 713 1094 abraditur
733 1041 936 1113 praeterquam
963 1035 992 1092 in

22 1115 137 1190 superiore
158 1115 252 1178 labro.
288 1115 357 1178 aliis¹
376 1116 498 1178 ethaeo
520 1119 644 1178 intonsa.
683 1119 841 1197 mirumque
860 1117 938 1190 dictu
955 1135 993 1178 ex

9 1197 137 1260 tinnuneris
159 1201 276 1280 populis
303 1220 371 1281 pars
394 1219 486 1280 aequa
507 1203 536 1261 in
557 1203 730 1262 conmerciis
760 1211 809 1262 aut
832 1201 992 1262 latrociniis

21 1281 79 1358 legit.
112 1284 139 1343 in
162 1287 330 1346 uuiversum
355 1295 460 1364 gentes
487 1285 666 1364 ditissimae,
694 1295 724 1347 ut
747 1285 823 1366 apud
843 1303 914 1364 quas
937 1287 993 1346 mass

19 1367 81 1426 rinae
108 1384 178 1447 opes
198 1368 396 1430 Romanorum
415 1369 646 1450 Parthorumque
673 1370 853 1447 subsidant,
867 1371 992 1430 venden-

18 1451 67 1591 tipus
85 1469 152 1530 quae
171 1471 189 1514 e
209 1455 280 1514 mari
303 1463 353 1515 aut
373 1455 455 1516 siluis
472 1456 605 1536 capiunt,
622 1455 693 1516 nibil
711 1457 835 1516 invicem
850 1456 993 1516 redimen-

18 1535 74 1592 tius.

9 1605 11 1666 l
56 1617 125 1701 (33.)
145 1620 231 1684 Nunc
256 1623 397 1702 reliquam
423 1642 503 1686 oram
524 1623 652 1688 Arabiae
680 1626 853 1690 contrariam
882 1627 1045 1704 perse-toa

17 1719 108 1778 qrenur.
143 1705 351 1779 Timosthenes
369 1717 460 1773 totum
475 1711 573 1772 sinum
597 1709 739 1788 quatridui
763 1711 949 1789 nauigatione
964 1711 993 1771 in

15 1785 187 1866 longitudinem
205 1795 332 1870 taxavit,
351 1793 430 1854 bidui
447 1795 475 1854 ia
494 1793 684 1871 latitudinem,
700 1799 848 1873 angustias
865 1794 919 1855 llll
934 1795 990 1855 mil.

15 1867 108 1950 ipsse,
124 1875 341 1938 Eratosthenes
357 1877 392 1938 ab
409 1880 487 1938 ostie
507 1880 574 1962 [ῑῖη
590 1881 619 1940 in
634 1896 776 1959 quamque
793 1889 920 1958 partem,
937 1878 992 1938 Ar·

17 1957 135 2020 tenidorus
159 1960 292 2022 Arabiae
315 1961 409 2024 latere
438 1966 525 2046 tx—tt‘tlt
551 1961 573 2024 b
597 1963 671 2040 mil,
698 1961 750 2026 29.
781 1963 980 2041 Trogodytico
995 1967 1045 2018 161

9 2047 58 2098 ‘reru
76 2045 123 2126 lel
142 2043 288 2106 XXXllll
308 2044 338 2106 ll
360 2045 386 2105 D
410 2065 488 2126 pass.
517 2047 697 2120 Ptolomaida
718 2065 819 2127 usque.
858 2048 992 2126 Agrippa

16 2123 71 2208 lut)
87 2126 197 2190 XXXII
208 2130 269 2190 mil.
286 2147 422 2208 passuum
438 2133 501 2192 sine
517 2132 681 2194 differentia
697 2131 827 2193 laterum.
857 2132 992 2212 plerique

13 2205 151 2274 latitudinem
172 2212 386 2276 GGCGLXXV
402 2216 609 2295 prodiderunt,
632 2217 782 2298 laneisque
795 2217 919 2279 hiberno
936 2221 993 2278 ori·

13 2295 49 2352 ruti
62 2296 196 2360 obversas
218 2299 267 2360 alii
282 2299 355 2376 Xll,
379 2300 427 2361 alii
452 2300 507 2362 XV
521 2301 580 2365 mil.
604 2319 737 2380 passuum
758 2311 869 2381 patere.
903 2300 981 2362 Situs
996 2304 1044 2358 1115

11 2385 74 2438 autem
92 2383 128 2442 ita
146 2404 181 2446 se
200 2383 310 2444 babet:
329 2385 355 2443 A
371 2385 436 2444 sinu
453 2385 620 2446 Laeanitico
633 2386 707 2446 alter
723 2388 803 2446 sinus
819 2405 904 2464 quem
920 2386 991 2446 Ara-

10 2457 44 2519 les
55 2463 127 2526 Aean
142 2476 271 2545 vocant,
294 2470 323 2528 iu
341 2486 399 2546 quo
414 2469 535 2530 Heroon
551 2470 686 2550 oppidum
703 2479 758 2530 cst.
789 2469 843 2530 luit
866 2479 896 2531 et
912 2467 992 2530 Gam-

10 2541 57 2620 bpu
69 2549 140 2612 inter
155 2551 253 2612 Nelos
270 2561 301 2613 et
315 2551 485 2614 Marchadas
500 2553 632 2614 deductis
647 2571 684 2614 eo
700 2555 797 2631 aegris
814 2555 991 2618 exerciturus.

9 2645 56 2702 geas
69 2633 175 2710 Pyron,
191 2636 314 2699 Daneon
330 2646 446 2716 portus,
461 2656 500 2697 ex
516 2655 574 2715 quo
589 2637 781 2715 navigabilem
796 2639 909 2716 alueum
926 2657 992 2717 per-

10 2711 85 2778 lucere
105 2721 133 2780 in
152 2720 269 2800 Nilum,
287 2739 343 2800 qua
361 2729 444 2799 parte
460 2721 495 2782 ad
509 2720 596 2782 Delta
616 2721 721 2782 dictum
739 2722 885 2800 decurrit,
902 2721 980 2782 LXlI
994 2733 1045 2778 ⁵·st

9 2795 53 2890 llll
67 2821 197 2881 passuum
217 2805 391 2882 intervallo,
412 2807 490 2886 quod
505 2807 582 2867 inter
598 2807 702 2867 llumen
723 2815 752 2866 et
768 2807 895 2868 Rubrum
913 2826 992 2868 marc

10 2889 114 2964 interest,
141 2893 256 2970 primus
281 2893 406 2952 omnium
433 2889 582 2952 Sesostris
608 2891 738 2971 Aegypti
763 2911 816 2953 rex
839 2893 993 2971 cogitavit,

9 2970 163 3034 usiliarius
188 2974 363 3051 Persarum,
385 2975 490 3036 deiude
511 2974 698 3036 Ptolomaeus
721 2995 867 3056 sequens,
890 2978 937 3056 qui
962 2986 994 3039 et

9 3048 61 3144 buit
75 3057 180 3118 fossam
202 3059 357 3120 latitudine
375 3060 481 3139 pedum
504 3057 544 3138 0,
564 3059 714 3121 altitudine
730 3059 796 3138 XL,
820 3063 850 3122 iu
866 3061 992 3140 longitu-

9 3129 72 3198 iuen
94 3139 238 3206 XXXVll
267 3142 297 3204 lli
323 3143 349 3203 D
378 3162 513 3223 passuum
544 3162 637 3223 usque
666 3143 701 3206 ad
727 3145 838 3206 Fontes
867 3163 990 3207 amaros.

9 3215 57 3280 ultra
68 3224 208 3289 deterruit
228 3227 425 3290 inundationis
442 3237 554 3307 metus,
578 3227 745 3292 excelsiore
763 3231 856 3291 tribus
874 3231 980 3293 cubitis
993 3239 1044 3296 166

9 3295 78 3366 labro
95 3314 163 3372 mari
186 3321 337 3394 conperto
359 3331 444 3392 quarn
467 3321 545 3374 terra
569 3313 706 3393 Aegypti.
744 3313 831 3394 aliqui
852 3333 909 3376 non
928 3333 991 3376 eam

9 3384 108 3453 adierunt
130 3413 270 3476 causam,
291 3398 345 3458 scd
369 3416 405 3457 ne
427 3399 546 3458 inmisso
565 3399 636 3457 mari
658 3408 896 3478 corrumperetur
917 3417 991 3478 aqua

9 3463 59 3546 lili,
72 3494 139 3554 quae
156 3481 222 3542 sula
237 3490 346 3560 potuus
368 3482 500 3560 praebet.
532 3480 723 3543 Nihilominus
745 3485 802 3543 iter
820 3491 910 3543 totum
931 3492 990 3544 ter·

9 3567 57 3616 rene
69 3561 269 3642 frequentatur
289 3566 391 3626 amari
407 3566 576 3647 Aegyptio,
595 3567 672 3646 quod
692 3575 739 3628 est
759 3567 885 3647 triplex,
905 3587 990 3629 unum
