2340 3934
159 179 202 244 68
290 177 294 184 ’
508 178 536 232 O.
556 178 655 232 PLINI
675 177 832 232 SECUNDI

158 347 216 408 que
239 330 418 410 penetravit,
449 330 593 388 acerrime
622 346 714 388 cursu
742 328 838 388 sertui·
866 327 947 388 velut
974 326 1149 388 abscondente

157 418 375 498 turpitudinem
392 417 467 478 locu.
500 417 570 478 dum
594 419 730 496 sequitur
753 417 846 478 insilit
864 417 951 500 saltu,
974 437 1033 496 qun
1054 419 1083 477 in
1099 419 1150 496 lugu

104 515 137 566 51
159 526 218 568 nen
236 510 340 568 utitur.
373 506 545 566 vulneratus
568 505 774 568 observatione
799 509 872 567 mim
891 525 1095 586 percussorem
1114 526 1150 565 nu-

158 600 199 658 vit
227 605 257 657 et
283 599 315 656 in
343 594 527 674 quantalibet
552 595 743 657 multitudine
771 597 914 676 adpetit·
938 615 1008 657 eum
1030 615 1094 656 vere
1114 598 1151 676 qui

159 686 250 746 telum
279 685 400 764 quidem
429 687 557 767 miserit,
590 685 642 746 sed
669 704 730 746 nnn
757 685 969 766 vulneraverit,
1004 694 1151 764 correpturi

69 777 72 786 '
158 783 347 854 rotatumque
380 777 489 836 sternit
517 793 575 835 nec
604 774 747 836 vulnerat.
797 793 866 835 cum
895 794 950 854 pro
981 774 1083 835 catulis
1109 775 1152 833 leta

159 865 300 945 dimicat,
321 864 477 925 oculorum
504 866 597 924 aciem
620 864 749 924 traditur
772 863 900 943 deligere
929 866 961 923 in
985 871 1102 942 terram,
1127 883 1152 922 ua

105 961 139 1010 52
159 944 301 1014 renalurla
332 961 514 1032 expavescat.
565 961 666 1013 cetero
697 953 772 1014 dolis
803 961 906 1014 carent
937 962 967 1013 et
998 956 1153 1032 suspicione

159 1061 214 1102 nec
241 1042 319 1102 limis
345 1044 501 1102 intuentur
529 1043 623 1104 oculis
651 1045 802 1122 aspicique
831 1042 920 1104 simili
945 1043 1035 1104 medo
1063 1041 1154 1102 nclnnl.

159 1131 306 1192 creditum
339 1139 384 1192 est
416 1150 432 1190 a
465 1133 611 1192 moriente
643 1131 767 1194 humum
801 1132 932 1192 morderi
963 1131 1153 1209 lacrimamrpu·

159 1220 218 1281 leto
242 1221 313 1280 dari.
360 1228 449 1298 atque
472 1221 529 1281 huc
552 1221 609 1281 tale
633 1229 745 1282 ettam
769 1240 888 1282 saevum
912 1222 1022 1282 animal
1045 1231 1155 1282 rotarum

159 1309 247 1370 orbes
266 1311 439 1370 circumacti
458 1329 625 1390 currusque
644 1312 748 1372 inanes
770 1318 800 1372 et
818 1311 1050 1391 gallinaceorum
1068 1314 1155 1372 cristae

160 1407 322 1478 cautusque
347 1401 436 1460 etiam
458 1402 550 1478 magis
574 1407 702 1481 terrent,
726 1401 778 1460 sed
801 1402 927 1461 maxime
951 1403 1047 1480 ignes.
1082 1401 1155 1477 aegri·

159 1489 293 1549 tudinem
316 1488 426 1548 fastidii
448 1496 564 1550 tantum
589 1491 693 1572 sentit,
723 1491 754 1549 in
778 1508 836 1569 qua
858 1490 998 1550 medetur
1023 1493 1051 1550 ei
1073 1497 1155 1549 eentu-

158 1578 257 1659 melia,
293 1579 325 1640 in
356 1576 471 1640 rabiem
505 1586 609 1657 agente
646 1579 828 1640 adnexarum
859 1579 978 1656 lascivia
1017 1581 1155 1640 simiarum.

159 1677 294 1748 gustatus
318 1668 424 1728 deinde
448 1670 568 1746 sanguis
590 1671 622 1728 in
645 1669 778 1729 remedio
803 1677 856 1730 est.

106 1763 140 1812 53
226 1751 300 1840 (20)
328 1757 462 1818 Leonum
485 1757 573 1817 simul
595 1757 726 1836 plurium
748 1777 878 1837 pugnam
901 1757 1016 1818 Romae
1038 1760 1156 1838 princep·

160 1847 241 1908 dedit
262 1846 401 1919 Scaevola
418 1845 450 1907 P.
472 1846 550 1906 filius
572 1849 605 1906 in·
627 1847 724 1907 curuli
747 1847 908 1928 aedilitate,
931 1856 1057 1910 centum
1079 1855 1162 1907 auten

159 1936 327 1997 iubatorum
355 1938 469 2015 primus
496 1937 629 1997 omnium
657 1935 688 1997 L.
714 1935 808 2018 Sulla,
838 1938 889 2016 qui
916 1943 1025 2016 postea
1052 1937 1156 1997 dictatur

159 2027 225 2106 luit,
247 2028 278 2085 in
296 2033 444 2104 praetura.
474 2032 543 2103 pest
561 2043 630 2085 eum
648 2025 807 2106 Pompeius
826 2025 949 2108 Magnus
967 2027 1002 2086 in
1022 2029 1100 2087 circu
1116 2039 1157 2089 m.

160 2117 190 2174 in
213 2116 250 2174 iis
273 2113 442 2175 iubatorum
465 2126 589 2195 cccxv,
613 2113 720 2174 Caesar
743 2115 871 2176 dictatur
895 2127 993 2176 ccco.

106 2209 141 2260 54
228 2196 302 2284 (21)
349 2203 461 2283 Capere
485 2222 536 2264 ens
560 2203 644 2264 ardui
667 2211 732 2264 erat
754 2205 904 2284 quendam
925 2207 1044 2287 operis,
1073 2205 1158 2264 loreis·

160 2311 217 2374 que
241 2295 374 2355 mamme.
408 2295 577 2374 principatu
596 2291 698 2354 Claudi
721 2312 808 2354 casus
831 2296 978 2354 rationem
999 2295 1100 2354 decuit
1119 2311 1158 2371 pu·

159 2383 285 2444 dendam
307 2401 400 2462 paene
424 2383 491 2444 talis
514 2384 594 2444 ferae
617 2385 750 2465 numine,
777 2385 905 2463 pastoris
929 2383 1084 2444 Gaetuliae
1105 2399 1160 2456 sagn

135 2479 263 2552 ,centra
290 2474 456 2551 ingruentis
483 2475 627 2551 impeturn
652 2471 782 2554 obiectu,
813 2473 893 2552 quod
916 2473 1118 2552 spectaculum
1137 2473 1158 2528 in

159 2562 300 2622 harenam
329 2563 466 2640 protinus
494 2561 633 2622 tralatum
663 2570 721 2643 est,
753 2563 801 2623 vix
832 2561 967 2624 credibili
999 2563 1089 2624 modu
1114 2569 1159 2620 tur-¹

159 2659 299 2732 pescentc
329 2657 409 2720 tanta
438 2649 487 2710 illa
515 2651 645 2730 feritate,
678 2653 811 2728 quamvis
840 2651 897 2712 levi
918 2649 1044 2713 'iniectu
1074 2605 1159 2730 upunl

159 2745 268 2823 capite,
291 2743 332 2801 ita
356 2748 389 2800 ut
411 2739 594 2800 devinciatur
618 2757 677 2798 non
700 2754 878 2818 repugnans.
918 2741 1060 2802 videlicet
1082 2739 1158 2808 nuruis

208 2971 245 3088 dp
262 2966 455 3048 penetraverit
472 2964 956 3090 illiaddjlnabscppplenteppinnra.
972 2963 1157 3090 ²absepAEduplt

159 3052 201 3178 lili
211 3125 241 3164 r.
254 3053 287 3089 m
302 3052 426 3162 galerum
437 3039 619 3162 aptprppecpam
631 3053 711 3161 eall*la
730 3077 788 3162 cela
806 3043 1090 3168 llnrlnlalfmlln
1104 3043 1155 3174 lla

158 3181 254 3233 tamen
276 3183 328 3232 Bc.
415 3185 447 3232 11
473 3181 503 3232 et
523 3181 708 3234 inseruiente
731 3178 787 3234 Uri.
806 3179 881 3234 vind.
900 3196 926 3236 u.
937 3184 1002 3236 173.
1034 3183 1039 3250 l
1067 3183 1148 3234 tem·

159 3253 191 3306 in
203 3267 259 3306 aas.
273 3249 315 3304 1³².
338 3253 452 3319 tamque
470 3249 540 3304 Rob.
558 3251 617 3304 edd.
636 3255 697 3305 cett.
721 3250 770 3304 sed
785 3251 875 3306 DN.
896 3252 963 3323 lll0⁰
979 3256 1014 3305 B.
1037 3253 1041 3320 Ι
1062 3267 1156 3306 saeuum

158 3321 189 3376 a*
207 3325 238 3377 in
255 3339 310 3378 ras.
329 3321 420 3375 md.
448 3337 550 3375 aeuum
567 3322 635 3376 ΜΗ.
665 3324 805 3390 annique
824 3323 878 3378 hoc
896 3325 955 3378 tam
974 3321 1109 3378 saevum?

159 3393 418 3449 nunciatum.
448 3393 544 3448 acinus
563 3397 587 3448 d.
616 3411 649 3448 ec
667 3393 697 3446 in
713 3393 749 3448 iis
767 3411 790 3448 r.
869 3400 903 3449 22
922 3395 1103 3464 operis—23
1119 3411 1154 3460 pe

159 3465 277 3520 dendam
301 3482 351 3519 orn.
370 3464 436 3518 Bd1.
526 3471 561 3520 24
584 3481 674 3534 paene
692 3465 758 3518 telis
776 3465 810 3517 1¹²
828 3467 860 3520 in
876 3482 931 3520 rae.
958 3482 1033 3535 pene
1052 3466 1155 3520 telier

159 3536 336 3604 penellsralis
355 3541 379 3589 d.
407 3536 559 3605 penetralis
577 3554 600 3590 r.
622 3538 626 3603 l
646 3535 767 3605 pastoris
785 3536 852 3590 Μ’.
878 3539 990 3606 pastore
1009 3536 1085 3590 ΙΨ.
1106 3552 1153 3606 pu:

159 3605 216 3658 thie
235 3606 272 3660 (1¹.
297 3609 393 3674 partos
412 3623 446 3660 ae
463 3607 532 3660 nrt
557 3609 654 3677 partus
673 3623 707 3660 ac
725 3607 762 3660 2¹.
783 3610 788 3676 l
808 3623 824 3662 e
842 3607 946 3677 getulia
964 3612 989 3662 d.
1017 3609 1153 3679 egendi,

160 3674 320 3730 eGeetulis
339 3678 408 3732 coni.
427 3677 488 3732 Siti.
521 3695 560 3733 an
578 3695 593 3732 e
613 3677 766 3732 Gaetulia?
839 3683 873 3734 27
891 3679 1014 3735 inlecto
1032 3685 1105 3732 nra.
1138 3719 1154 3900 p
