<?xml version="1.0" encoding="UTF-8"?>
<!DOCTYPE html PUBLIC "-//W3C//DTD XHTML 1.0 Transitional//EN"
    "http://www.w3.org/TR/xhtml1/DTD/xhtml1-transitional.dtd">
<html xmlns="http://www.w3.org/1999/xhtml" xml:lang="en" lang="en">
 <head>
  <title>
</title>
<meta http-equiv="Content-Type" content="text/html;charset=utf-8" />
  <meta name='ocr-system' content='tesseract 3.04.00' />
  <meta name='ocr-capabilities' content='ocr_page ocr_carea ocr_par ocr_line ocrx_word'/>
</head>
<body>
  <div class='ocr_page' id='page_1' title='image "./naturalishistor02plingoog_0577.png"; bbox 0 0 2572 3936; ppageno 0'>
   <div class='ocr_carea' id='block_1_1' title="bbox 308 118 1114 230">
    <p class='ocr_par' dir='ltr' id='par_1_1' title="bbox 308 118 1114 230">
     <span class='ocr_line' id='line_1_1' title="bbox 308 118 1114 230; baseline 0.015 -16"><span class='ocrx_word' id='word_1_1' title='bbox 308 118 310 121; x_wconf 27' lang='grc'>’</span> <span class='ocrx_word' id='word_1_2' title='bbox 348 160 433 215; x_wconf 77' lang='grc'>0111.</span> <span class='ocrx_word' id='word_1_3' title='bbox 452 158 545 214; x_wconf 75' lang='grc'>11101.</span> <span class='ocrx_word' id='word_1_4' title='bbox 565 159 589 213; x_wconf 87' lang='lat' dir='ltr'>x</span> <span class='ocrx_word' id='word_1_5' title='bbox 609 119 715 216; x_wconf 77' lang='lat' dir='ltr'>sa-ao</span> <span class='ocrx_word' id='word_1_6' title='bbox 735 161 861 230; x_wconf 74' lang='lat' dir='ltr'>(ra-ne)</span> <span class='ocrx_word' id='word_1_7' title='bbox 1046 162 1114 227; x_wconf 76' lang='grc'>’191</span> 
     </span>
    </p>
   </div>
   <div class='ocr_carea' id='block_1_2' title="bbox 56 308 1234 3340">
    <p class='ocr_par' dir='ltr' id='par_1_2' title="bbox 66 308 1168 1108">
     <span class='ocr_line' id='line_1_2' title="bbox 95 308 1145 390; baseline -0.002 -21"><span class='ocrx_word' id='word_1_8' title='bbox 95 308 219 387; x_wconf 88' lang='lat' dir='ltr'>quidem</span> <span class='ocrx_word' id='word_1_9' title='bbox 253 310 404 372; x_wconf 88' lang='lat' dir='ltr'>interdum</span> <span class='ocrx_word' id='word_1_10' title='bbox 438 310 516 371; x_wconf 92' lang='lat' dir='ltr'>binis</span> <span class='ocrx_word' id='word_1_11' title='bbox 550 309 703 372; x_wconf 87' lang='lat' dir='ltr'>mensibus</span> <span class='ocrx_word' id='word_1_12' title='bbox 737 317 823 372; x_wconf 89' lang='lat' dir='ltr'>terna</span> <span class='ocrx_word' id='word_1_13' title='bbox 859 310 990 376; x_wconf 88' lang='lat' dir='ltr'>educunt</span> <span class='ocrx_word' id='word_1_14' title='bbox 1025 312 1145 390; x_wconf 86' lang='lat' dir='ltr'>paria..</span> 
     </span>
     <span class='ocr_line' id='line_1_3' title="bbox 95 399 1114 479; baseline 0.001 -21"><span class='ocrx_word' id='word_1_15' title='bbox 95 415 226 478; x_wconf 89' lang='lat' dir='ltr'>namque</span> <span class='ocrx_word' id='word_1_16' title='bbox 247 413 336 462; x_wconf 84' lang='lat' dir='ltr'>xvni</span> <span class='ocrx_word' id='word_1_17' title='bbox 356 401 403 462; x_wconf 90' lang='lat' dir='ltr'>die</span> <span class='ocrx_word' id='word_1_18' title='bbox 428 399 590 461; x_wconf 87' lang='lat' dir='ltr'>excludunt</span> <span class='ocrx_word' id='word_1_19' title='bbox 613 401 772 479; x_wconf 74' lang='lat' dir='ltr'><strong>statimque</strong></span> <span class='ocrx_word' id='word_1_20' title='bbox 796 401 976 479; x_wconf 86' lang='lat' dir='ltr'>concipiunt.</span> <span class='ocrx_word' id='word_1_21' title='bbox 1023 417 1114 478; x_wconf 87' lang='lat' dir='ltr'>qnare</span> 
     </span>
     <span class='ocr_line' id='line_1_4' title="bbox 95 488 1116 570; baseline 0.002 -24"><span class='ocrx_word' id='word_1_22' title='bbox 95 489 178 550; x_wconf 89' lang='lat' dir='ltr'>inter</span> <span class='ocrx_word' id='word_1_23' title='bbox 200 488 297 568; x_wconf 90' lang='lat' dir='ltr'>pullos</span> <span class='ocrx_word' id='word_1_24' title='bbox 320 507 412 570; x_wconf 82' lang='lat' dir='ltr'>saepe</span> <span class='ocrx_word' id='word_1_25' title='bbox 436 507 489 550; x_wconf 87' lang='lat' dir='ltr'>ova</span> <span class='ocrx_word' id='word_1_26' title='bbox 513 490 706 550; x_wconf 89' lang='lat' dir='ltr'>inveniuntur</span> <span class='ocrx_word' id='word_1_27' title='bbox 736 497 766 550; x_wconf 92' lang='lat' dir='ltr'>et</span> <span class='ocrx_word' id='word_1_28' title='bbox 793 489 842 550; x_wconf 89' lang='lat' dir='ltr'>alii</span> <span class='ocrx_word' id='word_1_29' title='bbox 870 489 1039 570; x_wconf 89' lang='lat' dir='ltr'>provolant,</span> <span class='ocrx_word' id='word_1_30' title='bbox 1067 489 1116 550; x_wconf 89' lang='lat' dir='ltr'>alii</span> 
     </span>
     <span class='ocr_line' id='line_1_5' title="bbox 95 577 1115 658; baseline 0 -20"><span class='ocrx_word' id='word_1_31' title='bbox 95 587 269 657; x_wconf 86' lang='lat' dir='ltr'>erumpunt.</span> <span class='ocrx_word' id='word_1_32' title='bbox 322 579 380 658; x_wconf 89' lang='lat' dir='ltr'>ipsi</span> <span class='ocrx_word' id='word_1_33' title='bbox 409 579 517 640; x_wconf 88' lang='lat' dir='ltr'>deinde</span> <span class='ocrx_word' id='word_1_34' title='bbox 546 577 620 658; x_wconf 89' lang='lat' dir='ltr'>pulli</span> <span class='ocrx_word' id='word_1_35' title='bbox 649 581 932 658; x_wconf 73' lang='lat' dir='ltr'><strong>quinquemenstres</strong></span> <span class='ocrx_word' id='word_1_36' title='bbox 964 579 1115 640; x_wconf 80' lang='lat' dir='ltr'>fetificant.</span> 
     </span>
     <span class='ocr_line' id='line_1_6' title="bbox 66 669 1168 751; baseline 0.003 -30"><span class='ocrx_word' id='word_1_37' title='bbox 66 675 128 727; x_wconf 77' lang='lat' dir='ltr'>oet</span> <span class='ocrx_word' id='word_1_38' title='bbox 151 669 233 746; x_wconf 88' lang='lat' dir='ltr'>ipsae</span> <span class='ocrx_word' id='word_1_39' title='bbox 256 676 357 730; x_wconf 88' lang='lat' dir='ltr'>autem</span> <span class='ocrx_word' id='word_1_40' title='bbox 377 669 460 729; x_wconf 89' lang='lat' dir='ltr'>inter</span> <span class='ocrx_word' id='word_1_41' title='bbox 483 687 529 751; x_wconf 91' lang='lat' dir='ltr'>se,</span> <span class='ocrx_word' id='word_1_42' title='bbox 557 670 582 729; x_wconf 90' lang='lat' dir='ltr'>si</span> <span class='ocrx_word' id='word_1_43' title='bbox 605 686 668 729; x_wconf 89' lang='lat' dir='ltr'>mas</span> <span class='ocrx_word' id='word_1_44' title='bbox 696 687 756 730; x_wconf 92' lang='lat' dir='ltr'>non</span> <span class='ocrx_word' id='word_1_45' title='bbox 780 671 831 750; x_wconf 89' lang='lat' dir='ltr'>sit,</span> <span class='ocrx_word' id='word_1_46' title='bbox 860 669 987 728; x_wconf 80' lang='lat' dir='ltr'>feminae</span> <span class='ocrx_word' id='word_1_47' title='bbox 1020 678 1168 746; x_wconf 70' lang='lat' dir='ltr'>aequente</span> 
     </span>
     <span class='ocr_line' id='line_1_7' title="bbox 97 756 1116 839; baseline 0.002 -24"><span class='ocrx_word' id='word_1_48' title='bbox 97 756 221 838; x_wconf 90' lang='lat' dir='ltr'>saliunt,</span> <span class='ocrx_word' id='word_1_49' title='bbox 253 759 434 838; x_wconf 83' lang='lat' dir='ltr'>pariuntque</span> <span class='ocrx_word' id='word_1_50' title='bbox 457 775 510 818; x_wconf 90' lang='lat' dir='ltr'>ova</span> <span class='ocrx_word' id='word_1_51' title='bbox 539 759 629 820; x_wconf 90' lang='lat' dir='ltr'>inrita</span> <span class='ocrx_word' id='word_1_52' title='bbox 661 777 696 819; x_wconf 87' lang='lat' dir='ltr'>ex</span> <span class='ocrx_word' id='word_1_53' title='bbox 729 757 838 839; x_wconf 87' lang='lat' dir='ltr'>quibus</span> <span class='ocrx_word' id='word_1_54' title='bbox 870 757 943 818; x_wconf 84' lang='lat' dir='ltr'>nihil</span> <span class='ocrx_word' id='word_1_55' title='bbox 976 759 1116 837; x_wconf 80' lang='lat' dir='ltr'>gignitur,</span> 
     </span>
     <span class='ocr_line' id='line_1_8' title="bbox 97 845 748 926; baseline 0.006 -21"><span class='ocrx_word' id='word_1_56' title='bbox 97 863 174 923; x_wconf 89' lang='lat' dir='ltr'>quae</span> <span class='ocrx_word' id='word_1_57' title='bbox 199 845 373 926; x_wconf 80' lang='lat' dir='ltr'>hypenemia</span> <span class='ocrx_word' id='word_1_58' title='bbox 397 845 502 908; x_wconf 87' lang='lat' dir='ltr'>Graeci</span> <span class='ocrx_word' id='word_1_59' title='bbox 525 856 640 908; x_wconf 82' lang='lat' dir='ltr'>vocant.</span> <span class='ocrx_word' id='word_1_60' title='bbox 746 896 748 900; x_wconf 89' lang='lat'>.</span> 
     </span>
     <span class='ocr_line' id='line_1_9' title="bbox 167 929 1166 1016; baseline -0.001 -22"><span class='ocrx_word' id='word_1_61' title='bbox 167 929 226 998; x_wconf 75' lang='lat'>59.</span> <span class='ocrx_word' id='word_1_62' title='bbox 264 935 341 996; x_wconf 90' lang='lat' dir='ltr'>Pavo</span> <span class='ocrx_word' id='word_1_63' title='bbox 374 939 535 998; x_wconf 88' lang='lat' dir='ltr'>atrimatu</span> <span class='ocrx_word' id='word_1_64' title='bbox 562 939 648 1016; x_wconf 89' lang='lat' dir='ltr'>parit.</span> <span class='ocrx_word' id='word_1_65' title='bbox 698 938 794 1016; x_wconf 87' lang='lat' dir='ltr'>primo</span> <span class='ocrx_word' id='word_1_66' title='bbox 822 955 899 998; x_wconf 89' lang='lat' dir='ltr'>anno</span> <span class='ocrx_word' id='word_1_67' title='bbox 928 951 1021 998; x_wconf 75' lang='lat' dir='ltr'>unnim</span> <span class='ocrx_word' id='word_1_68' title='bbox 1054 943 1105 996; x_wconf 90' lang='lat' dir='ltr'>aut</span> <span class='ocrx_word' id='word_1_69' title='bbox 1116 945 1166 994; x_wconf 84' lang='lat'>161</span> 
     </span>
     <span class='ocr_line' id='line_1_10' title="bbox 97 1024 1116 1108; baseline 0.001 -25"><span class='ocrx_word' id='word_1_70' title='bbox 97 1024 226 1084; x_wconf 90' lang='lat' dir='ltr'>alterum</span> <span class='ocrx_word' id='word_1_71' title='bbox 245 1043 342 1107; x_wconf 82' lang='lat' dir='ltr'>ouum,</span> <span class='ocrx_word' id='word_1_72' title='bbox 366 1028 503 1105; x_wconf 80' lang='lat' dir='ltr'>sequenti</span> <span class='ocrx_word' id='word_1_73' title='bbox 520 1034 665 1105; x_wconf 77' lang='lat' dir='ltr'>quatenu</span> <span class='ocrx_word' id='word_1_74' title='bbox 684 1028 820 1108; x_wconf 77' lang='lat' dir='ltr'>quincue,</span> <span class='ocrx_word' id='word_1_75' title='bbox 843 1027 952 1088; x_wconf 86' lang='lat' dir='ltr'>ceteris</span> <span class='ocrx_word' id='word_1_76' title='bbox 972 1025 1116 1102; x_wconf 83' lang='lat' dir='ltr'>duodena,</span> 
     </span>
    </p>

    <p class='ocr_par' dir='ltr' id='par_1_3' title="bbox 56 1114 1116 1554">
     <span class='ocr_line' id='line_1_11' title="bbox 56 1114 1116 1196; baseline 0 -23"><span class='ocrx_word' id='word_1_77' title='bbox 56 1129 83 1166; x_wconf 86' lang='lat'>10</span> <span class='ocrx_word' id='word_1_78' title='bbox 99 1131 159 1173; x_wconf 92' lang='lat' dir='ltr'>non</span> <span class='ocrx_word' id='word_1_79' title='bbox 183 1114 318 1196; x_wconf 90' lang='lat' dir='ltr'>amplius,</span> <span class='ocrx_word' id='word_1_80' title='bbox 341 1117 542 1176; x_wconf 76' lang='lat' dir='ltr'>intermittens</span> <span class='ocrx_word' id='word_1_81' title='bbox 561 1114 648 1176; x_wconf 89' lang='lat' dir='ltr'>binos</span> <span class='ocrx_word' id='word_1_82' title='bbox 666 1115 730 1176; x_wconf 89' lang='lat' dir='ltr'>dies</span> <span class='ocrx_word' id='word_1_83' title='bbox 749 1123 888 1177; x_wconf 82' lang='lat' dir='ltr'>ternosve</span> <span class='ocrx_word' id='word_1_84' title='bbox 911 1117 998 1196; x_wconf 90' lang='lat' dir='ltr'>parit,</span> <span class='ocrx_word' id='word_1_85' title='bbox 1021 1123 1051 1174; x_wconf 87' lang='lat' dir='ltr'>et</span> <span class='ocrx_word' id='word_1_86' title='bbox 1069 1124 1116 1174; x_wconf 85' lang='lat' dir='ltr'>ter</span> 
     </span>
     <span class='ocr_line' id='line_1_12' title="bbox 98 1203 1115 1285; baseline 0.001 -24"><span class='ocrx_word' id='word_1_87' title='bbox 98 1219 191 1285; x_wconf 87' lang='lat' dir='ltr'>anno,</span> <span class='ocrx_word' id='word_1_88' title='bbox 219 1205 245 1264; x_wconf 90' lang='lat' dir='ltr'>si</span> <span class='ocrx_word' id='word_1_89' title='bbox 272 1203 388 1283; x_wconf 85' lang='lat' dir='ltr'>gallinis</span> <span class='ocrx_word' id='word_1_90' title='bbox 416 1203 602 1266; x_wconf 86' lang='lat' dir='ltr'>subiciantur</span> <span class='ocrx_word' id='word_1_91' title='bbox 629 1205 804 1268; x_wconf 89' lang='lat' dir='ltr'>incubanda.</span> <span class='ocrx_word' id='word_1_92' title='bbox 849 1221 947 1266; x_wconf 90' lang='lat' dir='ltr'>mares</span> <span class='ocrx_word' id='word_1_93' title='bbox 975 1222 1010 1264; x_wconf 89' lang='lat' dir='ltr'>oa</span> <span class='ocrx_word' id='word_1_94' title='bbox 1037 1205 1115 1262; x_wconf 86' lang='lat' dir='ltr'>irun-</span> 
     </span>
     <span class='ocr_line' id='line_1_13' title="bbox 99 1292 1115 1375; baseline -0.001 -23"><span class='ocrx_word' id='word_1_95' title='bbox 99 1301 175 1370; x_wconf 86' lang='lat' dir='ltr'>gunt</span> <span class='ocrx_word' id='word_1_96' title='bbox 195 1292 345 1354; x_wconf 89' lang='lat' dir='ltr'>desiderio</span> <span class='ocrx_word' id='word_1_97' title='bbox 368 1293 581 1356; x_wconf 89' lang='lat' dir='ltr'>incubantium.</span> <span class='ocrx_word' id='word_1_98' title='bbox 618 1303 801 1375; x_wconf 88' lang='lat' dir='ltr'>quapropter</span> <span class='ocrx_word' id='word_1_99' title='bbox 822 1301 916 1356; x_wconf 85' lang='lat' dir='ltr'>noctu</span> <span class='ocrx_word' id='word_1_100' title='bbox 939 1295 1023 1354; x_wconf 90' lang='lat' dir='ltr'>etin</span> <span class='ocrx_word' id='word_1_101' title='bbox 1045 1292 1115 1352; x_wconf 89' lang='lat' dir='ltr'>late-</span> 
     </span>
     <span class='ocr_line' id='line_1_14' title="bbox 98 1379 1116 1467; baseline 0 -27"><span class='ocrx_word' id='word_1_102' title='bbox 98 1379 164 1440; x_wconf 87' lang='lat' dir='ltr'>bris</span> <span class='ocrx_word' id='word_1_103' title='bbox 186 1384 307 1460; x_wconf 83' lang='lat' dir='ltr'>pariunt</span> <span class='ocrx_word' id='word_1_104' title='bbox 330 1386 435 1444; x_wconf 89' lang='lat' dir='ltr'>autin</span> <span class='ocrx_word' id='word_1_105' title='bbox 458 1382 576 1445; x_wconf 84' lang='lat' dir='ltr'>excelso</span> <span class='ocrx_word' id='word_1_106' title='bbox 600 1383 757 1467; x_wconf 78' lang='lat' dir='ltr'>cubantes,</span> <span class='ocrx_word' id='word_1_107' title='bbox 785 1392 816 1446; x_wconf 92' lang='lat' dir='ltr'>et</span> <span class='ocrx_word' id='word_1_108' title='bbox 838 1386 896 1444; x_wconf 92' lang='lat' dir='ltr'>nisi</span> <span class='ocrx_word' id='word_1_109' title='bbox 919 1381 1000 1443; x_wconf 91' lang='lat' dir='ltr'>molli</span> <span class='ocrx_word' id='word_1_110' title='bbox 1023 1387 1116 1442; x_wconf 87' lang='lat' dir='ltr'>strato</span> 
     </span>
     <span class='ocr_line' id='line_1_15' title="bbox 100 1471 1116 1554; baseline 0 -25"><span class='ocrx_word' id='word_1_111' title='bbox 100 1477 224 1549; x_wconf 83' lang='lat' dir='ltr'>excepta</span> <span class='ocrx_word' id='word_1_112' title='bbox 238 1471 425 1552; x_wconf 79' lang='lat' dir='ltr'>tranguntur.</span> <span class='ocrx_word' id='word_1_113' title='bbox 449 1491 547 1534; x_wconf 87' lang='lat' dir='ltr'>mares</span> <span class='ocrx_word' id='word_1_114' title='bbox 566 1474 676 1553; x_wconf 84' lang='lat' dir='ltr'>singuli</span> <span class='ocrx_word' id='word_1_115' title='bbox 694 1475 794 1554; x_wconf 74' lang='lat' dir='ltr'>quiinis</span> <span class='ocrx_word' id='word_1_116' title='bbox 813 1473 966 1534; x_wconf 85' lang='lat' dir='ltr'>sufficiunt</span> <span class='ocrx_word' id='word_1_117' title='bbox 985 1471 1116 1550; x_wconf 89' lang='lat' dir='ltr'>coniugi·</span> 
     </span>
    </p>

    <p class='ocr_par' dir='ltr' id='par_1_4' title="bbox 60 1559 1116 1802">
     <span class='ocr_line' id='line_1_16' title="bbox 60 1559 1116 1646; baseline -0.001 -27"><span class='ocrx_word' id='word_1_118' title='bbox 60 1574 86 1613; x_wconf 76' lang='grc'>10</span> <span class='ocrx_word' id='word_1_119' title='bbox 101 1559 167 1620; x_wconf 89' lang='lat' dir='ltr'>bus.</span> <span class='ocrx_word' id='word_1_120' title='bbox 204 1578 273 1622; x_wconf 78' lang='lat' dir='ltr'>carm</span> <span class='ocrx_word' id='word_1_121' title='bbox 293 1562 425 1641; x_wconf 83' lang='lat' dir='ltr'>singulae</span> <span class='ocrx_word' id='word_1_122' title='bbox 444 1570 496 1623; x_wconf 89' lang='lat' dir='ltr'>aut</span> <span class='ocrx_word' id='word_1_123' title='bbox 513 1563 599 1625; x_wconf 86' lang='lat' dir='ltr'>binae</span> <span class='ocrx_word' id='word_1_124' title='bbox 623 1563 718 1646; x_wconf 84' lang='lat' dir='ltr'>luere,</span> <span class='ocrx_word' id='word_1_125' title='bbox 741 1565 943 1642; x_wconf 88' lang='lat' dir='ltr'>corrumpitur</span> <span class='ocrx_word' id='word_1_126' title='bbox 967 1559 1116 1621; x_wconf 86' lang='lat' dir='ltr'>salacitate</span> 
     </span>
     <span class='ocr_line' id='line_1_17' title="bbox 101 1649 1116 1730; baseline -0.001 -21"><span class='ocrx_word' id='word_1_127' title='bbox 101 1649 277 1712; x_wconf 78' lang='lat' dir='ltr'>fecunditas.</span> <span class='ocrx_word' id='word_1_128' title='bbox 313 1659 418 1730; x_wconf 87' lang='lat' dir='ltr'>partus</span> <span class='ocrx_word' id='word_1_129' title='bbox 442 1652 611 1713; x_wconf 78' lang='lat' dir='ltr'>excluditur</span> <span class='ocrx_word' id='word_1_130' title='bbox 639 1651 745 1718; x_wconf 90' lang='lat' dir='ltr'>diebus</span> <span class='ocrx_word' id='word_1_131' title='bbox 767 1659 815 1714; x_wconf 88' lang='lat' dir='ltr'>ter</span> <span class='ocrx_word' id='word_1_132' title='bbox 837 1652 961 1712; x_wconf 87' lang='lat' dir='ltr'>novenis</span> <span class='ocrx_word' id='word_1_133' title='bbox 985 1657 1036 1710; x_wconf 92' lang='lat' dir='ltr'>aut</span> <span class='ocrx_word' id='word_1_134' title='bbox 1058 1656 1116 1708; x_wconf 88' lang='lat' dir='ltr'>tar·</span> 
     </span>
     <span class='ocr_line' id='line_1_18' title="bbox 101 1738 373 1802; baseline 0.018 -5"><span class='ocrx_word' id='word_1_135' title='bbox 101 1738 170 1798; x_wconf 88' lang='lat' dir='ltr'>dius</span> <span class='ocrx_word' id='word_1_136' title='bbox 193 1741 373 1802; x_wconf 88' lang='lat' dir='ltr'>tricensimo.</span> 
     </span>
    </p>

    <p class='ocr_par' dir='ltr' id='par_1_5' title="bbox 102 1827 1170 2002">
     <span class='ocr_line' id='line_1_19' title="bbox 169 1827 1170 1912; baseline 0.001 -25"><span class='ocrx_word' id='word_1_137' title='bbox 169 1828 298 1889; x_wconf 80' lang='lat' dir='ltr'>Anseres</span> <span class='ocrx_word' id='word_1_138' title='bbox 320 1831 351 1889; x_wconf 92' lang='lat' dir='ltr'>in</span> <span class='ocrx_word' id='word_1_139' title='bbox 376 1847 452 1909; x_wconf 87' lang='lat' dir='ltr'>aqua</span> <span class='ocrx_word' id='word_1_140' title='bbox 474 1838 598 1912; x_wconf 73' lang='lat' dir='ltr'>coenant,</span> <span class='ocrx_word' id='word_1_141' title='bbox 625 1832 746 1910; x_wconf 89' lang='lat' dir='ltr'>pariunt</span> <span class='ocrx_word' id='word_1_142' title='bbox 768 1849 838 1891; x_wconf 91' lang='lat' dir='ltr'>vere</span> <span class='ocrx_word' id='word_1_143' title='bbox 862 1837 925 1912; x_wconf 92' lang='lat' dir='ltr'>aut,</span> <span class='ocrx_word' id='word_1_144' title='bbox 953 1830 980 1890; x_wconf 88' lang='lat' dir='ltr'>sl</span> <span class='ocrx_word' id='word_1_145' title='bbox 1005 1827 1170 1888; x_wconf 76' lang='lat' dir='ltr'>trumaioa</span> 
     </span>
     <span class='ocr_line' id='line_1_20' title="bbox 102 1918 1116 2002; baseline 0 -27"><span class='ocrx_word' id='word_1_146' title='bbox 102 1918 215 1999; x_wconf 86' lang='lat' dir='ltr'>coiere,</span> <span class='ocrx_word' id='word_1_147' title='bbox 241 1925 310 1996; x_wconf 89' lang='lat' dir='ltr'>post</span> <span class='ocrx_word' id='word_1_148' title='bbox 337 1918 510 2001; x_wconf 87' lang='lat' dir='ltr'>solstitium,</span> <span class='ocrx_word' id='word_1_149' title='bbox 538 1932 585 1981; x_wconf 77' lang='lat' dir='ltr'>xn</span> <span class='ocrx_word' id='word_1_150' title='bbox 609 1937 716 2002; x_wconf 86' lang='lat' dir='ltr'>prope,</span> <span class='ocrx_word' id='word_1_151' title='bbox 744 1919 790 1980; x_wconf 90' lang='lat' dir='ltr'>bis</span> <span class='ocrx_word' id='word_1_152' title='bbox 819 1937 909 2001; x_wconf 90' lang='lat' dir='ltr'>anno,</span> <span class='ocrx_word' id='word_1_153' title='bbox 937 1919 963 1979; x_wconf 93' lang='lat' dir='ltr'>si</span> <span class='ocrx_word' id='word_1_154' title='bbox 986 1918 1116 1997; x_wconf 89' lang='lat' dir='ltr'>priorem</span> 
     </span>
    </p>

    <p class='ocr_par' dir='ltr' id='par_1_6' title="bbox 62 2006 1171 2446">
     <span class='ocr_line' id='line_1_21' title="bbox 62 2006 1117 2091; baseline 0.005 -31"><span class='ocrx_word' id='word_1_155' title='bbox 62 2020 88 2060; x_wconf 79' lang='lat' dir='ltr'>ao</span> <span class='ocrx_word' id='word_1_156' title='bbox 102 2006 195 2068; x_wconf 85' lang='lat' dir='ltr'>letum</span> <span class='ocrx_word' id='word_1_157' title='bbox 219 2006 342 2085; x_wconf 88' lang='lat' dir='ltr'>gallinae</span> <span class='ocrx_word' id='word_1_158' title='bbox 366 2008 536 2091; x_wconf 83' lang='lat' dir='ltr'>excludant,</span> <span class='ocrx_word' id='word_1_159' title='bbox 559 2009 630 2071; x_wconf 86' lang='lat' dir='ltr'>alias</span> <span class='ocrx_word' id='word_1_160' title='bbox 652 2008 780 2089; x_wconf 90' lang='lat' dir='ltr'>plurima</span> <span class='ocrx_word' id='word_1_161' title='bbox 802 2027 857 2069; x_wconf 90' lang='lat' dir='ltr'>ova</span> <span class='ocrx_word' id='word_1_162' title='bbox 880 2007 1023 2088; x_wconf 88' lang='lat' dir='ltr'>sedecim,</span> <span class='ocrx_word' id='word_1_163' title='bbox 1047 2023 1117 2085; x_wconf 91' lang='lat' dir='ltr'>pau-</span> 
     </span>
     <span class='ocr_line' id='line_1_22' title="bbox 102 2095 1118 2180; baseline -0.001 -25"><span class='ocrx_word' id='word_1_164' title='bbox 102 2095 220 2156; x_wconf 81' lang='lat' dir='ltr'>cissima</span> <span class='ocrx_word' id='word_1_165' title='bbox 239 2105 362 2176; x_wconf 84' lang='lat' dir='ltr'>septem.</span> <span class='ocrx_word' id='word_1_166' title='bbox 391 2100 417 2159; x_wconf 91' lang='lat' dir='ltr'>si</span> <span class='ocrx_word' id='word_1_167' title='bbox 435 2100 487 2178; x_wconf 90' lang='lat' dir='ltr'>qui</span> <span class='ocrx_word' id='word_1_168' title='bbox 505 2097 660 2180; x_wconf 86' lang='lat' dir='ltr'>subripiat,</span> <span class='ocrx_word' id='word_1_169' title='bbox 678 2101 800 2178; x_wconf 89' lang='lat' dir='ltr'>pariunt</span> <span class='ocrx_word' id='word_1_170' title='bbox 817 2099 912 2158; x_wconf 89' lang='lat' dir='ltr'>donec</span> <span class='ocrx_word' id='word_1_171' title='bbox 931 2103 1118 2176; x_wconf 89' lang='lat' dir='ltr'>rumpantur.</span> 
     </span>
     <span class='ocr_line' id='line_1_23' title="bbox 103 2183 1171 2250; baseline 0.003 -7"><span class='ocrx_word' id='word_1_172' title='bbox 103 2183 196 2246; x_wconf 90' lang='lat' dir='ltr'>aliena</span> <span class='ocrx_word' id='word_1_173' title='bbox 216 2203 275 2246; x_wconf 92' lang='lat' dir='ltr'>uon</span> <span class='ocrx_word' id='word_1_174' title='bbox 295 2187 465 2248; x_wconf 84' lang='lat' dir='ltr'>excludunt.</span> <span class='ocrx_word' id='word_1_175' title='bbox 492 2187 659 2248; x_wconf 89' lang='lat' dir='ltr'>incubanda</span> <span class='ocrx_word' id='word_1_176' title='bbox 676 2187 775 2250; x_wconf 84' lang='lat' dir='ltr'>subici</span> <span class='ocrx_word' id='word_1_177' title='bbox 793 2187 985 2250; x_wconf 88' lang='lat' dir='ltr'>utilissimum</span> <span class='ocrx_word' id='word_1_178' title='bbox 1003 2196 1171 2246; x_wconf 83' lang='grc'>0010111103</span> 
     </span>
     <span class='ocr_line' id='line_1_24' title="bbox 103 2272 1120 2355; baseline 0.001 -23"><span class='ocrx_word' id='word_1_179' title='bbox 103 2282 153 2333; x_wconf 89' lang='lat' dir='ltr'>aut</span> <span class='ocrx_word' id='word_1_180' title='bbox 184 2274 332 2336; x_wconf 90' lang='lat' dir='ltr'>undecim.</span> <span class='ocrx_word' id='word_1_181' title='bbox 382 2276 525 2337; x_wconf 88' lang='lat' dir='ltr'>incubant</span> <span class='ocrx_word' id='word_1_182' title='bbox 552 2278 679 2338; x_wconf 87' lang='lat' dir='ltr'>lemiuae</span> <span class='ocrx_word' id='word_1_183' title='bbox 707 2285 822 2339; x_wconf 91' lang='lat' dir='ltr'>tantum</span> <span class='ocrx_word' id='word_1_184' title='bbox 851 2278 975 2338; x_wconf 88' lang='lat' dir='ltr'>tricenis</span> <span class='ocrx_word' id='word_1_185' title='bbox 1005 2272 1120 2355; x_wconf 89' lang='lat' dir='ltr'>diebus,</span> 
     </span>
     <span class='ocr_line' id='line_1_25' title="bbox 104 2363 1118 2446; baseline 0.003 -26"><span class='ocrx_word' id='word_1_186' title='bbox 104 2363 129 2420; x_wconf 89' lang='lat' dir='ltr'>si</span> <span class='ocrx_word' id='word_1_187' title='bbox 156 2379 226 2424; x_wconf 85' lang='lat' dir='ltr'>vero</span> <span class='ocrx_word' id='word_1_188' title='bbox 255 2363 418 2442; x_wconf 87' lang='lat' dir='ltr'>tepidiores</span> <span class='ocrx_word' id='word_1_189' title='bbox 447 2367 519 2446; x_wconf 83' lang='lat' dir='ltr'>sint,</span> <span class='ocrx_word' id='word_1_190' title='bbox 547 2379 629 2427; x_wconf 85' lang='lat' dir='ltr'><strong>xxv.</strong></span> <span class='ocrx_word' id='word_1_191' title='bbox 675 2367 764 2446; x_wconf 91' lang='lat' dir='ltr'>pullis</span> <span class='ocrx_word' id='word_1_192' title='bbox 792 2384 896 2427; x_wconf 92' lang='lat' dir='ltr'>eorum</span> <span class='ocrx_word' id='word_1_193' title='bbox 925 2367 1021 2426; x_wconf 82' lang='grc'>011100</span> <span class='ocrx_word' id='word_1_194' title='bbox 1049 2380 1118 2424; x_wconf 91' lang='lat' dir='ltr'>oon·</span> 
     </span>
    </p>

    <p class='ocr_par' dir='ltr' id='par_1_7' title="bbox 63 2453 1215 2870">
     <span class='ocr_line' id='line_1_26' title="bbox 63 2453 1119 2539; baseline 0.005 -32"><span class='ocrx_word' id='word_1_195' title='bbox 63 2466 89 2506; x_wconf 82' lang='lat' dir='ltr'>sc</span> <span class='ocrx_word' id='word_1_196' title='bbox 105 2457 185 2512; x_wconf 88' lang='lat' dir='ltr'>tactu</span> <span class='ocrx_word' id='word_1_197' title='bbox 207 2453 370 2535; x_wconf 80' lang='lat' dir='ltr'>mortifera,</span> <span class='ocrx_word' id='word_1_198' title='bbox 393 2471 449 2514; x_wconf 88' lang='lat' dir='ltr'>neo</span> <span class='ocrx_word' id='word_1_199' title='bbox 471 2457 570 2515; x_wconf 89' lang='lat' dir='ltr'>minus</span> <span class='ocrx_word' id='word_1_200' title='bbox 594 2455 729 2539; x_wconf 88' lang='lat' dir='ltr'>aviditas,</span> <span class='ocrx_word' id='word_1_201' title='bbox 757 2474 838 2516; x_wconf 78' lang='lat' dir='ltr'>urano</span> <span class='ocrx_word' id='word_1_202' title='bbox 861 2457 997 2516; x_wconf 87' lang='lat' dir='ltr'>satietate</span> <span class='ocrx_word' id='word_1_203' title='bbox 1020 2453 1119 2533; x_wconf 88' lang='lat' dir='ltr'>nimia,</span> 
     </span>
     <span class='ocr_line' id='line_1_27' title="bbox 104 2543 1215 2624; baseline 0 -25"><span class='ocrx_word' id='word_1_204' title='bbox 104 2557 184 2600; x_wconf 78' lang='lat' dir='ltr'>nimo</span> <span class='ocrx_word' id='word_1_205' title='bbox 212 2549 328 2603; x_wconf 79' lang='lat' dir='ltr'>saiamet</span> <span class='ocrx_word' id='word_1_206' title='bbox 349 2544 391 2624; x_wconf 93' lang='lat' dir='ltr'>vi,</span> <span class='ocrx_word' id='word_1_207' title='bbox 419 2543 536 2622; x_wconf 76' lang='lat' dir='ltr'>otiando</span> <span class='ocrx_word' id='word_1_208' title='bbox 560 2543 744 2624; x_wconf 88' lang='lat' dir='ltr'>adprehensa</span> <span class='ocrx_word' id='word_1_209' title='bbox 771 2543 870 2605; x_wconf 90' lang='lat' dir='ltr'>radice</span> <span class='ocrx_word' id='word_1_210' title='bbox 898 2561 1001 2604; x_wconf 87' lang='lat' dir='ltr'>morsu</span> <span class='ocrx_word' id='word_1_211' title='bbox 1031 2558 1120 2620; x_wconf 87' lang='lat' dir='ltr'>saepe</span> <span class='ocrx_word' id='word_1_212' title='bbox 1213 2595 1215 2599; x_wconf 81' lang='grc'>,</span> 
     </span>
     <span class='ocr_line' id='line_1_28' title="bbox 105 2630 1119 2712; baseline 0.001 -24"><span class='ocrx_word' id='word_1_213' title='bbox 105 2637 245 2690; x_wconf 90' lang='lat' dir='ltr'>conantes</span> <span class='ocrx_word' id='word_1_214' title='bbox 273 2630 399 2693; x_wconf 89' lang='lat' dir='ltr'>avellere</span> <span class='ocrx_word' id='word_1_215' title='bbox 432 2640 500 2694; x_wconf 89' lang='lat' dir='ltr'>ante</span> <span class='ocrx_word' id='word_1_216' title='bbox 528 2632 602 2693; x_wconf 90' lang='lat' dir='ltr'>colla</span> <span class='ocrx_word' id='word_1_217' title='bbox 625 2651 679 2694; x_wconf 88' lang='lat' dir='ltr'>sua</span> <span class='ocrx_word' id='word_1_218' title='bbox 702 2632 891 2712; x_wconf 88' lang='lat' dir='ltr'>abrumpunt.</span> <span class='ocrx_word' id='word_1_219' title='bbox 938 2639 1041 2691; x_wconf 90' lang='lat' dir='ltr'>eontra</span> <span class='ocrx_word' id='word_1_220' title='bbox 1070 2645 1119 2690; x_wconf 90' lang='lat' dir='ltr'>ur·</span> 
     </span>
     <span class='ocr_line' id='line_1_29' title="bbox 104 2719 1119 2792; baseline 0.002 -15"><span class='ocrx_word' id='word_1_221' title='bbox 104 2721 192 2778; x_wconf 85' lang='lat' dir='ltr'>ticam</span> <span class='ocrx_word' id='word_1_222' title='bbox 216 2719 381 2782; x_wconf 89' lang='lat' dir='ltr'>remedium</span> <span class='ocrx_word' id='word_1_223' title='bbox 405 2729 451 2792; x_wconf 82' lang='lat' dir='ltr'>est</span> <span class='ocrx_word' id='word_1_224' title='bbox 474 2729 637 2784; x_wconf 86' lang='lat' dir='ltr'>stramento</span> <span class='ocrx_word' id='word_1_225' title='bbox 661 2722 697 2783; x_wconf 87' lang='lat' dir='ltr'>ab</span> <span class='ocrx_word' id='word_1_226' title='bbox 724 2721 862 2784; x_wconf 90' lang='lat' dir='ltr'>incubitu</span> <span class='ocrx_word' id='word_1_227' title='bbox 890 2719 1009 2781; x_wconf 89' lang='lat' dir='ltr'>subdita</span> <span class='ocrx_word' id='word_1_228' title='bbox 1036 2719 1119 2780; x_wconf 80' lang='lat' dir='ltr'>radix</span> 
     </span>
     <span class='ocr_line' id='line_1_30' title="bbox 107 2825 218 2870; baseline 0.036 -4"><span class='ocrx_word' id='word_1_229' title='bbox 107 2825 218 2870; x_wconf 78' lang='lat' dir='ltr'>saraim.</span> 
     </span>
    </p>

    <p class='ocr_par' dir='ltr' id='par_1_8' title="bbox 66 2892 1234 3340">
     <span class='ocr_line' id='line_1_31' title="bbox 66 2892 1174 2984; baseline 0.006 -31"><span class='ocrx_word' id='word_1_230' title='bbox 66 2911 92 2952; x_wconf 85' lang='grc'>00</span> <span class='ocrx_word' id='word_1_231' title='bbox 171 2892 230 2960; x_wconf 83' lang='grc'>60.</span> <span class='ocrx_word' id='word_1_232' title='bbox 264 2899 451 2962; x_wconf 79' lang='lat' dir='ltr'>Ardiolarum</span> <span class='ocrx_word' id='word_1_233' title='bbox 478 2903 535 2962; x_wconf 89' lang='lat' dir='ltr'>tria</span> <span class='ocrx_word' id='word_1_234' title='bbox 558 2919 682 2981; x_wconf 89' lang='lat' dir='ltr'>genera:</span> <span class='ocrx_word' id='word_1_235' title='bbox 708 2901 829 2984; x_wconf 91' lang='lat' dir='ltr'>leucon,</span> <span class='ocrx_word' id='word_1_236' title='bbox 853 2900 987 2980; x_wconf 81' lang='lat' dir='ltr'>asterius,</span> <span class='ocrx_word' id='word_1_237' title='bbox 1009 2897 1174 2978; x_wconf 71' lang='lat' dir='ltr'>petrosim</span> 
     </span>
     <span class='ocr_line' id='line_1_32' title="bbox 105 2984 1119 3070; baseline 0.002 -26"><span class='ocrx_word' id='word_1_238' title='bbox 105 2984 135 3044; x_wconf 90' lang='lat' dir='ltr'>hi</span> <span class='ocrx_word' id='word_1_239' title='bbox 157 2988 187 3046; x_wconf 92' lang='lat' dir='ltr'>in</span> <span class='ocrx_word' id='word_1_240' title='bbox 211 2989 293 3048; x_wconf 89' lang='lat' dir='ltr'>coitu</span> <span class='ocrx_word' id='word_1_241' title='bbox 315 2998 474 3069; x_wconf 84' lang='lat' dir='ltr'>anguntur.</span> <span class='ocrx_word' id='word_1_242' title='bbox 511 3009 608 3052; x_wconf 90' lang='lat' dir='ltr'>mares</span> <span class='ocrx_word' id='word_1_243' title='bbox 632 2990 752 3070; x_wconf 73' lang='lat' dir='ltr'>nitidem</span> <span class='ocrx_word' id='word_1_244' title='bbox 775 3009 844 3052; x_wconf 92' lang='lat' dir='ltr'>cum</span> <span class='ocrx_word' id='word_1_245' title='bbox 867 2989 1031 3051; x_wconf 84' lang='lat' dir='ltr'>vociferatu</span> <span class='ocrx_word' id='word_1_246' title='bbox 1055 3003 1119 3047; x_wconf 90' lang='lat' dir='ltr'>san·</span> 
     </span>
     <span class='ocr_line' id='line_1_33' title="bbox 106 3075 1120 3160; baseline 0.003 -27"><span class='ocrx_word' id='word_1_247' title='bbox 106 3075 224 3151; x_wconf 89' lang='lat' dir='ltr'>guinem</span> <span class='ocrx_word' id='word_1_248' title='bbox 255 3079 344 3138; x_wconf 87' lang='lat' dir='ltr'>etiam</span> <span class='ocrx_word' id='word_1_249' title='bbox 374 3097 409 3140; x_wconf 82' lang='lat' dir='ltr'>en</span> <span class='ocrx_word' id='word_1_250' title='bbox 440 3079 535 3140; x_wconf 88' lang='lat' dir='ltr'>oculis</span> <span class='ocrx_word' id='word_1_251' title='bbox 567 3080 761 3160; x_wconf 81' lang='lat' dir='ltr'>profundunt.</span> <span class='ocrx_word' id='word_1_252' title='bbox 813 3099 868 3141; x_wconf 91' lang='lat' dir='ltr'>nec</span> <span class='ocrx_word' id='word_1_253' title='bbox 901 3080 1000 3140; x_wconf 90' lang='lat' dir='ltr'>minus</span> <span class='ocrx_word' id='word_1_254' title='bbox 1032 3093 1120 3155; x_wconf 86' lang='lat' dir='ltr'>aegre</span> 
     </span>
     <span class='ocr_line' id='line_1_34' title="bbox 106 3165 1173 3251; baseline 0.006 -29"><span class='ocrx_word' id='word_1_255' title='bbox 106 3165 224 3241; x_wconf 91' lang='lat' dir='ltr'>pariunt</span> <span class='ocrx_word' id='word_1_256' title='bbox 247 3167 391 3243; x_wconf 87' lang='lat' dir='ltr'>gravidae.</span> <span class='ocrx_word' id='word_1_257' title='bbox 437 3169 534 3248; x_wconf 84' lang='lat' dir='ltr'>aquila</span> <span class='ocrx_word' id='word_1_258' title='bbox 558 3171 681 3230; x_wconf 86' lang='lat' dir='ltr'>tricenis</span> <span class='ocrx_word' id='word_1_259' title='bbox 705 3168 810 3231; x_wconf 90' lang='lat' dir='ltr'>diebus</span> <span class='ocrx_word' id='word_1_260' title='bbox 833 3167 967 3251; x_wconf 89' lang='lat' dir='ltr'>incubat,</span> <span class='ocrx_word' id='word_1_261' title='bbox 996 3175 1025 3228; x_wconf 93' lang='lat' dir='ltr'>et</span> <span class='ocrx_word' id='word_1_262' title='bbox 1048 3166 1173 3228; x_wconf 80' lang='grc'>1010105</span> 
     </span>
     <span class='ocr_line' id='line_1_35' title="bbox 106 3253 1234 3340; baseline 0.004 -30"><span class='ocrx_word' id='word_1_263' title='bbox 106 3254 232 3312; x_wconf 91' lang='lat' dir='ltr'>maiores</span> <span class='ocrx_word' id='word_1_264' title='bbox 259 3253 359 3337; x_wconf 86' lang='lat' dir='ltr'>alites,</span> <span class='ocrx_word' id='word_1_265' title='bbox 392 3258 522 3320; x_wconf 86' lang='lat' dir='ltr'>minores</span> <span class='ocrx_word' id='word_1_266' title='bbox 550 3259 677 3340; x_wconf 89' lang='lat' dir='ltr'>vicenis,</span> <span class='ocrx_word' id='word_1_267' title='bbox 707 3267 741 3320; x_wconf 93' lang='lat' dir='ltr'>ut</span> <span class='ocrx_word' id='word_1_268' title='bbox 770 3257 880 3320; x_wconf 90' lang='lat' dir='ltr'>miluus</span> <span class='ocrx_word' id='word_1_269' title='bbox 911 3266 941 3318; x_wconf 88' lang='lat' dir='ltr'>et</span> <span class='ocrx_word' id='word_1_270' title='bbox 968 3257 1120 3334; x_wconf 86' lang='lat' dir='ltr'>accipiter.</span> <span class='ocrx_word' id='word_1_271' title='bbox 1233 3263 1234 3268; x_wconf 76' lang='grc'>’</span> 
     </span>
    </p>
   </div>
   <div class='ocr_carea' id='block_1_3' title="bbox 105 3417 317 3429">
    <p class='ocr_par' dir='ltr' id='par_1_9' title="bbox 105 3417 317 3429">
     <span class='ocr_line' id='line_1_36' title="bbox 105 3417 317 3429; baseline 0.024 -5"><span class='ocrx_word' id='word_1_272' title='bbox 105 3417 172 3425; x_wconf 63' lang='grc'><em>...-</em></span> <span class='ocrx_word' id='word_1_273' title='bbox 180 3419 317 3429; x_wconf 56' lang='lat' dir='ltr'>-a-u-m—</span> 
     </span>
    </p>
   </div>
   <div class='ocr_carea' id='block_1_4' title="bbox 105 3512 1121 3736">
    <p class='ocr_par' dir='ltr' id='par_1_10' title="bbox 105 3512 1121 3736">
     <span class='ocr_line' id='line_1_37' title="bbox 177 3512 1039 3606; baseline 0.006 -39"><span class='ocrx_word' id='word_1_274' title='bbox 177 3521 194 3596; x_wconf 39' lang='lat'>1,</span> <span class='ocrx_word' id='word_1_275' title='bbox 206 3512 328 3598; x_wconf 78' lang='lat' dir='ltr'>educent</span> <span class='ocrx_word' id='word_1_276' title='bbox 340 3515 511 3600; x_wconf 27' lang='lat' dir='ltr'>rllicneorr.</span> <span class='ocrx_word' id='word_1_277' title='bbox 594 3527 747 3606; x_wconf 68' lang='lat' dir='ltr'>3suepen.</span> <span class='ocrx_word' id='word_1_278' title='bbox 767 3537 833 3591; x_wconf 88' lang='lat' dir='ltr'>sepe</span> <span class='ocrx_word' id='word_1_279' title='bbox 846 3518 922 3603; x_wconf 55' lang='lat'>1²3².</span> <span class='ocrx_word' id='word_1_280' title='bbox 951 3535 1001 3575; x_wconf 85' lang='lat' dir='ltr'>cm.</span> <span class='ocrx_word' id='word_1_281' title='bbox 1016 3535 1039 3574; x_wconf 88' lang='grc'>1.</span> 
     </span>
     <span class='ocr_line' id='line_1_38' title="bbox 105 3583 1121 3662; baseline 0.007 -23"><span class='ocrx_word' id='word_1_282' title='bbox 105 3583 271 3640; x_wconf 72' lang='grc'>10011000.</span> <span class='ocrx_word' id='word_1_283' title='bbox 295 3605 335 3643; x_wconf 84' lang='grc'>-10</span> <span class='ocrx_word' id='word_1_284' title='bbox 353 3587 395 3642; x_wconf 70' lang='lat'>1².</span> <span class='ocrx_word' id='word_1_285' title='bbox 422 3605 503 3645; x_wconf 78' lang='grc'>-101,</span> <span class='ocrx_word' id='word_1_286' title='bbox 576 3595 611 3647; x_wconf 74' lang='lat'>24</span> <span class='ocrx_word' id='word_1_287' title='bbox 629 3591 780 3662; x_wconf 76' lang='lat' dir='ltr'>tepidiores</span> <span class='ocrx_word' id='word_1_288' title='bbox 795 3597 840 3648; x_wconf 86' lang='lat' dir='ltr'>dc.</span> <span class='ocrx_word' id='word_1_289' title='bbox 861 3608 947 3646; x_wconf 81' lang='grc'>-1101,</span> <span class='ocrx_word' id='word_1_290' title='bbox 1020 3594 1054 3644; x_wconf 77' lang='lat'>25</span> <span class='ocrx_word' id='word_1_291' title='bbox 1068 3605 1121 3646; x_wconf 90' lang='lat' dir='ltr'>neo</span> 
     </span>
     <span class='ocr_line' id='line_1_39' title="bbox 105 3654 1093 3736; baseline 0.008 -28"><span class='ocrx_word' id='word_1_292' title='bbox 105 3654 249 3714; x_wconf 63' lang='lat' dir='ltr'>munao.</span> <span class='ocrx_word' id='word_1_293' title='bbox 277 3675 312 3716; x_wconf 90' lang='lat' dir='ltr'>ne</span> <span class='ocrx_word' id='word_1_294' title='bbox 330 3677 354 3716; x_wconf 87' lang='lat' dir='ltr'>r.</span> <span class='ocrx_word' id='word_1_295' title='bbox 428 3665 463 3717; x_wconf 79' lang='lat'>30</span> <span class='ocrx_word' id='word_1_296' title='bbox 481 3661 608 3736; x_wconf 80' lang='grc'>00101100,</span> <span class='ocrx_word' id='word_1_297' title='bbox 627 3663 717 3736; x_wconf 85' lang='lat' dir='ltr'>pelles</span> <span class='ocrx_word' id='word_1_298' title='bbox 735 3681 760 3722; x_wconf 88' lang='grc'>0.</span> <span class='ocrx_word' id='word_1_299' title='bbox 789 3663 933 3735; x_wconf 84' lang='lat' dir='ltr'>suasperia</span> <span class='ocrx_word' id='word_1_300' title='bbox 950 3662 1047 3734; x_wconf 87' lang='lat' dir='ltr'>pelion</span> <span class='ocrx_word' id='word_1_301' title='bbox 1065 3662 1093 3718; x_wconf 87' lang='lat' dir='ltr'>ll.</span> 
     </span>
    </p>
   </div>
   <div class='ocr_carea' id='block_1_5' title="bbox 0 0 1290 3936">
    <p class='ocr_par' dir='ltr' id='par_1_11' title="bbox 0 0 1290 3936">
     <span class='ocr_line' id='line_1_40' title="bbox 0 0 1290 3936; baseline 0 0"><span class='ocrx_word' id='word_1_302' title='bbox 0 0 1290 3936; x_wconf 95' lang='lat' dir='ltr'> </span> 
     </span>
    </p>
   </div>
  </div>
 </body>
</html>
