2286 3938
146 237 209 305 256
494 251 525 298 c.
547 251 643 300 emm
665 251 813 300 saeuum

147 409 239 470 dietus
257 427 273 468 a
291 406 419 469 Graecis.
462 425 479 468 a
501 425 558 486 quo
580 409 728 487 navigatio
749 408 909 486 quatridui,
931 411 1133 488 promunturium

147 494 225 572 quod
240 492 375 572 Hesperu
396 510 480 552 ceras
496 500 616 554 vocatur
632 493 747 554 coullne
763 493 883 553 Alrieae
898 494 976 553 iuxta
991 493 1132 572 Aethiopas

147 577 319 658 Hesperios.
360 577 473 656 quidam
494 584 524 638 et
548 578 576 636 iu
594 593 631 637 eo
654 585 747 638 tractu
770 578 901 638 modicos
921 577 1014 639 colles
1034 595 1133 638 amoena

97 661 1133 826 198⁰pacibtlm(bobsbitbbsbl:biAbbiunlloss[bbbbubbqblepb'bbbbubbaplures

148 851 216 892 esse
239 829 356 891 tradidit
379 838 409 891 et
432 829 579 892 Eudoxus.
594 838 624 890 et
646 829 866 907 Timosthenes,
897 830 1057 892 Clitarchus
1077 849 1133 890 vero

147 915 315 976 Alexandro
340 916 405 993 regi
427 915 618 975 renuntiatam
639 913 712 975 adeo
733 915 853 976 divitem
877 925 908 976 ut
927 933 1021 993 equos
1041 915 1134 974 incolae

147 1000 263 1062 talentis
284 1001 345 1059 auri
369 1007 584 1078 permutarent,
611 999 747 1076 alteram,
773 999 822 1060 ubi
843 1017 927 1061 sacer
949 1001 1031 1060 mous
1046 1016 1134 1078 opacus

31 1081 34 1086 ’
148 1085 220 1144 silva
238 1091 374 1163 repertus
392 1093 489 1159 esset,
512 1083 678 1144 destillante
694 1084 849 1144 arboribus
869 1083 963 1144 odore
983 1086 1070 1144 mirae
1087 1101 1134 1142 sua·

148 1170 254 1229 uitatis.
293 1166 401 1229 Contra
420 1169 511 1228 sinum
535 1167 683 1228 Persicum
703 1167 799 1228 Cerne
821 1170 984 1230 nominatur
1001 1168 1087 1228 insula
1100 1168 1133 1227 ad·

146 1271 233 1314 versa
248 1251 443 1332 Aethiopiae,
465 1254 546 1312 cuius
562 1269 657 1330 neque
672 1252 838 1329 magnitudo
856 1272 953 1332 neque
973 1253 1133 1314 interuallum

147 1340 346 1404 acontioeute
361 1346 486 1398 constat.
515 1336 679 1416 Aethiopas
697 1345 804 1398 tantum
820 1336 949 1418 populos
964 1337 1070 1398 habere
1085 1353 1133 1414 pro

96 1431 146 1484 100
157 1421 243 1483 ditur.
273 1419 408 1499 Ephorus
425 1430 526 1482 auctor
543 1430 589 1481 est
608 1439 624 1481 a
645 1421 746 1483 Rubro
768 1423 839 1483 mari
858 1424 1031 1500 navigantes
1047 1421 1072 1480 in
1087 1439 1133 1480 em

146 1523 204 1566 non
225 1523 316 1584 posse
334 1515 458 1585 propter
476 1504 597 1566 ardores
614 1505 689 1566 ultra
704 1506 841 1584 quasdam
863 1505 1013 1568 columnas
1035 1507 1084 1583 (ita
1098 1521 1133 1582 ap·

145 1589 291 1669 pella'ntur
304 1607 412 1668 parvae
424 1589 550 1669 insulae)
567 1589 699 1668 provehi.
728 1589 869 1669 Polybius
887 1593 915 1652 iu
932 1600 1063 1650 extrema
1075 1588 1133 1648 blau

145 1675 256 1736 retania
274 1683 373 1734 contra
396 1683 522 1735 montem
543 1675 691 1736 Atlantem
712 1693 728 1734 a
752 1685 830 1736 terra
850 1674 941 1736 stadia
956 1673 1028 1734 Vlll
1049 1675 1133 1733 abesse

144 1758 272 1838 prodidit
295 1756 427 1835 Cernen,
450 1758 552 1838 Nepos
568 1757 722 1820 Cornelius
742 1779 781 1820 ex
800 1761 925 1822 aduerso
941 1761 1064 1819 maxime
1083 1757 1133 1816 Car·

144 1843 271 1922 thaginis
290 1862 306 1904 a
328 1845 496 1904 continente
520 1861 597 1923 pass.
616 1841 661 1921 bl,
685 1861 743 1904 non
764 1845 933 1923 ampliorem
947 1845 1069 1904 circuitu
1082 1839 1131 1901 llll.

145 1927 279 1989 Traditur
297 1936 327 1990 et
348 1927 403 1988 alia
417 1927 511 1988 insula
528 1937 626 1988 contra
648 1937 774 1988 montem
790 1929 952 2006 Atlantem,
981 1937 1012 1988 et
1025 1930 1083 2007 ipsa
1096 1927 1133 1983 At·

144 2013 230 2072 lantis
246 2011 402 2091 appellata.
433 2013 469 2073 ab
486 2031 521 2074 ea
537 2011 564 2070 V
580 2013 689 2072 dierum
704 2015 963 2094 praenavigatione
981 2011 1135 2074 solitudines

145 2096 179 2156 ad
205 2095 367 2174 Aethiopas
389 2095 551 2174 Hesperios
577 2106 608 2158 et
634 2099 860 2175 promunturium
883 2097 960 2176 quod
990 2099 1131 2158 vocavimus

101 2200 135 2234 or
144 2177 279 2259 llesperu
292 2198 391 2255 ceras,
407 2181 474 2240 iude
487 2182 607 2260 primum
619 2183 833 2258 circumagente
849 2200 883 2242 se
899 2190 1042 2242 terrarum
1056 2181 1131 2240 ironte

90 2276 143 2327 200
156 2267 184 2324 in
209 2281 341 2324 occasum
362 2283 395 2325 ac
417 2283 495 2326 mare
519 2264 703 2326 Atlanticum.
741 2263 850 2326 Contra
872 2265 930 2326 hoe
948 2282 1064 2344 quoque
1083 2279 1134 2341 pro·¹

144 2349 314 2408 munturium
335 2347 486 2428 Gorgades
507 2349 619 2410 insulae
636 2358 803 2427 narrantur,
824 2349 994 2428 Gorgonum
1012 2347 1131 2429 quondam

145 2433 283 2511 domuus,
302 2433 379 2494 bidui
402 2435 588 2512 navigatione
606 2433 747 2494 distantes
769 2451 785 2494 a
806 2437 994 2511 continente,
1016 2441 1045 2493 ut
1064 2430 1130 2491 tradit

144 2517 309 2598 Xenophon
324 2517 544 2597 Lampsacenus.
575 2523 739 2596 penetravit
753 2521 782 2579 in
803 2537 853 2580 eas
868 2517 969 2578 Hnnno
988 2517 1131 2578 Poenorum

143 2605 302 2682 imperator
317 2601 502 2682 prodiditque
516 2601 590 2662 birta
611 2603 779 2663 laminarum
795 2619 938 2682 corpora,
953 2604 1036 2664 viros
1056 2599 1133 2680 perui-¹

143 2691 231 2749 citate
258 2690 406 2765 evasisse,
433 2686 609 2766 duarumque
635 2684 799 2765 Gorgadum
822 2697 904 2748 cutes
931 2688 1087 2766 argumenti
1109 2689 1130 2742 rt

141 2772 270 2833 miraculi
290 2774 384 2850 gratia
405 2773 434 2832 in
453 2771 571 2832 lunonis
594 2761 703 2850 t'emplo
723 2773 986 2851 posuitspeotatas
1004 2763 1129 2850 usquead

88 2864 138 2916 201
154 2854 358 2934 Carthaginem
371 2866 491 2935 captam.
527 2854 609 2915 Ultra
630 2855 681 2914 has
699 2859 852 2916 etiamnum
869 2857 941 2917 duae
957 2853 1132 2935 Hesperidum

141 2939 252 3000 insulae
272 2949 438 3017 narrantur,
460 2940 592 3018 adeoque
613 2943 706 3000 omnia
726 2941 803 3001 eirca
823 2941 880 3002 boe
902 2943 1014 3002 incerta
1035 2946 1093 2999 suut
1108 2943 1128 2992 ut

71 3067 73 3072 .
141 3024 249 3083 Statius
266 3023 397 3085 Sebosus
414 3043 430 3085 a
446 3024 612 3102 Gorgonum
629 3024 731 3084 insulis
748 3027 1008 3103 praenavigatione
1023 3021 1128 3084 Atlantis

140 3108 251 3168 dierum
266 3106 315 3167 lib
330 3109 365 3168 ad
380 3108 571 3188 Hesperidum
583 3108 692 3170 insulas
704 3127 819 3169 cursum
830 3109 1005 3188 prodiderit,
1015 3107 1051 3168 ab
1063 3107 1093 3164 iis
1103 3101 1131 3162 ad

140 3191 274 3271 Hesperu
291 3209 373 3252 ceras
385 3195 476 3254 unius.
503 3209 557 3252 uec
569 3191 766 3254 Mauretaniae
782 3193 937 3254 insularum
954 3193 1062 3253 certior
1071 3191 1127 3250 lant

140 3285 196 3338 est.
229 3293 334 3356 paucas
350 3277 435 3339 modo
453 3284 567 3338 constat
582 3295 651 3338 esso
668 3297 707 3338 ex
722 3277 849 3338 adverso
866 3271 1125 3338 Autololumaluba

138 3370 290 3441 repertas,
305 3363 335 3421 iu
350 3362 454 3440 quibus
465 3359 641 3424 Gaetulicam
654 3381 808 3442 purpuram
824 3365 960 3439 tinguere
971 3361 1130 3436 instituerat

85 3454 138 3506 202
210 3443 263 3509 32.
280 3445 363 3528 (37.)
379 3446 451 3506 Sunt
465 3448 513 3526 qui
528 3445 602 3508 ultra
617 3465 667 3508 eas
680 3446 854 3507 Fortunatas
867 3454 967 3526 putant
981 3463 1048 3506 esse
1059 3457 1123 3534 quat·

51 3585 52 3588 ,
138 3529 258 3608 demque
285 3531 372 3610 alins,
400 3549 517 3612 quarum
539 3548 659 3592 numero
683 3531 759 3592 idem
782 3531 912 3592 Sebosus
939 3533 1023 3592 etiam
1049 3531 1123 3605 spattt
