2392 3946
251 155 335 212 NAT.
353 155 446 212 Hiar.
466 155 518 212 xv
538 136 642 213 1o-ee
664 143 790 228 (ιι-ιι)
962 158 1028 222 409

25 307 137 388 setania,
160 308 282 367 tertium
300 306 470 388 degenerat,
492 304 653 367 anthedoni
673 314 772 367 tamen
795 307 929 389 similius,
952 308 1032 387 quod
1070 337 1072 342 ·

25 394 160 457 Gallicum
191 403 304 457 vocant.
364 398 494 456 setaniae
526 397 622 457 maius
653 413 776 476 pomum
808 396 1033 479 candidiusque,
1111 389 1116 400 ’

24 487 94 546 acini
122 483 256 545 molliore
288 484 382 566 ligno,
415 486 525 546 ceteris
556 486 655 546 minus
686 503 822 568 pomum,
854 486 907 546 sed
940 485 1031 547 odore

22 575 215 654 praestantius
238 581 269 634 et
291 573 371 653 quod
394 573 506 636 diutius
531 582 675 635 servetur.
712 572 802 634 arbor
824 575 888 654 ipsa
911 574 948 635 de
972 593 1031 636 am-

2 663 163 742 splissimis.
205 662 274 724 lolia
293 671 451 743 antequam
470 662 608 725 decidant
625 661 800 745 rubescunt,
822 662 938 724 radices
956 663 1031 726 mul·

22 761 62 812 tae
81 759 169 832 atquc
188 751 263 813 altae
280 760 312 813 et
328 753 396 814 ideo
414 750 661 833 inexstirpabilcs.
697 770 758 813 non
776 752 834 813 luit
850 751 924 813 haee
943 751 1032 814 arhor

22 843 49 901 in
70 840 151 902 ltalia
176 839 296 902 Catonis
319 859 399 904 aevo,

81 925 137 993 21.
170 923 245 1014 (23)
276 929 378 992 Sorbis
409 929 593 1011 quadruplex
623 930 798 992 differentia.
857 929 922 992 aliis
952 931 1031 992 enim
1051 933 1088 987 8⁶

22 1037 118 1080 eorum
151 1019 320 1080 rotunditas
350 1019 433 1102 mali,
464 1018 528 1080 aliis
558 1017 721 1082 turbinatio
750 1021 822 1102 piri,
854 1019 918 1080 aliis
948 1026 1033 1082 ovata

2 1111 127 1186 especies
151 1127 208 1169 cen
230 1108 377 1169 malornm
400 1107 514 1188 aliquis.
559 1107 633 1169 haec
656 1107 783 1170 obnoxia
806 1110 895 1172 acori.
941 1108 1032 1171 odore

23 1205 48 1258 et
69 1199 212 1260 suavitate
235 1197 364 1259 rotunda
382 1197 575 1280 praecellunt,
599 1200 708 1258 ceteris
726 1198 788 1258 vini
811 1215 906 1277 sapor.
943 1215 1032 1277 qene-

23 1288 165 1348 rosissima
196 1285 306 1366 quibus
336 1288 417 1348 circa
444 1285 600 1367 pediculos
629 1295 733 1348 tenera
762 1285 840 1347 lolia.
893 1295 1033 1365 quartum

23 1393 107 1453 genus
129 1375 288 1436 torminale
311 1375 473 1458 appellant,
500 1375 632 1436 remedio
656 1385 771 1437 tantum
794 1374 960 1457 probabile,
983 1375 1032 1435 ad-

24 1464 133 1525 siduum
164 1472 314 1546 proventu
345 1465 561 1544 minimumque
598 1481 700 1546 pomo,
737 1463 844 1524 arbore
881 1465 1033 1546 dissimile,

2 1552 92 1614 aioliis
117 1571 214 1634 paene
241 1553 360 1634 platani.
410 1572 472 1614 non
499 1554 601 1615 lerunt
627 1561 695 1615 ante
723 1555 878 1614 trimatum
908 1572 944 1614 ex
971 1553 1032 1614 ullo

23 1660 130 1721 genere
178 1641 264 1704 Cato
288 1651 319 1703 et
341 1641 430 1703 sorba
453 1641 541 1704 condi
564 1661 633 1723 sapa
656 1642 756 1704 tradit.

35 1727 139 1794 ’22
159 1725 235 1816 (24)
254 1730 298 1792 nh
317 1731 364 1792 his
382 1731 482 1793 locum
500 1731 693 1812 amplitudine
712 1712 935 1813 vindicaverint,
953 1724 1029 1811 qua'e
1048 1735 1086 1788 86

23 1837 131 1882 cessere
155 1823 348 1902 auctoritate,
375 1838 468 1882 nuces
491 1821 659 1903 iuglandes,
687 1838 865 1926 quamquam
893 1827 924 1880 et
949 1823 1031 1899 ipsae

23 1910 191 1990 nuptialium
210 1908 465 1971 Fescenninorum
484 1911 617 1992 comites,
640 1909 768 1972 multum
786 1911 883 1990 pineis
901 1910 1033 1970 minores

4 1999 207 2061 aniversitate
240 1998 421 2078 eaedemque
451 2001 590 2079 portione
622 1998 781 2080 ampliores
812 1995 927 2059 nucleo.
977 2015 1033 2058 nec

21 2105 74 2148 non
91 2097 121 2150 et
138 2088 237 2149 bonor
255 2090 292 2148 iis
311 2096 435 2150 naturae
453 2086 613 2168 peculiaris
631 2089 749 2168 gemino
768 2089 912 2168 protectis
935 2087 1032 2166 operi·

21 2184 126 2260 mento,
157 2176 304 2258 pulvinati
333 2180 464 2257 primum
494 2176 616 2259 calpcis,
645 2195 714 2238 mox
743 2175 834 2256 lignei
862 2177 1032 2257 putaminis.

22 2283 88 2343 quac
118 2283 210 2328 causa
240 2283 291 2326 eas
321 2268 433 2345 nuptiis
463 2267 535 2328 lecit
566 2266 734 2348 religiosas,
765 2273 811 2327 tot
841 2265 938 2327 modis
970 2265 1033 2325 letu

21 2357 141 2438 nvinito,
165 2354 245 2434 quod
269 2363 316 2415 est
337 2357 401 2415 veri
425 2355 552 2416 similius
575 2373 664 2434 quam
687 2357 757 2435 qnia
780 2354 912 2415 cadendo
939 2356 1033 2434 tripu-

5 2442 97 2504 rdium
125 2445 274 2506 sonivium
302 2443 419 2504 iaciant.
470 2451 501 2504 et
526 2443 579 2504 has
603 2463 619 2505 e
643 2443 765 2505 Perside
793 2443 915 2522 regibus
937 2449 1032 2502 trans·
1052 2445 1088 2496 87

20 2530 85 2592 latas
106 2533 219 2594 indicio
243 2539 314 2594 sunt
336 2532 448 2594 Graeca
471 2534 599 2595 nomina.
637 2535 782 2613 optimum
805 2533 914 2610 quippe
939 2548 1033 2609 genus

22 2637 116 2682 earnm
138 2621 296 2683 Persicum
326 2630 416 2701 atque
446 2620 590 2684 basilicon
620 2629 735 2683 vocant.
787 2627 818 2680 et
844 2620 917 2680 haec
947 2619 1032 2680 luere

21 2711 108 2786 prima
130 2711 262 2772 nomina.
309 2728 418 2790 caryon
442 2727 458 2771 a
482 2713 586 2792 capitis
605 2710 763 2790 gravedine
785 2717 910 2789 proptor
933 2706 1033 2767 odoris

21 2801 188 2875 gravitatem
206 2801 346 2861 convenit
364 2799 485 2861 dictum.
519 2803 676 2879 tinguntur
695 2799 808 2860 cortice
826 2815 930 2859 earum
948 2794 1031 2856 lanae

7 2895 47 2946 >et
67 2889 184 2950 rufatur
207 2888 331 2969 capillus
349 2891 479 2970 primum
497 2887 715 2969 prodeuntibus
737 2887 864 2948 nuculis.
900 2885 931 2946 id
955 2901 1033 2945 com·

20 2984 132 3053 portum
158 2977 278 3039 iniectis
305 2985 433 3040 tractatu
460 2977 609 3054 manibus..
650 2979 851 3058 pinguescunt
877 2981 1033 3042 vetustate.

86 3225 237 3290 ipomnm
255 3217 359 3274 estne
435 3225 468 3274 10
487 3219 633 3288 aliquisd
662 3219 736 3274 -ibus
754 3235 798 3274 re
823 3216 910 3287 lacti
928 3215 1034 3270 adedcl.

20 3290 143 3345 onteGel.
217 3296 250 3344 12
265 3293 363 3346 tenera
376 3306 427 3345 em.
437 3291 545 3346 Medd.
554 3290 711 3346 onteBarb.
780 3296 813 3346 17
828 3285 1037 3344 uindicauerint

20 3364 103 3413 1)ch
113 3362 168 3417 eod
180 3361 262 3429 Ottiff.
290 3363 369 3414 -runt
386 3378 432 3417 ev.
505 3367 540 3417 20
558 3361 772 3416 uniuersitatem
789 3365 859 3418 nod
881 3361 886 3428 Ι
907 3357 1034 3412 eaedem

21 3447 113 3497 queo
141 3432 205 3488 ead·
223 3434 252 3488 ll
326 3438 359 3487 22
380 3431 477 3487 calicis
494 3434 627 3489 Daoedd
638 3433 777 3488 anteBaa.
787 3432 861 3486 Detl.
889 3431 940 3497 cfr.
955 3427 1034 3499 §64

20 3503 56 3556 aie
73 3519 175 3572 semper
192 3505 275 3559 etiam
293 3503 380 3570 infra.
464 3509 535 3559 252,
552 3503 663 3574 perside
682 3507 731 3558 22.
757 3505 762 3572 Ι
785 3501 946 3584 regionibus
965 3517 989 3552 c
1018 3513 1037 3552 a

20 3574 129 3642 regibus
147 3575 204 3631 edd
215 3579 280 3629 ante
289 3574 351 3629 sut
425 3569 1035 3642 aceto.eommeczt.1nueleisn⁹ecta.

21 3645 145 3700 anteGel
217 3647 424 3700 occaecatum
442 3662 486 3700 ce.
