2302 3938
201 227 278 274 nnn.
294 226 388 276 tarsu.
404 227 468 276 ιω.
483 222 570 274 5-7.
588 215 711 295 (6-11.)
902 213 964 279 159

16 381 101 462 lipsiam
121 380 215 460 Argos.
242 390 346 462 portus
371 382 561 461 Schoenitas,
594 383 675 444 sinus
706 383 862 444 Saronicus
894 381 965 444 olim

16 484 86 545 perro
100 483 204 528 nemore
225 466 394 544 redimitus,
415 467 490 528 unde
513 485 619 528 nomen
640 469 679 528 ita
700 466 822 529 Graecia
846 470 962 547 antiqua

16 549 960 715 ltlll‘hlttjtnht„llltlthli'tlttsltttltt

16 725 30 778 rt
42 717 186 798 Bucephalus
207 728 237 780 ot
257 737 330 800 quas
352 737 440 800 supro
457 720 622 781 dixeramus
646 719 834 798 Cenchreae,
860 719 960 782 lsthmi
973 745 996 780 o

16 819 51 880 prs
59 802 129 864 altera
139 821 197 864 cum
208 802 333 865 delubro
341 803 469 884 Neptuni
479 805 740 886 quinquennalibus
752 805 862 866 incluto
875 805 959 868 ludis.

16 883 127 948 insinuas
139 887 334 968 Peloponnesi
357 905 435 950 oram
451 889 615 966 lancinant,
637 897 682 950 tot
696 891 784 950 maria
807 890 959 968 adlatrant,
978 897 1012 950 lo

16 970 102 1048 liquidem
113 991 127 1033 a
140 975 341 1052 septentrione
357 973 467 1034 lonium
481 975 629 1054 inrumpit,
644 974 680 1035 ah
693 974 846 1035 occidente
858 974 959 1036 Siculo

16 1055 100 1134 pdntm,
113 1076 127 1118 a
138 1057 256 1119 meridie
272 1055 393 1120 Cretico
410 1069 560 1137 urguetur,
576 1057 613 1119 ab
629 1061 744 1119 oriente
760 1058 882 1120 brumali
900 1059 959 1119 Ae·

16 1153 62 1217 pro,
72 1140 98 1201 ab
113 1144 217 1204 oriente
233 1143 382 1204 solstitiali
395 1141 512 1221 llyrtoo
530 1143 607 1223 quod
621 1159 637 1203 a
650 1143 799 1222 Megarico
815 1145 959 1222 incipieus

16 1223 46 1282 inu
55 1234 122 1286 totam
134 1227 249 1288 Atticen
264 1227 363 1289 adluit.

45 1307 64 1368 6.
81 1309 149 1391 (10.)
170 1310 387 1373 Mediterranea
408 1313 472 1373 eius
490 1311 614 1374 Arcadia
636 1314 759 1374 maximo
775 1320 859 1373 tenet
879 1311 958 1372 undi-
975 1317 1012 1372 20

16 1399 41 1470 pe
52 1412 62 1452 a
73 1397 129 1456 nari
142 1405 265 1474 remota,
280 1398 364 1458 initio
379 1395 555 1474 Drymodes,
569 1413 638 1457 mox
653 1397 787 1473 Pelasgis
803 1395 958 1478 appellata.

16 1473 141 1554 lppilaeius
155 1479 299 1560 Psophis,
318 1479 480 1558 Mantinea,
503 1479 718 1561 Stymphalum,
736 1481 853 1560 Tegea,
877 1480 959 1542 Auti-

16 1575 77 1639 puea,
99 1563 318 1644 Orchomenum,
346 1565 510 1643 Pheneum,
536 1563 695 1626 Palantium
720 1566 796 1627 uude
821 1565 959 1626 Palatium

16 1641 82 1725 lonae,
95 1647 294 1730 liegaldpolis,
310 1648 449 1727 Gortyna,
463 1649 624 1726 Bucolium,
639 1647 777 1729 Carnion,
793 1649 959 1728 Parrhasio,

16 1723 111 1811 helprae,
121 1732 301 1812 llelaeneae,
316 1733 442 1812 Heraea,
453 1733 556 1812 Pylae,
570 1733 702 1812 Pallene,
717 1734 827 1812 Agnae,
843 1733 959 1812 Epium,

16 1809 131 1895 hraethaa,
146 1818 262 1900 Leprae
277 1817 434 1897 Arcadiae,
447 1817 644 1896 Parthenium,
656 1819 742 1896 Alea,
753 1817 959 1896 Methydrium,

16 1891 87 1979 luipo,
102 1901 263 1981 haustum,
277 1903 412 1982 Lampia,
429 1900 597 1981 Clitorium,
615 1902 757 1966 Cleonae.
790 1906 868 1964 inter
884 1919 959 1982 quae

17 1977 134 2065 hoppha
154 1991 241 2067 regio
260 1987 370 2050 Nemea
388 1996 435 2048 est
457 1997 487 2048 et
507 1987 690 2049 Bembinadia
705 1988 843 2049 uocitata.
876 1986 956 2047 ilon-
978 1996 1006 2047 21

17 2053 61 2127 hain
73 2071 177 2133 Arcadia
191 2073 308 2136 Pholoe
323 2091 386 2139 cum
401 2073 522 2152 oppido,
539 2075 609 2135 item
625 2071 765 2152 Cyllene,
780 2071 911 2149 Lycaeus
929 2073 959 2132 in

17 2151 124 2292 pplpcaei
137 2156 214 2218 lovis
226 2157 391 2260 delubrum,
402 2155 562 2256 Maenalus,
572 2157 762 2258 ⁸Artemisiae,
775 2156 959 2248 Parthenius,

18 2240 960 2405 2„ltlthttlttitilletintinniithh:

18 2399 137 2484 lllpleum
150 2412 292 2474 defluens.
330 2409 475 2490 Reliquae
490 2412 625 2473 civitates
648 2413 678 2472 in
692 2410 803 2488 Achaia
819 2409 958 2472 dicendae
976 2419 1010 2470 22

18 2459 136 2573 liphne,
156 2496 309 2572 Aheatae,
332 2493 519 2574 Pyrgenses,
541 2495 735 2574 Paroreatae,
755 2495 958 2573 Paragenitae,

19 2565 96 2654 lorturi,
110 2578 254 2661 Typanei,
273 2579 418 2657 Thriusii,
440 2579 614 2642 Tritienses.
651 2579 814 2642 Universae
829 2579 959 2640 Achaiae

19 2651 117 2722 inararem
130 2663 274 2726 Domitius
289 2664 369 2726 Nero
384 2663 474 2726 dedit.
496 2663 720 2745 Peloponnesus
736 2667 766 2724 ih
781 2663 966 2724 latitudinem

19 2749 175 2814 ¹promunturio
186 2749 304 2812 llaleae
320 2748 355 2810 ad
371 2749 506 2829 oppidum
523 2749 649 2828 Aegium
665 2747 843 2810 Corinthiaci
859 2749 958 2808 sinuus

20 2813 86 2919 ,mu
100 2850 170 2912 pass.
186 2843 288 2915 patet,
308 2842 337 2894 at
357 2835 387 2894 in
408 2841 607 2895 transversum
628 2833 663 2894 ab
684 2831 770 2894 Elide
784 2829 958 2910 Epidaurum

20 2901 74 2969 ¹llll
86 2914 123 2995 ll,
143 2919 176 2980 ah
199 2918 335 3000 Olympia
355 2918 456 2998 Argos
477 2937 532 2998 per
556 2917 708 2979 Arcadiam
729 2915 847 2978 EXVlll
861 2913 901 2992 lli,
922 2914 957 2975 ab

20 2991 71 3054 nim
81 2999 135 3062 looo
149 3004 182 3065 ad
193 3004 295 3082 Pylum
310 3005 367 3064 ianr
384 3003 460 3064 dicta
470 3021 606 3064 mensura
621 3011 676 3063 est.
698 3003 834 3062 univorsa
851 3009 957 3078 antem,
972 3021 994 3058 u

21 3073 57 3135 nlo
66 3097 183 3159 pensante
200 3106 361 3170 aequorum
377 3090 664 3168 incursuusnatura,
686 3087 715 3146 in
730 3094 845 3146 montes
860 3084 902 3145 Vl
919 3093 961 3144 at·
1017 3097 1020 3105 ’

21 3171 43 3232 pe
51 3162 106 3229 hill
117 3173 272 3236 extollitur.

25 3325 29 3340 .
48 3245 65 3306 l·
79 3251 145 3335 (11.)
159 3258 205 3320 Ab
221 3257 324 3320 lsthmi
342 3258 485 3336 angustiis
502 3255 602 3318 Hellas
624 3256 726 3334 incipit
742 3255 854 3316 nostris
869 3252 957 3314 Gree-
975 3261 1009 3312 23

22 3339 172 3414 capellata.
213 3341 247 3404 ln
268 3362 304 3405 ea
331 3349 423 3422 prima
444 3342 544 3403 Attice
565 3342 722 3420 antiquitus
744 3339 821 3400 Acte
844 3347 957 3399 vocata.

22 3409 90 3493 lttirqit
100 3423 223 3488 isthmum
238 3436 323 3508 parte
339 3429 384 3489 sui
401 3445 475 3506 quae
490 3425 656 3506 appellatur
668 3423 796 3502 Megaris
812 3441 828 3483 a
842 3423 958 3484 colonia

22 3487 96 3585 lepra,
114 3528 128 3571 e
146 3515 268 3592 regione
292 3511 444 3591 Pagarum.
480 3511 537 3574 duo
560 3511 634 3572 haee
657 3509 762 3590 oppida
783 3514 957 3588 cacurrente
