2396 3940
145 155 211 223 282
491 153 520 210 o.
539 147 815 209 rnmrsnoorvm

145 307 285 370 nouella
302 303 394 388 avida,
416 303 527 386 platani
550 310 631 366 satae
653 315 868 382 regeneravere
891 301 1004 381 vitium,
1027 295 1141 378 quande
1183 341 1184 346 η

145 398 266 480 quidem
284 393 501 458 commendatio
519 391 635 454 arboris
653 393 719 453 eius
736 407 798 452 non
816 389 872 450 alia
889 389 984 450 maior
1002 393 1047 448 est
1068 401 1145 466 pam

90 493 127 546 11
146 487 225 550 soles
254 493 365 550 aestate
395 501 512 565 arcere,
543 481 641 542 bieme
671 479 836 541 admittere.
887 477 957 538 inde
987 477 1018 536 in
1047 474 1146 536 ltaliam

146 595 265 658 quoque
288 575 324 638 ad
348 572 519 636 suburbana
541 590 594 632 sua
613 569 734 632 Claudio
753 569 888 651 principe
906 564 1037 627 Marcelli
1054 564 1146 624 deser·
1184 585 1185 596 ¹

145 668 209 728 nini
235 663 374 746 libertus,
397 659 450 724 sed
474 663 526 742 qui
549 679 581 722 se
604 661 753 741 potentiae
776 673 866 721 causa
888 655 1023 718 Caesaris
1044 651 1166 717 libertist

146 755 329 836 adoptasset,
362 752 453 834 spado
480 750 669 812 Thessalicus
695 748 864 831 praedives,
896 751 931 808 ut
963 748 1070 816 merito
1099 744 1147 805 dici

144 845 240 926 possit
262 845 288 904 is
307 859 426 922 quoquc
444 841 612 923 Dionysius,
633 838 787 922 transtulit
803 838 834 900 id
852 853 957 918 genus.
994 835 1148 914 durantque

146 942 177 995 et
202 935 234 993 in
260 931 343 994 ltalia
370 938 509 1012 portenta
537 939 687 992 terrarum
714 935 836 1010 praeter
862 926 913 988 illa
943 926 1058 988 scilicet
1085 941 1149 1004 quae

145 1023 209 1103 ipsa
232 1022 409 1101 excogitavit
430 1020 520 1082 ltalia.

93 1119 128 1170 13
213 1107 246 1174 2.
266 1102 319 1194 (6)
341 1109 476 1190 Namque
494 1117 525 1171 et
544 1107 774 1189 chamaeplatani
793 1115 938 1168 vocantur
955 1113 1075 1167 ooaome
1092 1103 1149 1164 bre·
1161 1113 1179 1156 1t

145 1197 257 1282 vitatis,
285 1201 426 1280 quoniam
448 1198 590 1260 arborium
618 1200 707 1260 eiiam
733 1197 856 1259 abortus
883 1197 1062 1258 invenimus.
1103 1193 1150 1253 boo

147 1307 266 1371 qnoque
289 1307 361 1370 ergo
382 1289 415 1350 in
442 1305 553 1368 genere
579 1287 777 1368 pumilionum
803 1285 962 1348 infelicitas
990 1285 1071 1347 diota
1095 1283 1151 1344 erit.

146 1381 180 1442 dt
202 1385 302 1441 autem
325 1386 356 1440 et
377 1377 498 1440 serendi
521 1393 631 1458 genere
655 1385 685 1439 et
707 1377 868 1439 recidendi.
913 1378 1031 1456 primus
1054 1373 1085 1437 G.
1101 1373 1151 1434 lda-

146 1471 207 1531 tius
230 1487 266 1529 ex
289 1469 423 1548 equestri
445 1467 651 1550 ordine,'divi
673 1467 799 1547 dapum
822 1465 949 1548 amium,
975 1467 1090 1526 invenit
1111 1481 1151 1524 ne·

147 1575 230 1619 mora
252 1557 370 1620 tonsilia
393 1559 472 1618 intra
494 1557 550 1618 bos
572 1571 671 1618 nxxx
694 1575 797 1619 annos.
1164 1561 1180 1602 ¹⁵

95 1655 129 1706 14
215 1643 250 1711 3.
283 1641 335 1730 (l)
366 1646 550 1726 Peregrinae
581 1653 612 1708 et
641 1649 737 1708 cerasi
765 1646 965 1726 Persicaeque
1000 1651 1031 1706 et
1060 1660 1152 1704 omnes

147 1753 274 1817 quarum
296 1735 408 1798 Graeca
429 1738 550 1798 nomina
573 1743 624 1797 aut
647 1735 755 1817 aliena,
778 1735 830 1797 scd
853 1753 929 1816 quae
953 1751 989 1796 ex
1012 1733 1060 1795 bis
1082 1735 1151 1794 inco-

146 1826 243 1888 larum
265 1843 391 1888 numero
413 1843 480 1887 esse
503 1843 640 1908 coepere,
663 1825 802 1887 dicentur
824 1827 904 1886 inter
926 1823 1094 1906 srugiieras
1127 1823 1151 1884 iu

146 1919 314 1998 praesentia
337 1924 474 1977 externas
496 1933 714 1995 persequemur
737 1928 754 1976 a
776 1913 899 1977 salutmi
920 1916 1048 1976 maxime
1071 1913 1135 1974 orsi.

93 2013 128 2064 15
213 2005 308 2067 bladus
326 2005 454 2087 Assyria,
478 2021 567 2084 quam
584 2005 634 2066 alii
651 2004 796 2066 Medicam
814 2011 933 2088 vocant,
955 2005 1079 2066 venenis
1101 2011 1182 2063 mett

147 2095 243 2158 detur.
290 2095 393 2156 lolium
421 2096 486 2156 eius
514 2101 561 2155 est
587 2093 734 2156 unedonis
761 2093 1034 2156 intercurrentibus
1061 2095 1152 2176 spinis.

146 2201 270 2263 pomum
291 2185 390 2264 ipsum
413 2183 484 2245 alias
507 2201 567 2245 non
590 2183 755 2267 manditur,
779 2184 870 2246 odore
898 2183 1052 2266 praecellit
1079 2182 1152 2245 lolio·

147 2291 215 2334 rum
238 2289 371 2355 quoque,
394 2275 447 2353 qui
468 2275 576 2334 tramit
597 2275 629 2334 in
652 2281 751 2336 vestes
778 2291 837 2336 una
860 2274 1000 2335 conditus
1022 2280 1152 2352 arcetque

148 2362 318 2424 animalium
340 2365 436 2425 noxia.
477 2362 567 2424 arbor
588 2365 653 2444 ipsa
675 2363 814 2425 omnibus
836 2363 918 2426 boris
940 2363 1085 2444 pomifera
1106 2367 1152 2440 est,

148 2451 212 2514 aliis
227 2451 410 2536 cadentibus,
427 2451 493 2514 aliis
511 2453 790 2538 maturescentibus,
809 2453 874 2516 aliis
892 2471 964 2516 vero
983 2451 1181 2515 subnascen³⁵

96 2549 129 2603 16
148 2541 237 2605 tibus.
282 2549 464 2624 temptavere
487 2549 593 2621 gentes
614 2543 778 2605 transferre
806 2543 842 2605 ad
870 2561 936 2606 sese
963 2549 1087 2624 propter
1112 2557 1152 2600 re·

149 2632 239 2694 medii
261 2634 473 2712 praestantiam
494 2631 636 2696 fictilibus
663 2633 695 2693 in
723 2635 815 2716 vasis,
847 2634 915 2695 dato
937 2651 994 2713 per
1023 2647 1151 2694 cavernas

148 2720 298 2784 radicibus
316 2724 507 2803 spiramento,
525 2721 652 2801 qualiter
670 2725 769 2784 omnia
786 2725 950 2784 transitura
967 2722 1083 2802 longius
1100 2721 1150 2782 seri

149 2813 300 2891 aptissime
334 2812 548 2891 transferrique
586 2815 757 2874 meminisse
795 2814 965 2895 conveniet,
1001 2819 1037 2874 ut
1071 2808 1150 2872 semel

149 2918 284 2982 quaeque
304 2901 448 2964 dicantur.
481 2899 534 2964 sed
552 2903 611 2962 nisi
629 2901 707 2982 apud
725 2901 827 2964 Medos
846 2909 876 2964 et
893 2904 926 2964 in
938 2901 1062 2964 Perside
1080 2899 1149 2962 nasei
1160 2907 1180 2947 ³⁰

148 2989 253 3052 noluit.
302 2987 375 3052 baec
404 2999 450 3053 est
476 2991 563 3054 curius
590 3009 682 3072 grana
707 2991 887 3054 Parthorum
913 2983 1056 3072 proceres
1080 2991 1148 3052 inco

221 3161 330 3218 booles
347 3165 378 3217 li.
411 3164 453 3218 -eb
470 3179 493 3218 r.
525 3179 583 3219 -om
600 3181 625 3220 c.
655 3166 660 3234 Ι
689 3171 854 3222 arcersito.
886 3164 923 3219 -si
940 3179 963 3220 v.
1043 3161 1110 3218 ded
1124 3166 1149 3216 tt

149 3251 183 3290 ao
200 3251 245 3291 rc.
337 3234 462 3304 tpossil
478 3239 511 3290 tt.
544 3237 600 3290 -set
616 3251 660 3292 ro.
690 3239 695 3306 Ι
723 3253 835 3307 quoque
853 3237 929 3293 crete
946 3241 979 3290 m
1043 3231 1149 3304 'ipor-

148 3307 289 3360 tanta—⁹
307 3305 392 3362 Italia
409 3321 459 3360 orn.
478 3311 510 3359 s.
582 3312 616 3362 1t
635 3307 714 3362 XXX
731 3315 784 3364 no.
861 3315 894 3364 16
913 3305 1003 3364 cerasi
1020 3321 1045 3362 o.
1072 3321 1110 3360 se
1125 3309 1148 3357 b.

150 3391 210 3430 -soe
228 3380 274 3430 cd.
308 3377 402 3431 uetera
420 3376 445 3430 si
461 3381 493 3430 ii.
585 3383 618 3434 18
636 3395 752 3436 numero
769 3385 823 3435 lto.
854 3379 969 3435 nomine
986 3385 1039 3432 lta.
1070 3379 1148 3432 mad

222 3452 256 3500 19
274 3447 389 3500 externa
407 3451 479 3500 ltad.
553 3455 588 3503 20
605 3451 720 3506 uenenis
733 3456 786 3509 Bo.
810 3451 920 3506 ueneris
934 3451 1023 3504 li¹cd
1049 3449 1100 3504 eui
1114 3445 1147 3500 12¹.

221 3515 472 3573 maiusculis.
559 3525 593 3574 23
612 3518 831 3578 condibas'Detl.
917 3529 951 3578 29
970 3519 1146 3592 apdiasimali

150 3584 205 3636 arb
222 3587 469 3651 leuduino.
493 3587 523 3642 ab
539 3591 626 3646 liudi
644 3593 695 3648 dei.
714 3592 752 3648 (Ρ.
825 3599 859 3648 ³1
878 3593 950 3650 haec
969 3591 1146 3650 occdltota.

149 3649 203 3705 hoc
221 3656 307 3738 Upi
331 3658 375 3710 est
393 3659 488 3712 autem
506 3661 680 3718 caecam.
