2286 3938
362 137 569 195 PRAEFATIO
952 161 976 211 v

11 309 62 368 qnae
83 309 138 349 oum
161 291 203 350 ita
229 293 344 368 essent,
374 291 430 350 hoc
458 290 600 371 volumen
629 292 716 368 quasi
742 292 851 352 faciem
877 293 977 352 induit

8 381 70 458 plane
92 397 187 440 novam
215 399 249 439 ac
278 381 368 441 valde
399 380 574 440 dissimilem
605 381 809 441 voluminibus
840 382 976 460 reliquis,

8 488 58 546 quae
75 472 220 546 antequam
242 471 343 530 omnia
365 471 398 530 in
424 469 550 530 eandem
576 469 705 530 formam
732 490 750 530 a
776 491 825 531 me
853 471 977 530 redacta
1089 479 1091 482 ’

8 563 75 640 sunt,
97 559 169 618 haud
192 560 250 620 scio
279 579 319 619 an
347 559 503 620 offensioni
529 561 603 618 haec
630 559 843 621 dissimilitudo
870 561 977 620 futuru

8 647 31 736 sil
45 649 72 707 iis
91 649 136 726 qni
157 650 255 708 totum
278 668 354 726 opus
378 650 508 726 empturi
536 650 610 724 sint,
638 650 691 709 sed
716 650 822 710 utendi
848 669 976 711 commo-

8 737 92 812 ditatem
110 755 192 814 spero
206 739 357 817 potiorem
374 740 412 798 iis
426 738 491 798 fore
510 758 601 816 quam
613 739 702 799 faciei
721 739 976 816 aequabilitatem.

452 931 478 996 Ι.

8 1083 10 1180 ,
43 1093 104 1153 Haeo
124 1114 203 1156 noua
221 1096 363 1156 editionis
382 1097 578 1157 conformatio
602 1098 692 1156 simul
715 1099 975 1174 opportunitatem

8 1181 125 1266 ,lnbdedit
141 1185 295 1248 liberioris
314 1187 468 1245 cuiusdam
486 1187 643 1246 rationis
662 1188 814 1248 criticae
833 1187 976 1249 adhiben-

8 1267 40 1331 lsu
70 1291 132 1332 nam
155 1293 225 1333 cum
248 1275 349 1334 omnia
371 1293 448 1352 quae
474 1277 592 1336 mutavi
618 1295 678 1336 non
706 1277 803 1336 solum
830 1278 862 1336 in
889 1269 996 1337 textu

8 1333 85 1456 »liquis
104 1358 218 1423 litteris
242 1363 349 1424 aliisve
373 1365 480 1441 signia,
510 1366 562 1424 sed
586 1365 678 1425 etiam
700 1367 732 1424 in
760 1368 975 1428 commentario

8 1449 63 1536 ¹u'tieo
79 1455 206 1512 enotaffis
220 1453 369 1512 librorum
383 1453 591 1531 discrepantiis
610 1457 714 1532 aperte
733 1455 974 1534 significaverim,

8 1537 103 1600 tuone
130 1561 193 1602 uno
225 1545 390 1619 conspectu
419 1545 452 1602 in
480 1543 586 1604 eadem
615 1545 730 1622 pagina
764 1546 976 1622 comprehendi

8 1629 73 1700 sunt
91 1651 166 1707 quae
189 1633 224 1690 in
246 1632 335 1692 libris
359 1633 471 1710 scripta
494 1635 565 1692 sunt
594 1651 729 1711 quaeque
756 1636 849 1712 vulgo
877 1635 976 1694 adhuc

28 1718 131 1778 utentur
149 1723 183 1780 et
203 1739 282 1798 quae
306 1741 363 1798 ego
386 1723 504 1800 novavi,
526 1741 587 1783 non
609 1724 774 1783 verendum
796 1725 856 1783 erit
878 1744 924 1802 ne,
949 1725 976 1784 si

18 1803 97 1883 'qnae
118 1811 230 1887 scripsi
254 1810 444 1888 displiceant,
475 1812 637 1888 opprobrio
664 1813 739 1872 mibi
766 1815 867 1874 vertat
895 1815 976 1891 quod

28 1953 30 1955 ,
47 1919 90 1972 pro
103 1900 255 1960 Plinianis
270 1899 430 1961 venditans
449 1903 579 1963 lectores
595 1903 628 1961 in
646 1921 779 1963 errorem
797 1903 974 1963 induxerim.

64 2007 129 2048 nam
151 1991 231 2050 haec
254 2008 317 2050 non
343 1991 388 2049 ita
415 1993 496 2051 dieta
522 1993 626 2069 velim,
656 1995 813 2068 tamquam
840 1991 981 2052 codicum·

50 2079 163 2139 ritatem
180 2081 275 2157 parvi
292 2080 402 2139 faciam
421 2083 452 2140 et
469 2083 570 2140 textus
589 2082 829 2141 emendationem
846 2082 976 2142 maxima

31 2168 97 2240 parte
124 2169 164 2228 ab
195 2173 266 2229 arte
293 2170 487 2229 coniecturali
514 2171 709 2248 repetendam
736 2189 802 2230 esse
829 2189 975 2230 censeam.

8 2331 10 2338 ,
38 2274 136 2318 ouero
164 2259 267 2318 multo
294 2259 370 2318 mihi
396 2260 498 2336 potius
526 2262 573 2319 est
600 2277 672 2320 sano
701 2263 733 2320 et
749 2261 975 2338 circumspecto

8 2337 63 2404 ticio
83 2365 207 2409 servare
232 2365 325 2424 quam
346 2349 515 2408 inconsulto
538 2341 652 2410 novare
674 2351 706 2408 et
729 2368 820 2426 quam
847 2351 976 2409 antehac

8 2429 52 2490 itui
65 2437 197 2496 muneris
222 2437 321 2496 critici
339 2437 439 2514 legem
462 2456 496 2497 ac
518 2457 655 2498 normam
679 2439 799 2498 strenue
823 2439 855 2498 et
873 2439 977 2499 dedita

8 2503 50 2602 iera
68 2529 186 2586 secutus
211 2545 288 2604 sum,
311 2528 356 2604 ut,
378 2526 558 2604 ubicumque
581 2527 647 2587 fieri
669 2531 802 2604 poterat,
827 2527 976 2586 librorum

8 2617 244 2692 inscriptorum
262 2617 439 2676 memoriam
457 2619 561 2676 tuerer
580 2619 619 2694 et,
642 2617 695 2676 ubi
714 2617 751 2675 ab
776 2617 844 2676 aliis
864 2617 975 2674 iniuria

8 2710 57 2759 usta
72 2723 133 2764 esse
153 2705 329 2783 videbatur,
352 2706 386 2764 in
407 2706 562 2784 integrum
584 2707 785 2766 restituerem.
822 2705 906 2764 cuius
929 2705 975 2764 rei

8 2795 125 2853 tumenta
142 2795 268 2872 aliquot
284 2796 317 2854 in
334 2796 438 2855 novis
460 2797 536 2856 meis
554 2795 877 2855 lucubrationibus
900 2794 975 2853 Pli-

8 2855 70 2952 ,iunis
89 2903 189 2961 nuper
218 2885 378 2964 proposui,
407 2885 467 2944 alia
493 2885 575 2944 haud
601 2903 697 2962 pauca
724 2885 858 2945 inveniet
885 2903 975 2962 quem

8 2983 26 3028 n
44 2973 172 3049 piguerit
201 2974 280 3032 hanc
304 2973 467 3034 editionem
495 2993 564 3033 cum
591 2975 699 3034 ceteris
727 2976 866 3033 accurate
897 2993 975 3034 com-

8 3061 110 3122 burisse.
157 3081 252 3140 saepe
276 3063 419 3122 animab
443 3064 611 3124 editoribus
634 3063 759 3140 reliquis
782 3064 893 3124 recessi
915 3081 976 3124 non
1089 3140 1091 3144 Ι

8 3150 113 3212 untione
136 3172 248 3213 eorum
271 3169 349 3229 quae
372 3151 488 3212 tradita
510 3155 593 3230 sunt,
623 3152 759 3213 sedulio
783 3153 901 3213 delectu
923 3171 975 3212 va·
1097 3195 1109 3214 .

8 3231 66 3296 imm
84 3241 251 3302 lectionum
275 3244 329 3302 aut
353 3242 414 3301 elia
434 3243 597 3302 verborum
619 3241 819 3317 distinctione,
843 3244 874 3301 et
897 3259 974 3319 quae

12 3327 137 3391 codicibus
162 3331 264 3390 adhue
286 3331 421 3392 inventis
446 3334 478 3390 et
500 3332 618 3392 collatis
641 3331 758 3392 hauriri
779 3331 915 3408 possunt,
939 3347 976 3389 ea

8 3421 164 3488 tuamodum
189 3421 365 3480 exhausisse
388 3421 463 3480 mihi
485 3421 598 3482 videor.
645 3421 697 3480 sed
719 3439 778 3497 quo
802 3421 914 3479 diutius
942 3419 975 3476 in

8 3497 55 3564 irio
79 3509 275 3571 elaborabam
303 3529 422 3588 quoque
452 3511 620 3570 accuratius
654 3512 685 3570 et
712 3509 812 3568 Monoi
842 3508 974 3567 codicem

8 3595 127 3671 scriptum
156 3603 228 3658 cum
251 3601 360 3660 ceteris
384 3599 574 3660 conferebam
598 3601 629 3659 et
656 3599 796 3676 antiquos
826 3599 974 3676 auctores,
