2286 3938
152 244 217 309 240
504 260 534 309 c.
554 261 650 309 rursu
666 259 816 310 snouunx

154 419 239 496 regio
274 416 392 478 Nisiaea
418 415 600 494 Parthyenes
634 416 758 496 nobilis,
791 416 840 477 ubi
871 416 1133 496 Alexandropolisa

151 503 316 564 conditore.

105 600 155 652 114
229 585 280 651 26.
308 586 515 649 Necessarium
541 595 588 648 cst
611 586 667 648 boc
685 588 714 647 in
732 586 799 649 loco
825 589 943 664 signare
972 585 1135 648 ctbledorun

155 677 241 734 situm
267 681 468 751 terrarumque
498 673 606 733 faciem
621 673 821 750 circumagere
843 671 879 732 ad
905 671 1051 732 Persicum
1068 689 1135 741 mare,

156 775 213 836 quo
232 757 347 817 facilius
362 756 430 817 dein
445 757 557 836 reliqua
575 765 740 818 noscuntur.
762 774 883 834 namque
894 754 990 816 bledia
1007 756 1040 816 ab
1056 771 1135 814 occasu

156 851 324 902 transuersa
344 841 461 919 obliqua
486 841 622 902 Parthiae
645 858 804 901 occurrens
826 849 949 918 utraque
974 857 1059 918 regna
1076 856 1135 918 prae·

156 925 255 986 cludit.
289 923 384 986 Habet
399 944 473 1003 ergo
488 927 551 1005 ipsa
569 925 604 984 ab
620 933 686 986 ortu
702 922 826 1004 Caspios
846 934 875 984 et
893 923 1034 1000 Parthos,
1048 941 1062 983 a
1075 925 1135 982 meri·

155 1009 204 1071 die
221 1009 389 1070 Sittacenen
404 1018 434 1070 ct
449 1010 592 1070 Susianen
607 1019 637 1070 et
651 1008 788 1085 Persida,
810 1009 846 1069 ab
864 1027 969 1070 occasu
984 1007 1135 1080 Adiabenen,

106 1105 155 1157 lle
170 1113 186 1155 a
202 1097 407 1174 septentrione
425 1094 600 1155 Armeniam.
633 1093 742 1155 Persae
759 1091 889 1154 Rubrum
898 1113 977 1154 mare
993 1111 1097 1172 semper
1108 1109 1135 1150 ac

157 1180 298 1255 coluere,
316 1179 536 1259 propterquod
557 1181 582 1239 is
603 1181 682 1240 sinus
699 1177 835 1238 Persicus
855 1188 987 1240 uocatur.
1021 1179 1095 1254 regio
1112 1175 1135 1234 ibi

156 1265 297 1326 maritima
322 1261 504 1338 Ceribobus,
529 1281 584 1343 qua
599 1281 672 1324 vero
692 1263 755 1340 ipsa
775 1263 853 1323 subit
874 1263 909 1324 ad
931 1262 1034 1324 Medos
1054 1259 1135 1320 lilium

155 1348 274 1426 blegale
297 1349 459 1427 appellatur
480 1347 564 1407 locus
586 1348 676 1407 arduo
698 1348 804 1407 montis
821 1365 944 1407 ascensu
964 1365 1019 1426 per
1030 1345 1135 1423 gradum

157 1435 280 1494 introitu
295 1441 429 1510 angusto,
446 1432 480 1492 ad
498 1431 679 1509 Persepolim
695 1440 781 1510 caput
796 1434 879 1510 regui
894 1432 1020 1492 dirutum
1030 1430 1063 1489 ab
1075 1428 1135 1488 Alex

157 1517 255 1578 andro.
298 1525 454 1596 praeterea
478 1516 567 1576 habet
591 1519 620 1576 in
647 1517 786 1576 extremis
812 1517 915 1576 linibus
937 1513 1099 1577 Laodiceam
1116 1511 1135 1570 al

105 1610 157 1666 116
168 1601 315 1662 Antiocho
331 1602 481 1662 conditam.
513 1600 584 1660 lode
599 1601 633 1661 ad
649 1600 792 1661 orientem
808 1597 885 1679 blagi
902 1603 1036 1679 optinent
1050 1597 1135 1659 Proser

157 1687 225 1764 gida
240 1685 407 1764 castellum,
424 1688 453 1745 in
472 1696 529 1764 quc
547 1683 616 1762 Gyri
633 1683 817 1762 sepulchrum
833 1695 895 1763 est,
911 1683 1057 1746 ethorum
1073 1681 1135 1741 Ecba

158 1780 224 1832 tana
248 1771 384 1850 oppidum
407 1769 574 1831 translatum
598 1770 634 1829 ab
657 1767 745 1829 Dario
773 1787 847 1848 rege
868 1769 903 1830 ad
925 1778 1050 1831 montes.
1084 1766 1135 1828 lutet

157 1855 281 1916 Parthos
298 1865 328 1916 et
346 1855 473 1915 Arianos
489 1861 646 1914 excurrunt
657 1851 853 1914 Paraetaceni.
884 1853 929 1912 his
948 1873 965 1913 a
982 1851 1108 1932 gentibus
1122 1869 1133 1908 e

158 1939 307 2019 Euphrate
320 1941 460 2000 inferiora
473 1955 564 2016 regna
580 1937 770 1998 includuntur.
797 1937 921 2018 Reliqua
935 1937 1063 1999 dicemus
1076 1931 1135 1996 alle

106 2041 151 2081 aas
159 2026 321 2104 sopotamia
333 2032 461 2103 excepto
473 2041 613 2084 macrone
626 2024 689 2083 eius
698 2021 885 2102 Arabumque
898 2023 1017 2103 populis
1029 2024 1057 2084 ia
1067 2021 1130 2101 prior

117 2091 436 2170 *liminelimine*
529 2103 531 2108 ’

107 2199 155 2252 llt
232 2190 318 2272 (30.)
342 2191 553 2270 Mesopotamia
581 2201 643 2254 tota
667 2193 855 2270 Assyriorum
882 2193 952 2270 iuit,
978 2194 1088 2254 vicatim
1104 2189 1124 2250 di

159 2294 247 2356 persa
262 2287 380 2355 praeter
396 2275 545 2355 Babylona
562 2287 592 2338 et
608 2277 720 2338 Ninum.
750 2275 927 2340 Macedones
949 2297 1014 2338 eam
1034 2280 1062 2337 ic
1077 2275 1133 2344 orbe*

159 2377 381 2440 congregavere
404 2371 527 2440 propter
548 2363 712 2422 ubertatem
732 2362 800 2424 soli.
846 2362 952 2442 oppida
973 2371 1088 2440 praeter
1104 2351 1133 2498 inq

159 2445 234 2506 dicta
246 2445 333 2506 habet
346 2445 519 2522 Seleuciam,
531 2444 716 2520 Laodiceam,
726 2446 908 2524 Artemitam,
919 2449 989 2506 item
1002 2449 1031 2506 iu
1042 2444 1125 2505 Araba

158 2539 249 2608 gente
270 2533 318 2608 qui
343 2530 468 2592 Orchoei
489 2539 629 2590 vocantur
652 2541 682 2590 et
703 2529 831 2592 blandani
853 2530 1036 2592 Antiochiam
1056 2545 1132 2607 quaer

159 2614 312 2694 praelecto
332 2613 563 2694 blesopctamiae
589 2613 736 2676 Nicanore
759 2615 874 2676 condita
903 2615 1011 2676 Arabis
1036 2621 1125 2674 uocatu

107 2713 158 2767 118
168 2699 327 2778 Iunguntur
355 2699 399 2759 his
427 2699 543 2760 Arabes
570 2699 715 2760 introrsus
736 2699 896 2777 Eldamari,
929 2718 1018 2778 supra
1039 2713 1130 2778 qnosa

103 2809 105 2814 ·
159 2783 352 2845 Pallacontam
371 2784 476 2845 llomen
489 2783 566 2844 Bura
579 2783 732 2863 oppidum,
746 2783 870 2844 Salmani
888 2793 918 2844 et
933 2782 1027 2844 llasei
1043 2781 1131 2842 Arabe

159 2865 321 2945 Gordyaeis
333 2887 407 2929 vero
420 2871 506 2929 iuncti
518 2868 617 2946 Alani,
633 2887 689 2948 per
701 2887 776 2946 qnos
787 2867 891 2929 Zerbis
904 2868 1008 2928 iluvius
1018 2871 1047 2928 in
1058 2865 1124 2942 Tigri

159 2951 245 3029 cadit,
256 2952 367 3012 Aeonis
385 2953 490 3014 Silices
508 2954 635 3014 montani
654 2952 833 3029 etOrontes,
850 2971 970 3031 quorum
982 2953 1020 3013 ad
1036 2948 1122 3013 occide

159 3045 217 3094 tem
231 3036 367 3116 oppidum
379 3036 564 3116 Gaugamela,
580 3039 651 3098 item
664 3037 741 3098 Suae
758 3039 788 3097 in
801 3038 932 3115 rupibus.
958 3037 1052 3116 Supra
1063 3035 1130 3094 Silict

159 3121 273 3198 Sitrae,
301 3139 356 3199 per
384 3139 457 3201 qnos
479 3121 574 3199 byeus
600 3140 638 3182 ex
666 3121 805 3186 Armenia
826 3124 935 3198 fertur,
968 3121 1003 3181 ab
1024 3105 1130 3258 Sitrisq

158 3203 312 3265 hibernum
334 3215 468 3266 exortum
490 3205 620 3266 Azochis
642 3207 794 3285 oppidum,
813 3224 882 3266 mox
903 3207 933 3266 in
951 3203 1120 3285 ‘campestrib

108 3305 158 3357 119
169 3289 276 3368 oppida
291 3287 459 3368 Diospege,
476 3288 637 3368 Polytelia,
654 3293 855 3367 Stratonicea,
872 3291 1040 3351 Anthemus.
1076 3288 1103 3348 ln
1117 3301 1129 3340 a

107 3377 234 3448 seminia
253 3373 411 3453 Euphratis
427 3373 643 3453 Nicephorion,
664 3375 742 3454 quod
763 3376 903 3452 diximus,
924 3373 1089 3434 Alexander
1103 3373 1129 3430 iu*

107 3461 199 3519 musit
214 3459 299 3520 condi
316 3467 437 3538 propter
452 3459 509 3522 looi
529 3457 785 3538 opportunitatem.
814 3460 891 3521 dicta
907 3469 953 3520 est
975 3468 1003 3518 et
1022 3461 1053 3518 in
1070 3387 1129 3526 ZeuA

159 3553 234 3604 mate
255 3546 401 3624 Apamea,
432 3562 471 3604 ex
491 3561 548 3623 qua
574 3546 718 3606 orientem
740 3553 878 3624 petentes
901 3545 1009 3624 excipit
1029 3539 1128 3621 oppidu
