2286 3938
388 147 595 203 russanum
913 173 1001 220 XXXI

31 297 224 374 Dnlecampio
246 299 362 358 medico
386 317 412 358 a.
437 301 521 360 1687
547 301 657 374 661666,
681 319 751 360 nam
775 319 855 378 cum,
878 303 914 360 nt
936 303 1003 379 ipse

31 386 55 444 dc
72 396 96 445 se
113 387 274 472 profitetur,
298 381 386 464 ‘quae
410 389 447 447 ad
469 409 572 449 rerum
595 391 798 468 cognitionem
820 390 936 470 faciunt
962 392 1001 452 iis

30 479 183 552 anteponeret
206 496 283 554 quae
305 478 344 536 ad
371 481 510 538 ornatum
538 483 569 538 66
596 481 712 556 copiam
740 481 885 540 orationis
913 499 1004 558 quae-

29 567 106 623 rontur
124 583 154 626 ac
174 561 411 646 comparantur',
438 569 470 627 id
492 570 683 645 potissimum
706 571 771 647 egit
796 573 833 629 nt
860 572 1003 648 antiquos

28 657 128 714 auctores
148 656 197 732 qui
219 657 256 716 de
278 657 386 716 iisdem
409 675 443 718 ac
465 657 582 718 Plinius
605 660 695 718 rebus
723 661 908 737 scripserunt
936 659 1002 719 dili-

29 747 102 820 genter
127 746 308 806 enaminaret
338 767 499 824 eorumque
532 749 713 808 testimoniis
745 750 778 808 in
809 749 904 810 doctis
939 751 1002 810 suis

28 833 226 895 adnotationibus
249 836 383 896 Plinium
405 837 494 897 modo
516 839 687 898 illustraret
708 839 797 898 modo
821 840 1002 916 corrigerem

30 925 142 996 praeterea
162 926 193 983 in
215 926 354 1002 margine
377 926 486 986 adiecit
509 945 560 987 sen
584 927 730 1006 codicum,
754 929 792 987 in·
808 929 855 988 his
881 927 1000 988 01111116-

31 1011 73 1070 tiani
90 1016 116 1073 et
137 1013 300 1089 Octauiani,
323 1015 466 1076 lectiones
490 1017 694 1096 discrepantes
719 1019 750 1076 et
773 1019 1000 1078 obseruationes

29 1102 227 1180 coniecturaeque
255 1105 372 1182 aliquot
398 1125 466 1165 cum
496 1124 565 1166 suas
594 1110 660 1166 tum
682 1107 825 1184 Barbari,
852 1107 997 1181 Rhenum,

27 1187 109 1270 dodaci,
128 1193 269 1271 Pisciana,
291 1194 434 1272 numeni,
458 1197 595 1256 aliorum
632 1197 736 1256 cadem
758 1197 821 1256 dere
839 1197 900 1256 fuit
918 1197 997 1256 ratio

26 1278 128 1340 loannis
149 1283 266 1358 Laeti,
295 1285 347 1360 qui
370 1285 521 1344 codicibus
549 1286 671 1362 quidem
691 1305 753 1346 non
776 1286 920 1363 excussis,
945 1286 998 1345 666

27 1359 114 1430 tcollatis
139 1373 262 1450 nuperis
290 1374 472 1434 editionibus
503 1377 534 1434 et
563 1376 730 1434 multorum
757 1375 1001 1435 doctissimorum

24 1458 117 1519 ciconum
138 1462 399 1524 observationibus
428 1459 587 1524 adhibitis’
612 1465 774 1525 editionem
796 1465 1000 1524 Elzeviria-

24 1563 71 1606 nan
93 1569 115 1612 a
137 1554 221 1612 1635
252 1553 381 1630 muravit3
415 1554 550 1614 modeste
579 1555 658 1614 enim
686 1554 722 1614 dc
751 1572 806 1614 sua
834 1573 926 1630 opera
952 1553 999 1612 ita

22 1635 126 1712 loqumn:
140 1635 318 1720 ‘plurimum
331 1643 461 1702 aliorum
473 1643 591 1704 iudiciis
605 1645 708 1720 tribui,
722 1662 789 1704 mco
803 1661 1002 1720 perparvum:

22 1723 127 1801 inprimis
141 1733 244 1790 autem
258 1731 355 1792 detuli
368 1733 526 1792 clarissimi
543 1733 603 1794 viri
618 1732 736 1794 Claudii
749 1732 890 1792 Salmasii
908 1732 1002 1790 anim-

23 1815 220 1897 aduersionibus,
253 1840 382 1898 quarum
409 1841 470 1882 non
500 1823 643 1900 exiguum
671 1841 830 1882 numerum
859 1822 891 1880 in
919 1821 1001 1881 notis

26 1901 120 1968 indicavi.
162 1929 262 1988 pauca
284 1911 444 1972 admodum
466 1912 564 1972 adhuc
587 1913 715 1990 mutavi,
745 1912 846 1988 potius
868 1911 1000 1971 indican-

24 1989 169 2077 dannatus,
193 2000 345 2078 quomodo
368 2003 480 2061 mutari
503 2002 657 2062 commode
680 1995 829 2078 posscnt'.
866 2001 1001 2060 Haclnii

23 2079 109 2162 danique
128 2089 241 2149 fratres
264 2090 407 2167 Lugduni
427 2092 616 2152 Batavorum
637 2111 663 2150 a.
690 2093 774 2152 1669
797 2091 1000 2151 renovandam

22 2179 158 2236 sonnerunt
181 2179 346 2270 editionem
368 2181 644 2258 Dalecampianam‚
667 2181 725 2239 nisi
748 2181 828 2257 quod
850 2197 998 2240 commen-

23 2317 190 2337 Ἃ

20 2398 88 2468 prodit,
99 2401 126 2456 in
137 2403 191 2460 hac
206 2405 304 2460 autem
318 2405 454 2460 nonnulla
467 2405 600 2476 leguntur
613 2421 718 2474 eorum,
737 2423 809 2474 quae
824 2423 859 2460 ex
876 2405 1001 2460 editione

21 2463 158 2546 lugdunensi
184 2493 209 2530 a.
236 2481 306 2531 1663
333 2476 474 2532 adnotavi.
522 2477 686 2532 miscuero
713 2493 805 2532 errore
833 2478 863 2530 la
883 2495 929 2530 sus
956 2477 1000 2530 est

22 2533 121 2614 dlligite,
143 2547 232 2616 quod,
253 2565 318 2602 cum
339 2549 427 2618 praef.
446 2566 474 2619 p.
488 2547 580 2602 XXIV
602 2550 679 2603 recte
698 2548 816 2604 dixisset
840 2548 848 2574 ‘
878 2545 1000 2601 alenium

22 2623 60 2686 lum
77 2615 190 2673 Barbaro
217 2619 403 2674 desudamenta
430 2619 561 2674 lectionis
587 2620 722 2690 vulgatae
749 2620 861 2688 praeter
889 2619 1001 2672 ceteros

21 2682 84 2760 lauisse
104 2691 271 2744 censendum
294 2691 380 2759 esse'‚
403 2709 430 2762 p.
449 2691 525 2745 LXV
542 2708 601 2746 non
623 2693 682 2746 sine
706 2690 729 2744 si
771 2689 910 2744 'ficatione
934 2705 999 2744 con-

21 2757 114 2814 scendas
132 2762 190 2816 veri
204 2761 321 2817 tandem
336 2779 353 2816 a
367 2779 396 2816 66
415 2761 524 2818 inuenti
536 2781 588 2846 pro
604 2764 680 2818 certo
699 2779 717 2816 a
763 2761 852 2816 mavit
865 2761 999 2815 loannem

22 2819 249 2903 ᾖ161111166611616,
273 2833 418 2888 hominem
441 2833 553 2889 obscurn
576 2833 701 2904 alioquin
724 2831 858 2900 nominis,
890 2831 999 2901 ‘splen-

21 2889 68 2950 lldd’
82 2901 194 2960 editione
209 2905 342 2976 Lugduni
355 2923 380 2960 a.
396 2909 465 2960 1582
480 2907 579 2961 curata
592 2905 744 2960 lectionem
757 2904 905 2974 vulgatam
918 2905 1003 2971 qnasi.

13 2963 134 3030 'absolvisse
157 2979 187 3031 66
212 2993 421 3032 consummasse
447 2977 562 3046 eiusque
589 2976 720 3031 editionis
745 2976 889 3046 exemplar
915 2975 1001 3057 Daie—

21 3042 123 3110 amptum
134 3049 210 3118 typis
224 3049 408 3120 repetendum
474 3049 601 3120 ographo
616 3066 666 3104 suo
679 3047 837 3104 tradidisse.
875 3046 924 3102 sed
941 3063 1000 3102 nam

21 3109 166 3175 tdemonico
186 3121 294 3176 discere
312 3123 437 3192 poterat,
477 3137 530 3176 anc
548 3120 700 3176 editionem
717 3136 775 3174 non
794 3121 920 3174 curatam
938 3133 999 3172 6666

12 3193 30 3230 d
40 3183 153 3259 Victori03
178 3191 338 3262 sumptibus
356 3193 431 3247 enim
449 3193 527 3248 Petri
547 3191 750 3246 Sandandreani
766 3189 897 3261 Lugduni
914 3187 999 3244 Bata-

12 3265 93 3327 1166,
108 3263 138 3316 66
153 3265 270 3333 putatur
284 3295 318 3304 -
331 3281 398 3318 nam
412 3264 494 3320 deest
509 3263 566 3319 loci
585 3262 753 3334 significatio
773 3293 816 3330 -,
836 3279 901 3316 curn
918 3277 999 3330 prae-

19 3317 92 3385 661666
111 3331 227 3392 Victorii
251 3335 375 3408 repetita
400 3339 445 3392 666
469 3353 485 3392 6
513 3335 703 3406 superioribus
730 3331 998 3414 eiuscditionibus2

20 3409 67 3459 llas
82 3418 101 3456 a.
119 3411 192 3466 1663,
213 3413 293 3464 1661.
314 3415 383 3464 1663
403 3407 561 3478 sumptibus
578 3406 695 3462 Antonii
711 3404 854 3461 Vincentii
870 3402 1000 3472 Lugduni

20 3470 150 3531 1166161666.
176 3480 309 3550 possideo
323 3482 471 3549 utramque
486 3481 516 3534 et
529 3478 669 3534 Gallicam
688 3495 713 3534 a.
729 3483 797 3532 1663
818 3477 847 3530 66
859 3474 1001 3528 Batauam

22 3547 103 3666 {vleddt
123 3551 150 3606 ct
164 3550 237 3606 16661
257 3567 287 3606 66
307 3551 414 3606 6666611
435 3567 526 3620 neque
550 3549 639 3605 ullam
662 3551 755 3604 textus
778 3544 996 3618 discrepantiam

65 3632 95 3671 nn.
