2364 3930
449 73 455 115 Ι

177 163 241 228 146
535 161 565 216 C.
583 161 683 215 PLINI
702 159 859 216 SECUNDI

177 313 343 393 damnatur,
366 313 507 390 quoniam
530 311 633 372 lucum
655 311 789 374 remittit.
833 309 947 390 pelagio
969 309 1119 371 admodum
1137 311 1166 370 al·

176 402 293 483 ligatur,
316 402 484 479 nimiaeque
505 401 570 460 eius
593 395 731 480 nigritiae
754 399 804 460 dat
822 401 1026 460 austeritatem
1048 397 1121 460 illam
1134 403 1166 459 ri·

177 497 334 570 toremque
354 490 405 569 qui
419 490 574 568 quaeritur
588 491 680 551 coeci.
716 491 757 550 ita
770 491 925 570 permixtis
937 488 1052 550 viribus
1066 487 1169 548 alterum

126 580 281 641 135altero
311 581 458 640 excitatur
491 586 542 639 aut
573 578 777 658 adstringitur.
823 595 937 640 summa
963 577 1170 638 medicaminum

177 672 209 730 in
228 717 235 730 .
251 717 258 730 .
273 715 280 729 .
298 667 390 729 hhras
416 667 560 728 vellerum
586 667 694 728 bucini·
719 667 852 728 ducenae
879 675 910 728 et
937 686 954 728 e
981 665 1096 750 pelaqio
1119 680 1172 726 um.

177 762 219 820 ita
241 759 275 818 lit
298 756 456 836 amethysti
479 756 561 817 color
580 758 706 818 eximius
724 756 783 820 ille.
820 755 972 836 at'lyrius
994 756 1107 836 pelagio
1127 759 1171 834 pri·

84 885 85 896 .
178 860 261 909 mum
284 847 409 908 satiatur
431 847 579 906 inmatura
601 847 748 926 viridique
772 847 896 928 eortina,
918 863 988 906 mox
1005 853 1173 926 permutatur

177 939 209 997 in
232 935 351 996 bucino.
396 933 460 995 laus
488 937 516 996 ei
543 953 658 996 summa
685 937 717 996 in
745 934 845 996 colore
873 937 1028 1014 sanguinis
1055 937 1175 1011 concreti,

175 1019 328 1104 'nigricans
356 1031 481 1104 aspectu
507 1023 646 1103 idemque
674 1031 817 1104 suspectu
844 1024 1007 1104 refulgens.
1060 1023 1166 1084 uudeo

179 1113 330 1176 llomero
353 1129 524 1194 purpureus
547 1113 657 1174 dicitur
681 1115 809 1194 sanguis.

128 1215 179 1264 136
248 1197 307 1264 titi.
331 1195 406 1286 (63)
428 1201 583 1282 Pmpurae
601 1221 692 1264 usum
709 1201 820 1264 Romae
843 1219 961 1282 semper
982 1203 1082 1264 fuisse
1102 1201 1172 1262 rideo

180 1291 233 1353 sed
251 1291 378 1352 Romulo
398 1293 431 1352 in
449 1291 559 1354 trahea.
596 1309 665 1353 nam
683 1300 752 1372 toga
769 1299 922 1372 praetexta
940 1299 971 1352 et
988 1291 1099 1352 latiore
1115 1289 1174 1350 clar

180 1380 300 1442 'lullum
321 1380 482 1442 Hostilium
505 1399 521 1442 e
542 1380 665 1461 regibus
686 1383 818 1461 primum
835 1397 924 1442 usum
940 1379 1085 1442 Etruscis
1102 1379 1169 1440 derio

129 1483 179 1533 13⁷
190 1473 229 1532 tis
256 1471 328 1531 satis
356 1477 481 1532 constat.
530 1469 648 1550 Nepos
677 1469 881 1554 Cornelius,
910 1471 962 1549 qui
984 1469 1053 1530 divi
1075 1469 1162 1548 hugus

179 1561 349 1640 principatu
368 1557 455 1620 obiit:
483 1557 549 1641 lle,
567 1561 674 1641 inquit,
697 1561 827 1622 iurene
849 1559 1014 1620 violacea
1037 1572 1176 1639 purpur

180 1647 338 1728 vigebat,
362 1650 467 1728 cuius
490 1647 583 1715 libra
601 1649 763 1710 denariis
786 1655 928 1709 eentum
946 1647 1114 1729 venibat,
1134 1665 1167 1706 aa

181 1737 293 1798 multo
323 1745 405 1817 post
433 1736 543 1798 rubra
568 1736 773 1798 Tarentina.
817 1737 901 1798 huic
930 1740 1120 1798 successit
1145 1735 1171 1794 di

182 1825 296 1906 hapha
323 1825 444 1908 Tyria,
477 1843 566 1905 quae
596 1829 632 1887 in
661 1826 776 1887 libras
806 1825 966 1887 denariis
999 1825 1105 1886 mille
1132 1845 1166 1885 uo

181 1923 327 1996 poterat
350 1917 425 1976 emi.
461 1915 525 1976 hac
543 1914 575 1976 P.
594 1914 771 1977 Lentulus
791 1914 962 1995 Spinther
985 1915 1124 1976 aedilis
1139 1933 1173 1974 eu

182 2003 275 2066 rulis
297 2005 435 2084 primus
457 2006 493 2064 in
511 2012 700 2084 praetexta
721 2019 811 2066 usus
828 2003 1116 2085 improbabatur,
1137 2023 1173 2084 qu

182 2111 344 2173 purpura
374 2093 455 2172 quis
484 2111 554 2154 non
583 2095 664 2175 iam,
694 2095 804 2176 inquit,
836 2093 1070 2155 tricliniaria
1100 2096 1172 2154 lacit

184 2181 326 2260 Spinther
349 2181 452 2242 aedilis
475 2182 533 2244 luit
554 2181 638 2243 arrhis
661 2183 798 2244 conditae
817 2201 894 2244 anno
912 2195 1037 2248 Dcxol
1063 2182 1173 2244 Cicero

184 2269 315 2330 consule.
361 2269 488 2350 dibapha
517 2279 589 2332 tunc
619 2271 775 2334 dicebatur
803 2289 878 2352 quae
908 2271 954 2332 his
984 2274 1090 2334 tincta
1120 2291 1175 2332 est

183 2357 275 2419 veluti
293 2360 448 2439 magnifico
466 2360 626 2442 impendio,
645 2361 773 2441 qualiter
791 2379 871 2437 nunc
889 2376 994 2421 omnes
1012 2379 1115 2442 paene
1128 2379 1176 2420 eoo

183 2447 333 2509 modiores
355 2464 508 2529 purpurae
530 2451 717 2528 tinguuntur.
922 2461 927 2470 ·

132 2550 184 2600 138
252 2530 327 2620 (64)
358 2537 393 2598 ln
420 2535 603 2617 conchyhata
624 2545 707 2600 veste
735 2547 835 2600 cetera
862 2537 963 2598 eadem
991 2539 1066 2599 sine
1090 2537 1173 2599 buo'

184 2635 362 2707 praeterque
391 2628 440 2686 ius
468 2633 654 2706 temperatur
680 2645 756 2708 aqua
784 2635 814 2694 et
840 2643 894 2708 pro
921 2625 1058 2688 indiviso
1088 2627 1165 2688 hom

184 2724 273 2796 potus
296 2721 494 2776 excremento.
541 2715 660 2776 dimidia
683 2723 713 2778 et
735 2717 930 2778 medicamina
952 2710 1123 2778 adduntur.
1162 2761 1169 2772 .

185 2807 316 2884 gignitur
343 2804 477 2865 laudatus
507 2803 556 2864 ille
583 2804 678 2885 pallor
707 2805 861 2868 saturitate
891 2803 1030 2866 fraudata
1064 2813 1165 2882 tantoq

185 2892 307 2954 dilutior
330 2900 440 2973 quanto
463 2895 557 2973 magis
579 2893 688 2954 vellera
710 2896 856 2956 esuriunt.

254 2975 312 3044 40.
345 2981 445 3042 Pretia
471 2982 687 3044 medicamento
714 2991 785 3044 sunt
812 2983 931 3062 quidem
962 3001 1022 3062 pro
1053 2982 1174 3044 tentio

186 3069 308 3132 litorum
330 3071 441 3153 viliora,
464 3089 524 3130 non
547 3077 646 3132 tamen
669 3089 796 3150 usquam
818 3071 925 3152 pelagii
947 3079 1101 3134 centenas
1121 3071 1173 3132 libr

78 3161 80 3164 ’
148 3215 151 3220 .
186 3161 411 3248 quinquagenos
433 3177 571 3233 nummos
595 3160 739 3221 excedere
763 3167 793 3220 et
815 3159 917 3220 bucini
938 3167 1094 3222 centenos
1118 3161 1171 3221 scia

182 3249 238 3326 qui
260 3249 318 3308 ista
340 3253 512 3309 mercantur
534 3251 679 3310 inmenso.

107 3463 136 3514 ¹.
194 3567 198 3574 ,
258 3507 628 3589 hweoauquoa'ndicaai.
659 3507 794 3590 Lliard.
819 3509 849 3564 Μ
867 3509 939 3564 Detl.
958 3525 1010 3594 om.
1028 3511 1061 3565 it.
1080 3513 1086 3579 Ι
1103 3511 1169 3564 doce

186 3577 320 3712 l&notrel
335 3575 449 3698 pelagio
467 3574 529 3631 Sall.
557 3577 752 3700 dephelosro
770 3579 815 3634 ι’.
840 3580 863 3635 do
881 3595 897 3636 e
914 3581 1023 3652 polana
1034 3582 1086 3636 ιι.
1113 3585 1142 3634 te

358 3644 398 3698 ru
415 3661 465 3699 aa.
483 3650 514 3699 a.
570 3653 604 3702 ee
650 3644 732 3720 exer
752 3649 873 3721 eaqueus
891 3664 957 3708 am.
976 3655 1083 3720 a,aaa.
1112 3649 1160 3704 nc
