2308 3936
231 188 311 236 nar.
336 189 429 236 uren.
454 190 489 234 11.
513 181 631 236 zur—50.
653 175 793 254 (ue-51.)
962 171 1004 237 93

83 341 122 406 48.
133 342 203 425 (49.)
214 343 297 404 Nune
306 343 343 405 de
357 345 520 424 repentinis
531 344 657 421 flatibus,
669 345 717 423 qui
730 343 885 404 exhalante
896 351 986 421 terra,
996 351 1043 402 131

42 439 61 488 ut
71 430 154 492 dietum
166 438 221 507 est,
239 429 353 507 coorti,
376 447 534 507 rursusque
550 429 658 490 deiecti
674 430 789 490 interim
810 428 935 489 obducta
953 446 1045 495 nufm

42 515 93 574 bium
107 523 178 591 oute,
203 513 396 577 multiformes
435 515 572 574 existunt.
610 515 676 592 vagi
698 515 807 594 quippe
830 521 860 574 et
881 521 1003 574 ruentes

43 597 287 677 torrentiumrnodo‚
306 607 338 658 ut
357 597 462 677 aliquis
478 597 596 676 plaeere
614 598 810 676 ostendimus,
831 599 958 658 tonitrua
973 603 1046 659 etun

30 683 120 760 vlulgura
132 683 219 748 edunt.
239 685 352 745 maiore
368 701 441 744 vero
457 681 538 743 inlati
553 682 685 762 pondere
700 684 887 762 incursuque,
903 683 928 742 si
943 682 1002 743 late

42 769 112 827 siouan
133 786 233 847 rupere
260 767 383 844 nubem,
410 767 569 846 procellam
596 770 717 846 gignunt
743 785 817 846 quae
841 775 963 831 vocatur
986 785 1003 828 a

41 853 129 937 llraeois¹
139 851 303 931 eenepbias.
336 853 381 912 sin
397 870 468 914 vero
487 852 631 931 depresso
653 854 717 914 sinu
733 855 840 914 arctius
856 853 945 912 rotati
961 851 1003 912 ei·

40 937 164 1015 fregerunt,
185 939 248 998 sine
264 938 351 1016 igne,
373 936 430 998 hoo
446 945 492 998 est
507 939 571 998 siue
586 937 721 1014 fulmine,
738 939 878 1000 verticem
893 936 1001 998 faciunt

39 1023 67 1097 qui
80 1021 170 1100 typhon
190 1031 332 1098 voeatur,
354 1021 447 1084 idest
466 1022 596 1082 vibratus
613 1021 781 1102 eunepbias.
813 1021 918 1082 Defert
934 1021 983 1080 lrie
995 1026 1044 1080 132
1118 1042 1121 1048 ¹

21 1124 102 1168 vseuun
114 1106 211 1185 aliquid
228 1107 383 1186 abruptum
405 1125 421 1166 e
439 1106 516 1168 nube
532 1106 646 1184 gelida,
670 1105 851 1168 convolvens
867 1123 1001 1166 versans·

39 1209 72 1266 que
84 1199 110 1250 et
117 1193 219 1254 ruinam
235 1209 317 1252 snam
334 1191 386 1252 illo
402 1190 532 1270 pondere
549 1191 709 1270 adgravans
725 1199 756 1252 et
772 1189 866 1252 loeum
884 1209 921 1251 ex
934 1189 1002 1251 loeo

38 1283 111 1336 uutuus
124 1276 217 1356 rapida
234 1276 399 1354 vertigine,
422 1277 580 1354 praecipua
598 1277 792 1353 navigantium
809 1275 918 1354 pestis,
944 1291 1003 1334 non
1040 1343 1044 1352 ,

39 1367 145 1424 antemnas
159 1360 244 1424 modo
262 1379 363 1420 rerum
380 1361 444 1440 ipsa
457 1361 573 1438 navigia
593 1368 728 1422 eoutorta
744 1359 900 1438 frangens,
922 1359 1002 1420 tenui

39 1445 214 1510 renodioaveti
235 1447 268 1506 in
282 1445 488 1508 advenientem
504 1445 606 1522 effusi,
628 1446 674 1505 oui
688 1444 875 1522 frigidissima
890 1452 936 1506 est
951 1462 1000 1504 na·

18 1537 84 1590 utura.
101 1530 271 1596 idemiulisu
289 1531 355 1609 ipse
369 1548 564 1609 repercussus
578 1537 719 1610 conrepta
734 1548 832 1592 seeum
848 1530 877 1590 in
892 1529 1003 1590 eaelum

37 1615 96 1674 refert
107 1617 264 1696 sorbetque
280 1616 310 1674 in
327 1614 486 1680 excelsum.
1011 1623 1014 1630 ’

74 1697 141 1782 (50.)
162 1698 248 1773 Quod
270 1701 295 1760 si
310 1701 422 1762 maiore
438 1700 600 1780 depressae
623 1699 708 1761 nubis
729 1701 860 1779 eruperit
882 1717 984 1778 specu,
998 1703 1045 1758 1³3

35 1783 67 1843 ted
78 1787 155 1848 ninus
168 1787 228 1847 leto
247 1803 334 1864 quam
350 1785 481 1864 procella
496 1803 551 1846 nee
567 1786 630 1846 sine
646 1785 778 1863 fragore,
796 1783 940 1844 turbinem
952 1800 1003 1842 vo·

37 1877 76 1928 taut
86 1871 203 1948 proxima
219 1889 355 1952 quaeque
369 1877 616 1950 prosternentem.
644 1869 722 1932 idem
737 1868 887 1930 ardentior
901 1885 1003 1928 aoeen·

18 1967 117 2034 usuque,
130 1955 191 2018 dum
203 1957 422 2035 furit,.,prester
439 1963 561 2016 voeatur
574 1953 729 2016 amburens
747 1961 881 2015 commuta
892 1953 1003 2034 pariter
1044 1971 1047 1997 ·=

37 2043 203 2116 vtpvourens.
241 2039 294 2104 49.
317 2039 384 2102 Nun
399 2040 432 2102 lit
447 2047 543 2102 antem
564 2039 729 2120 aquilonius
745 2038 868 2120 typhon,
890 2055 947 2098 nee
962 2037 1003 2096 ni·

38 2122 206 2192 vdsauvntve
224 2129 342 2190 ineante
359 2122 529 2204 eoueplrias.
557 2121 648 2197 ‚Quod
664 2125 688 2184 si
704 2123 787 2186 simul
802 2123 879 2202 rupit
897 2122 1004 2184 nubem

37 2213 206 2290 exarsitque-et
222 2213 324 2291 ignem
333 2209 450 2289 babuit,
469 2227 528 2272 non
540 2217 649 2290 postea
663 2209 808 2288 ooneepit,
823 2205 932 2268 fulmen
945 2214 1002 2268 est.

37 2289 91 2353 distat
103 2313 116 2354 a
128 2305 263 2375 prestere
283 2312 341 2378 quo
351 2293 470 2360 ,flamma
482 2294 518 2358 ab
531 2295 601 2372 igni.
625 2293 672 2355 hie
682 2293 742 2356 late
758 2292 1046 2370 funditorumque

18 2375 80 2436 nillud
96 2379 281 2459 eonglnbatur
302 2380 421 2459 impetu.
457 2377 573 2442 llerter
591 2387 688 2440 autem
703 2377 859 2440 remeando
882 2377 1003 2438 dietata

36 2459 115 2523 turbiue
129 2473 156 2526 et
171 2483 229 2544 quo
245 2463 386 2528 stridora
405 2465 539 2542 fragore,
556 2464 688 2544 procella
706 2462 857 2525 latitudine
873 2461 909 2524 ab
922 2472 1002 2523 utro·

35 2559 82 2622 que,
94 2548 203 2612 disiecta
219 2549 298 2615 nube
317 2549 416 2614 verius
432 2567 515 2629 quarn
530 2557 624 2628 rupta.
654 2547 701 2610 Fit
718 2557 749 2610 et
764 2548 860 2626 oaligo
877 2546 1003 2608 nebulae
1071 2559 1074 2566 '

36 2628 91 2690 dudi
103 2633 170 2698 nube
184 2635 247 2702 dira
260 2634 475 2713 navigantibus.
499 2633 634 2704 ,Vocatur
649 2641 681 2694 et
693 2632 834 2711 columna,
849 2650 913 2692 eum
929 2633 1003 2710 spis·

37 2721 87 2776 utu
98 2737 170 2780 umor
184 2721 346 2800 rigensque
361 2721 477 2798 ipsese
497 2719 634 2780 sustinet.
669 2737 707 2780 er
722 2717 827 2780 eodem
841 2733 955 2795 genere
972 2725 1003 2778 et

18 2797 156 2880 stntvngm
171 2803 264 2868 veluti
280 2803 378 2867 fistula
394 2803 489 2868 nubes
503 2821 607 2882 aquam
622 2803 716 2864 trahit.

73 2883 112 2948 50.
130 2887 209 2969 (51.)
230 2888 336 2954 Hieme
358 2897 388 2950 et
402 2895 521 2954 ,audate
535 2905 607 2950 ‚rara
629 2887 747 2954 fulmina
768 2888 923 2950 eontrariis
945 2885 982 2952 de
995 2891 1044 2948 135

38 2971 113 3048 uuis,
133 2976 264 3053 quoniam
280 2973 379 3041 hieme
393 2973 531 3044 densatus
547 2990 599 3035 aer
619 2973 898 3035 nubiumorassiore
918 2973 1002 3041 corio

37 3054 151 3135 spissatur,
165 3061 316 3140 omnisque
332 3067 473 3128 terrarum
484 3056 634 3122 >exhalatio
649 3058 750 3136 rigens
764 3077 801 3118 eo
811 3057 910 3136 gelida
922 3056 1003 3136 quid·

37 3139 179 3222 qvidaeoipit
187 3146 266 3224 ignei
278 3143 578 3224 vapruriserrstinguit.
597 3161 677 3222 ,quae
692 3143 767 3212 ratio
779 3143 922 3210 inmunem
932 3140 1002 3218 Sey·

18 3219 95 3284 “biam
108 3235 134 3289 et
145 3230 219 3298 eirea
242 3229 369 3308 rigentia
386 3227 661 3297 urutmvmmeasu
679 3235 826 3306 praestat,
841 3247 867 3288 ,e
881 3226 1001 3287 diverso
1057 3256 1060 3261 ·

38 3307 108 3371 liuius
115 3312 198 3380 ardor
210 3312 546 3395 deggptum„siqpidem
562 3311 648 3381 calidi
662 3313 791 3391 sieoique
806 3311 930 3372 balituus
944 3319 1001 3374 ter·

38 3403 69 3448 ue
80 3412 133 3456 raro
147 3398 291 3469 admodum
305 3399 461 3475 tenuisque
479 3405 509 3457 et
525 3396 651 3464 infirmas
673 3397 830 3464 densantur
845 3397 873 3455 in
897 3395 999 3456 nubes.

38 3469 90 3538 lere
104 3489 186 3552 autern
201 3481 543 3554 etautumnoerebriqra
553 3481 685 3560 *fulmine
702 3481 848 3560 corruptis
864 3481 894 3540 in
906 3488 984 3540 utro·
994 3485 1044 3543 leto
