2364 3930
152 190 216 254 180
497 188 525 243 c.
544 189 642 244 entur
662 187 818 266 suerrum

128 407 129 410 Ἴ
149 339 250 398 videre
269 339 454 398 rarissimum
467 345 519 421 ¹est
535 355 592 398 nec
611 339 669 398 nisi
687 335 876 418 vergiliarum
899 354 1005 398 occasu
1027 343 1056 396 et
1076 337 1141 396 circa

151 427 275 488 solstitia
299 425 481 506 brumamre,
503 444 577 488 nare
600 426 756 506 aliquando
785 426 995 487 circumvolata
1013 425 1104 486 statim
1118 426 1143 482 in

150 513 277 576 latebras
300 514 466 576 abeuntem.
508 515 651 574 fetificant
674 514 788 596 bruma,
812 517 864 593 qui
886 514 950 575 dies
972 512 1143 593 halcyonides

112 620 119 624 ·
149 611 302 685 vocantur,
319 602 435 683 placido
450 605 524 664 mari
537 622 591 682 per
610 623 662 664 eos
681 611 711 664 et
729 602 894 684 navigabili,
913 601 1013 664 Siculo
1027 603 1144 662 maxime.

150 693 262 754 iaciunt
286 698 385 752 autem
409 699 523 771 septem
551 699 619 754 ante
646 691 783 752 brumam
806 690 911 753 diebus
934 690 1020 752 nidos
1044 698 1072 750 et
1091 690 1166 748 toti-⁵

96 796 129 844 91
150 782 218 842 dem
237 780 431 860 sequentibus
449 782 577 859 pariunt.
605 780 668 840 nidi
686 799 790 840 earum
808 780 1033 840 admirationem
1053 776 1147 838 habent

148 869 225 948 pilae
248 870 342 947 ligura
365 869 487 948 paulum
510 871 651 929 eminenti
674 887 725 929 ore
749 887 893 948 perquam
915 875 1056 948 angusto,
1077 884 1147 944 grau·

129 957 131 962 ’
150 958 233 1018 dium
250 975 448 1036 spongearum
467 957 668 1018 similitudine.
701 957 781 1018 ferro
800 956 939 1018 intercidi
961 974 1022 1016 non
1043 961 1149 1034 queunt,

149 1047 328 1125 tranguntur
350 1048 412 1106 ictu
435 1045 544 1128 valido,
570 1053 604 1106 ut
627 1064 730 1125 spuma
754 1046 835 1106 arida
861 1047 959 1106 marie.
1005 1062 1063 1104 nee
1084 1040 1149 1104 uude

123 1207 129 1218 ,
149 1135 357 1213 confingantur
379 1137 538 1196 invenitur.
565 1143 672 1214 putant
690 1153 726 1194 err
745 1136 839 1214 spinis
857 1133 1008 1214 aculeatiS,
1030 1130 1168 1212 piscibus1

150 1225 230 1285 enim
253 1225 363 1284 vivunt.
401 1223 531 1296 subeunt
553 1231 587 1303 et
606 1225 638 1284 in
662 1241 772 1284 amnes.
809 1225 929 1302 pariunt
952 1241 1006 1282 ora
1031 1223 1124 1302 quina

216 1305 290 1393 (48)
314 1310 420 1372 Gaviae
438 1314 470 1372 ιιι
488 1313 582 1393 petris
601 1311 761 1393 nidificant,
783 1313 878 1390 mergi
896 1319 927 1372 et
948 1311 980 1370 in
998 1309 1152 1370 arboribus.

148 1401 270 1478 pariunt
290 1399 452 1479 plurimum
480 1408 579 1481 terna,
607 1401 659 1460 sed
687 1403 786 1480 gaviae
814 1403 938 1480 aestate,
965 1401 1064 1477 mergi
1092 1397 1151 1457 inri-

149 1490 249 1568 piente
272 1507 352 1558 vere.

99 1590 132 1640 92
220 1571 277 1638 33.
302 1569 376 1658 (49)
412 1575 596 1656 Halcyonum
625 1577 687 1638 nidi
713 1577 807 1656 figura
834 1575 1017 1679 reliquarum
1047 1591 1153 1654 quoque

18 1700 23 1705 ·
152 1663 264 1730 sollert
243 1671 302 1725 trae
325 1665 477 1744 admonet,
504 1683 601 1746 neque
626 1665 680 1738 alia
702 1673 787 1744 parte
811 1667 929 1744 ingenia
951 1665 1052 1724 avium
1075 1663 1155 1740 magis

151 1752 322 1815 admiranda
351 1760 429 1812 sunt.
409 1711 657 1814 thirundines
686 1753 748 1812 luto
779 1760 972 1834 construunt,
1000 1759 1154 1812 stramento

151 1841 301 1904 roborant.
325 1843 351 1902 si
370 1841 514 1918 quando'
500 1844 606 1920 mopia
628 1849 737 1902 estt
691 1841 756 1922 luti,
779 1841 959 1902 madefactae
978 1841 1073 1902 multa
1092 1856 1156 1916 aqua

150 1931 251 2009 pinnis
281 1929 434 2009 ptdrerem
463 1937 614 2009 spargunt.
665 1931 764 2009 ipsum
793 1949 864 1990 vero
894 1927 997 1990 nidum
1027 1927 1156 1990 mollibus

150 2018 260 2097 plumis
278 2017 440 2097 floccisque
459 2024 656 2084 consternunt
659 2017 891 2120 tepefaciendis
914 2020 991 2098 oviS,
1014 2017 1106 2078 simul
1128 2035 1158 2076 ur

151 2105 245 2166 durus
268 2107 307 2166 sit
330 2105 493 2168 infantibus
516 2105 776 2189 prdlis'mfetu
808 2125 921 2173 summa
948 2107 1100 2186 aequitate
1126 2103 1158 2162 al-

151 2200 270 2254 ternant
304 2192 413 2255 cibum.
471 2194 594 2276 notabili
627 2195 772 2268 munditia
811 2204 937 2274 egerunt
975 2201 1160 2258 excrementa

150 2281 313 2363 pullorum,
341 2283 562 2362 adultioresque
586 2286 747 2364 circumagi
770 2284 877 2345 docent
905 2291 936 2350 et
961 2283 1037 2344 foris
1061 2284 1159 2344 saturi·

98 2385 133 2436 aa
153 2376 244 2431 tatem
264 2373 409 2433 emittere.
446 2371 573 2434 alterum
591 2379 636 2432 est
654 2371 849 2446 birundinum
866 2390 961 2450 genus
984 2375 1161 2432 rusticarum

152 2465 182 2519 et
204 2461 366 2539 agrestium
395 2477 470 2539 quae
500 2478 568 2520 raro
597 2461 628 2520 in
659 2459 796 2534 domibus
825 2459 957 2542 diversos
986 2460 1083 2538 ligura
1114 2457 1160 2518 sed

116 2595 126 2618 ,
152 2547 256 2610 eadem
282 2549 407 2610 materia
435 2548 607 2628 confingunt
634 2547 734 2629 nidos,
761 2555 840 2610 totos
869 2551 1004 2633 supinos,
1030 2546 1160 2608 lancibus

149 2638 297 2714 porrectis
320 2637 352 2696 ιιι
376 2644 547 2717 augustum,
574 2643 661 2697 utero
684 2639 786 2716 capaci
807 2669 849 2678 -—
873 2639 983 2709 mirum
1005 2655 1067 2716 qua
1086 2639 1160 2716 peri-

149 2726 191 2784 tia
210 2757 251 2766 —
271 2732 302 2786 et
316 2723 499 2792 occultandis
518 2723 630 2786 habiles
648 2723 738 2804 prdlis
757 2732 789 2785 et
807 2723 1041 2802 substernendis
1053 2724 1160 2786 molles.

99 2819 138 2878 et
151 2813 184 2872 in
201 2812 327 2892 Aegypti
340 2812 544 2875 Heracleotioo
564 2815 639 2872 ostio
658 2813 767 2874 molem
785 2815 1007 2885 continuatione
1026 2813 1163 2877 nidorum

152 2903 286 2978 evaganti
308 2899 374 2960 Nilo
401 2899 659 2980 inexpugnabilem
686 2909 842 2980 opponunt
869 2901 957 2962 stadii
983 2902 1047 2961 lere
1076 2903 1161 2961 unius

151 2990 260 3068 spatio,
284 2989 363 3066 quod
386 2989 515 3062 humano
539 3007 629 3068 opere
651 2990 755 3067 perlici
778 3007 839 3049 non
861 2996 970 3068 posset.
1006 2991 1039 3048 in
1062 2989 1161 3048 eadem

105 3151 106 3154 Ἴ
150 3077 232 3136 iuxta
261 3076 404 3156 oppidum
434 3073 549 3157 Copton
579 3075 675 3158 insula
705 3085 750 3147 est
781 3095 865 3138 sacra
893 3075 977 3157 lsidi,
1007 3095 1094 3156 quam
1125 3093 1159 3132 ne

222 3300 376 3354 3latebras
390 3303 436 3352 du.
455 3297 542 3352 -rise
605 3299 758 3352 dmaxime
773 3298 851 3353 Piot
869 3297 991 3352 maxime
1004 3295 1160 3372 inreliqu'm

150 3369 277 3436 partibus
303 3371 347 3424 est
370 3367 484 3436 quidem
508 3368 604 3422 mitius
629 3369 695 3438 pelo
684 3386 747 3494 dglus
772 3367 892 3424 siculum
910 3359 1052 3446 utique(
1040 3367 1159 3438 (utrique

149 3437 229 3490 Ν.
260 3439 356 3508 itaque
358 3387 418 3506 (ld)
440 3437 590 3492 tractabile
609 3439 637 3493 ll.
670 3456 683 3494 e
748 3444 813 3500 onte
830 3436 940 3495 blond.n
1014 3445 1048 3494 18
1069 3437 1163 3494 mede-

150 3455 321 3562 factasunt.
338 3440 421 3562 tall).
450 3503 745 3567 tumeddanteGel
769 3507 984 3566 -tseom'DaL
1011 3509 1154 3588 efndn'et

151 3573 344 3645 bmqlxlp
355 3577 453 3646 61213,
462 3583 509 3634 24.
577 3579 908 3651 27.28peritiaetn²a
935 3581 1085 3636 tiaeBt‘.
1109 3578 1163 3630 -tum

151 3637 189 3693 α’
267 3652 300 3698 31
325 3647 423 3706 eodem
442 3649 554 3718 aegipto
573 3649 614 3702 ιι.
647 3651 745 3704 endem
764 3652 894 3722 Aegypto
913 3653 972 3708 edd.
991 3643 1055 3708 oute
1072 3649 1154 3704 llard
