2302 3938
219 195 302 248 nnn.
324 197 415 248 nnsn.
437 195 471 248 v.
495 191 613 248 an—an.
637 183 778 267 (ee-no.)
942 181 1005 248 213

32 369 86 412 nero
98 351 123 412 in
136 351 189 412 alto
208 351 287 413 Teos
299 369 373 426 ,cnm
389 351 514 434 oppido,
536 369 552 415 a
570 351 643 416 Chio
658 353 751 416 LXXI
765 352 837 415 MD
858 371 1005 432 passuum,

31 435 160 498 tantundem
179 436 213 498 ab
240 435 387 514 Erythris.
429 435 512 498 iuxta
538 437 689 516 Zmyrnam
710 447 776 500 sunt
797 437 1004 515 Peristerides,

33 519 147 594 iarteria,
163 521 314 600 Alopece,
337 520 479 599 Liseusa,
494 521 654 602 Bacchica,
669 523 783 601 Pystim
792 567 802 602 ,
819 520 1005 599 Grommyon-

31 621 109 682 nasos,
127 603 248 684 Megale.
288 610 356 668 ante
378 605 494 668 Troada
514 606 677 687 Ascanius,
696 607 818 670 Platone
837 616 919 684 tres,
938 606 1005 668 dein

11 688 123 766 alaniae,
139 689 277 752 Plitaniae
292 690 386 770 duee,
401 689 495 771 Piate,
511 690 674 773 Scopelus,
693 691 824 771 Getone,
839 689 1005 770 Anthedon,

32 771 110 850 Coeia,
123 771 268 854 Lagusae,
285 771 435 854 Didymae.

71 857 139 938 (39.)
160 858 327 922 clarissim
338 869 434 923 autem
448 857 574 940 Lesbos,
591 860 694 924 achin
709 859 831 923 LXVII
846 877 993 942 passuum,
1005 864 1056 920 1311

30 941 126 1005 himerte
141 951 170 1004 et
183 943 284 1022 Lasia,
300 945 452 1025 Pelasgia,
475 946 602 1025 Aegira,
624 945 794 1026 Aethiope,
816 945 940 1007 Macaria
957 963 1005 1026 ap·

32 1027 108 1104 pellata
124 1029 191 1108 init,
220 1047 327 1092 nonam
350 1027 466 1110 oppidis
488 1029 605 1093 incluta.
643 1047 682 1092 ex
703 1031 749 1092 his
774 1029 883 1108 Pyrrha
903 1029 1006 1091 hausta

11 1121 59 1170 uest
78 1113 152 1190 mari,
178 1113 289 1176 Arisbe
315 1122 459 1176 terrarum
484 1123 565 1177 motu
591 1115 751 1194 subversa,
778 1114 926 1177 Antissam
945 1111 1006 1176 Me·

31 1195 111 1272 tiymna
128 1197 216 1258 traxit
236 1199 266 1260 in
284 1213 335 1278 se,
355 1200 420 1278 ipsa
441 1217 547 1263 nonem
566 1200 687 1262 urbibus
708 1199 800 1261 Asiae
817 1201 847 1260 iu
864 1194 1006 1260 XXXVII

30 1279 46 1338 li
58 1299 173 1358 passuum
188 1283 295 1344 uicina.
327 1291 357 1345 et
373 1283 524 1364 Agamede
543 1285 616 1347 obiit
632 1293 662 1346 at
676 1280 773 1346 Hiera.
806 1291 919 1346 restant
934 1279 1006 1344 lire·

30 1381 73 1442 ros,
91 1365 192 1442 Pyrrhe
207 1375 240 1428 et
262 1367 356 1429 libera
376 1367 516 1446 Mytilene
532 1370 614 1431 eneis
627 1369 657 1430 M
674 1369 699 1430 D
717 1379 832 1450 potens.
862 1366 1057 1432 'fatain-140

30 1447 69 1508 suia
80 1451 224 1530 clncnitur,
242 1461 274 1512 ut
289 1452 439 1532 isidorus,
461 1451 607 1516 CLXVIII
622 1453 652 1516 M
667 1472 817 1535 passuum,
838 1460 870 1514 nt
885 1461 1005 1514 veteres

11 1529 102 1594 stret
114 1533 149 1596 M.
178 1545 297 1598 montes
309 1537 398 1600 habet
409 1536 628 1618 Lepetymnum,
645 1537 829 1618 Ordymnum,
844 1535 1005 1614 Macistnm,

31 1614 153 1699 breonem,
174 1619 339 1701 Olympum.
378 1640 394 1683 a
417 1625 549 1702 proxima
570 1625 740 1685 continente
761 1622 846 1684 abest
867 1621 922 1682 VII
937 1619 1005 1681 MD

31 1719 134 1778 passuum.
174 1705 294 1768 Insulae
316 1705 469 1786 adpositae
491 1707 671 1786 Sandalium,
695 1707 812 1769 Leucae
831 1707 866 1766 V.
910 1725 949 1766 ex
969 1707 1005 1766 iis

32 1783 132 1862 iydonea
145 1809 208 1852 cnm
226 1791 311 1854 ionte
333 1791 436 1854 calido.
467 1791 649 1872 Arginussas
665 1794 701 1855 ab
717 1791 804 1871 Aege
823 1790 878 1851 IIII
893 1789 922 1851 M
941 1807 1006 1870 pas·

32 1889 83 1932 nnn
104 1874 214 1937 distant.
252 1876 322 1938 dein
340 1875 494 1954 Phelinsa,
520 1877 625 1939 I'edna.
669 1875 760 1938 Extra
783 1875 1006 1955 Hellespontum

14 1954 117 2018 aniverso
127 1959 216 2039 Sigeo
232 1961 315 2022 litori
335 1963 413 2022 iacet
425 1959 561 2024 'Ienedus
572 1961 762 2041 Leucophrys
778 1961 854 2022 dicta
870 1967 901 2022 et
912 1959 1006 2020 Phoe·

31 2041 71 2183 {ifle
75 2051 107 2185 fit
119 2042 276 2121 Lyrnesos.
307 2043 393 2108 abest
413 2063 430 2109 a
447 2044 546 2109 Lesbo
568 2045 680 2109 LVIM
699 2061 851 2126 passuum,
877 2062 893 2105 a
914 2044 1006 2122 Sigeo

69 2207 108 2272 32.
124 2210 203 2293 (40.)
216 2211 361 2294 lnnpetmu
372 2213 478 2278 delnde
490 2216 576 2277 sumit
592 2214 803 2296 Meilespontns
821 2221 851 2276 et
870 2215 900 2274 iu
917 2229 996 2274 mare
1008 2223 1054 2274 141

31 2291 147 2376 incumbit,
163 2299 328 2360 verticibus
343 2298 464 2360 limitem
478 2299 612 2378 fodiens,
629 2300 724 2362 donee
742 2299 840 2360 Asiam
856 2298 1007 2378 abrumpat

14 2373 139 2458 tlnrnpae.
171 2383 403 2462 promunturium
420 2383 449 2444 id
465 2385 674 2466 appellavimus
696 2383 864 2464 Trapezam.
898 2381 946 2442 Ab
968 2397 1051 2442 eom

31 2459 206 2542 XMpassoum
222 2465 360 2544 Abydum
375 2468 529 2548 oppIdom,
546 2469 595 2530 ubi
608 2471 760 2548 angustiae
773 2468 827 2528 VII
838 2467 1005 2527 stadiorum.

32 2545 104 2609 deiude
127 2549 254 2612 Percote
284 2550 422 2632 oppidum
451 2561 482 2614 et
504 2552 690 2634 Lampsacum
713 2563 798 2613 antea
827 2552 945 2628 Pityusa
967 2549 1007 2609 di·

33 2638 94 2708 ctnn‚
114 2629 226 2696 Parium
247 2633 365 2698 colonio
387 2655 471 2716 quam
486 2633 629 2700 idomenus
645 2638 810 2698 AdrastIam
836 2633 1007 2714 appellarit,

34 2717 132 2792 oppidum
155 2718 297 2800 Pelapos,
324 2721 414 2781 amnis
442 2723 597 2804 Aesepus,
631 2721 729 2798 Melia,
757 2720 926 2800 Propontis.
968 2718 1007 2777 ita

15 2800 233 2876 appellauerunt
262 2823 297 2866 se
324 2803 426 2866 dilatat
452 2823 541 2868 mare.
582 2807 687 2868 humen
707 2803 875 2882 Granicum,
899 2801 1007 2864 Artace

35 2892 103 2956 portus
115 2885 159 2948 uhi
175 2887 314 2970 oppidum
329 2889 391 2952 fuit.
434 2890 508 2952 ultra
524 2891 616 2952 Insula
632 2906 715 2970 qnam
731 2889 890 2954 continenti
905 2887 1058 2948 iunxit142

36 2963 178 3058 Alexander,
200 2976 231 3034 in
257 2991 314 3054 qna
336 2975 473 3054 oppidum
494 2973 675 3036 Milesiorum
699 2972 835 3051 Cynicum
852 2982 937 3036 antea
956 2989 1007 3033 vo·
1048 3015 1049 3020 η

36 3057 116 3114 utatum
129 3056 332 3122 Arctonnesos
355 3067 386 3120 et
400 3057 535 3120 Dolionis
552 3067 583 3120 et
598 3058 745 3138 Didymis,
766 3060 847 3120 euius
863 3074 880 3119 a
895 3059 1007 3118 nortlae

35 3138 240 3219 nonsilidymns.
280 3161 350 3206 mox
366 3139 473 3222 oppida
493 3143 605 3223 Placia,
628 3143 753 3221 Artace,
773 3141 912 3221 Scylace,
936 3157 1007 3221 quo·

15 3222 75 3278 inunn
86 3241 99 3282 a
111 3233 188 3304 tergo
206 3245 290 3290 mons
308 3225 447 3306 Olympus
462 3225 574 3306 Mysius
590 3227 701 3306 dietus,
717 3228 822 3290 civitas
838 3226 1006 3308 Olympena.

37 3316 103 3368 tunes
114 3307 241 3372 Horisius
258 3321 289 3374 et
308 3309 482 3388 Rhyndacus
503 3321 571 3374 ante
586 3311 680 3390 Lycus
697 3321 828 3373 vocatus.
865 3312 961 3372 oritur
978 3311 1007 3368 in

38 3393 109 3464 stagno
127 3393 244 3472 Amynta
265 3399 344 3458 iuxta
366 3393 581 3476 Miletopolim,
601 3398 708 3476 racipIt
724 3396 876 3458 Maceston
894 3403 923 3455 et
945 3393 1007 3472 pie·

38 3483 114 3550 ttsqno
130 3477 212 3557 alios,
235 3480 335 3544 Asiam
353 3477 576 3562 Bithanamque
597 3480 808 3543 disterminans.
841 3479 883 3540 Ea
899 3477 997 3558 appel·
1010 3485 1060 3538 litt
