2392 3946
266 135 804 216 NAT.fflST.xv1r-1s(1e-ro)
978 133 1044 198 4οῦ
1118 205 1126 216 ,

20 287 199 366 praeierunt
222 288 351 368 cunctis,
379 303 483 370 magna
507 287 641 365 quaestio
666 295 727 366 est,
750 301 819 345 cum
842 283 871 344 id
895 302 990 364 genus
1012 286 1044 344 in

20 376 155 460 Africam
186 377 357 456 nuperrime
390 375 551 436 transierit.
609 375 722 454 patriae
759 391 868 434 nomen
905 375 1041 453 optinent
1061 381 1098 430 ro

20 467 115 527 etlam
136 463 350 526 Alexandrinae
374 483 410 526 ex
433 465 536 546 nigris,
560 463 731 524 candicante
756 463 844 545 rima,
868 463 1043 542 cognomine

20 553 176 615 delicatae.
211 555 296 633 nigra
315 561 345 614 et
362 551 477 614 Rhodia
496 559 591 614 estet
609 551 766 612 Tiburtina
785 551 822 612 de
840 550 1043 631 praecocibus.

21 651 97 704 sunt
121 651 151 704 et
177 650 334 704 auctorum
361 644 480 704 nomina
507 643 558 723 iis,
580 639 698 722 Liviae,
719 639 851 720 Pompei.
897 638 1043 701 siccandis

21 733 100 792 haee
120 731 233 792 selein
256 749 371 792 annuos
394 749 468 792 usum
491 732 643 811 aptissima
667 748 736 790 oum
759 730 893 790 mariscis
917 736 947 790 et
970 746 1043 807 quas

21 821 229 882 harundinum
261 819 323 881 lolii
355 819 470 881 macula
501 821 603 880 variat.
655 825 702 879 est
734 825 765 879 et
796 817 982 880 Herculanea
1013 824 1044 878 et

21 909 187 970 albicerata
205 917 236 971 et
254 911 345 970 aratia
363 908 437 991 alba,
459 908 597 990 pediculo
615 909 748 990 minImo,
770 907 920 968 latissima.
947 908 1044 988 primo
1064 914 1096 964 lt

20 1008 126 1059 autem
143 999 281 1078 provenit
297 998 490 1079 porphyricis,
512 997 684 1077 longissimo
702 995 850 1077 pediculo.
887 997 1045 1057 comitatur

0 1107 2 1136 ¹
21 1106 91 1148 eam
111 1105 128 1148 e
146 1089 287 1170 minimis,
303 1086 454 1148 vilissimis
471 1086 624 1166 popularis
642 1085 729 1147 dicta.
762 1092 867 1146 eontra
885 1085 1045 1145 novissima

20 1176 81 1238 sub
104 1177 202 1237 bieme
229 1183 396 1237 maturatur
423 1175 597 1239 chelidonia.
643 1184 714 1236 sunt
740 1181 897 1254 praetcrea
924 1172 1046 1234 eaedem

20 1267 174 1327 serotinae
199 1273 231 1326 et
251 1283 421 1347 praecoces,
444 1264 570 1347 bilerae,
593 1263 659 1325 alba
682 1283 716 1325 ac
739 1265 832 1345 nigra,
855 1280 924 1324 cum
947 1279 1045 1322 messe

20 1355 231 1434 vindemiaque
251 1362 495 1416 maturescentes.
528 1355 677 1414 serotinae
696 1361 727 1414 et
745 1372 762 1413 a
781 1353 863 1413 corio
882 1351 1044 1432 appellatae

20 1445 110 1526 duro,
133 1461 169 1504 ex
194 1441 369 1504 Chalcidicis
393 1443 578 1522 quarundam
601 1443 706 1504 trilero
729 1449 886 1521 proventu.
924 1440 1045 1502 Tarenti
1065 1449 1098 1499 72

1 1539 140 1594 »mutum
165 1531 341 1612 praedulces
364 1540 530 1593 nascuntur
553 1549 627 1611 quas
649 1539 756 1592 vocant
779 1547 860 1591 onas.
898 1528 983 1591 Cato
1006 1529 1044 1590 de

18 1622 88 1682 ficis
121 1623 162 1682 ita
190 1628 349 1682 memorat:
386 1620 492 1682 Ficos
521 1623 694 1682 mariscas
724 1621 761 1680 in
790 1619 869 1680 loco
901 1626 1045 1679 cretoso

19 1719 84 1772 aaut
119 1717 244 1790 aperto
278 1712 408 1794 serito,
439 1713 476 1771 in
508 1710 587 1771 loeo
620 1717 738 1770 autem
770 1709 952 1769 crassiore
985 1714 1046 1768 aut

19 1805 230 1860 stercorato
254 1797 441 1860 Africanas
464 1806 500 1860 et
522 1797 783 1882 Herculaneas,
807 1797 1046 1878 Sapnntinas,

18 1886 208 1970 hibernas,
232 1887 383 1949 Telanas
407 1895 504 1949 atras
526 1887 696 1968 pediculo
719 1887 834 1967 longo.
874 1894 978 1966 postea
1001 1892 1046 1946 tot

0 1974 144 2037 subiere
168 1979 288 2037 nomina
312 1985 401 2057 atque
425 1995 535 2058 genera
562 1985 597 2037 ut
619 1975 666 2036 vel
688 1975 746 2036 boc
770 1976 866 2037 solum
889 1976 1045 2036 aestiman-

20 2065 105 2126 tibus
123 2074 263 2146 appareat
281 2073 424 2127 mutatam
443 2082 509 2128 esse
532 2067 630 2126 vitam.
668 2072 739 2126 sunt
763 2072 793 2126 et
814 2063 957 2126 hibernae
981 2065 1045 2143 qui·

19 2155 149 2216 busdam
175 2156 352 2238 provinciis,
382 2158 428 2216 uti
455 2155 597 2238 Moesiae,
628 2155 681 2216 sed
708 2156 794 2237 artis,
823 2171 885 2214 non
912 2159 1044 2214 naturae.

19 2262 182 2324 parvarum
205 2262 300 2324 genus
324 2243 466 2306 arborum
487 2252 557 2325 post
579 2251 756 2306 autumnum
778 2243 847 2304 flmo
871 2249 1097 2324 conteguntur

21 2332 287 2412 deprehensasque
309 2335 341 2393 in
363 2332 411 2393 his
434 2325 532 2394 bieme
556 2351 690 2416 grossos,
717 2350 792 2411 quae
820 2333 938 2393 mitiore
962 2331 1044 2392 caelo

0 2422 156 2482 orefossae
175 2439 245 2482 cum
264 2420 372 2482 arbore
396 2429 484 2502 atque
508 2425 539 2482 in
561 2422 661 2483 lucem
683 2423 826 2482 remissae
849 2438 942 2481 novos
966 2419 1045 2481 soles

20 2510 167 2593 aliosque,
190 2527 279 2590 quam
299 2510 409 2590 qtribus
427 2513 536 2593 vixere,
560 2510 644 2572 avide
663 2518 813 2589 umquam
830 2510 940 2586 iterum
959 2516 1044 2569 natae

18 2677 237 2688 .----,--.--

94 2769 221 2824 tainica
238 2777 288 2825 lte.
306 2773 310 2840 Ι
326 2772 389 2826 dist,
404 2787 459 2842 epo.
531 2771 655 2826 aenam
672 2787 727 2842 epo.
754 2786 821 2826 nam
835 2770 893 2824 llo.
910 2772 914 2837 Ι
931 2767 1044 2823 alexan-

19 2841 121 2896 drinae
139 2842 347 2897 ”succidente
357 2841 497 2898 Getllen.
526 2842 583 2896 dae
596 2846 622 2896 d.
650 2843 711 2897 -inc
728 2843 804 2897 codd.
815 2840 872 2896 Get.
890 2842 894 2909 Ι
910 2856 944 2894 ex
956 2838 1046 2910 nigris

20 2928 79 3037 aaa
94 2911 513 3041 aurasicensis
530 2931 581 3040 a
594 2912 824 3040 resacrari
845 2909 1045 3038 auat

20 3054 63 3108 -io
77 3026 111 3109 'n
189 3023 299 3111 atenac
314 3002 366 3111 {tp
443 3027 564 3110 8aritia
582 3075 606 3110 ι.
684 3027 892 3125 aporpbyritis
909 3057 955 3108 dn.
982 3024 1045 3124 per:

18 3133 75 3178 ne.
104 3125 232 3196 perphir-
250 3144 273 3182 c.
352 3132 386 3182 10
405 3129 435 3181 et
450 3125 596 3182 vilissimis
614 3127 673 3182 edd.
684 3131 748 3181 orote
757 3125 819 3180 sm.
846 3123 1044 3194 vilissimisque

27 3197 87 3252 Uol.
102 3197 178 3252 vind.
193 3214 221 3254 o.
235 3202 302 3254 246.
323 3215 390 3253 .-me
407 3198 480 3254 Detl.
562 3203 592 3252 11
614 3197 730 3253 eaedem
748 3200 793 3254 do.
823 3196 905 3251 edem
922 3202 973 3251 tte.
994 3211 1044 3252 om.

18 3268 106 3322 asin.
211 3273 246 3324 14
268 3267 378 3324 trifario
397 3287 421 3323 e.
526 3273 560 3324 lt
584 3285 653 3324 onas
672 3266 940 3324 lieddanteBorb.
952 3267 1043 3322 Hasd.

20 3339 102 3394 onias
121 3337 248 3396 cherc.
282 3357 360 3396 omas
379 3341 478 3411 (ὠμάε)
496 3340 585 3396 Barla.
678 3344 711 3396 18
736 3337 907 3410 Saguntinas
926 3339 1044 3396 ediles.

20 3427 124 3480 sagon·
138 3411 198 3465 edd.
209 3416 272 3465 note
280 3411 349 3468 Bas.
374 3411 515 3467 secontias
530 3416 554 3467 d.
578 3411 651 3466 -inas
665 3428 690 3467 r.
763 3416 797 3466 19
816 3410 937 3465 Telanas
952 3409 1044 3465 Hard.
1097 3414 1099 3418 '

19 3482 73 3548 cfr.
90 3480 158 3537 Octo
172 3487 240 3549 8,1.
272 3481 393 3538 tellanas
412 3483 662 3539 lleddaorteBoc.
694 3481 776 3538 tella-
795 3481 913 3537 edBos.
951 3479 1044 3536 tallia

20 3551 132 3608 addet.
216 3558 250 3608 22
268 3554 311 3608 uti
328 3559 364 3610 Ι.
393 3553 475 3609 sicuti
493 3571 538 3610 ro.
565 3557 569 3624 Ι
593 3571 650 3610 non
668 3569 719 3609 om.
734 3558 769 3610 n.
849 3557 884 3608 26
903 3552 1043 3621 quibus—

20 3625 170 3694 tamqnam
188 3638 238 3679 om.
253 3629 288 3700 ll.
