2396 3940
159 195 226 261 260
512 190 541 247 0.
560 191 661 247 PLINI
679 191 837 248 SECUNDI

160 355 192 408 et
218 348 249 408 in
276 343 409 406 maribus
437 350 468 404 et
493 344 525 403 in
553 342 685 425 feminis,
712 350 873 404 senescunt
901 360 1023 423 quoque
1051 341 1169 404 celerius

106 443 158 494 213
167 436 369 518 praepinguia.
415 431 553 494 omnibus
576 430 752 493 animalibus
774 440 822 494 est
849 431 998 512 quoddam
1025 435 1058 493 in
1088 433 1170 493 oculis

160 527 279 607 pingue.
311 523 395 604 adips
418 524 536 584 cunctis
559 524 623 582 sine
647 539 747 603 sensu,
771 524 841 602 quia
863 540 918 583 nec
942 524 1072 583 arterias
1094 521 1169 582 habet

160 633 216 677 nec
235 631 334 676 renas.
366 612 518 694 plerisque
542 609 713 672 antmahum
735 618 766 672 et
788 611 966 692 pinguitudo
990 614 1057 672 sine
1082 631 1171 687 sensu,

160 722 250 784 quam
267 703 305 764 ob
325 720 445 765 causam
464 719 534 763 sues
553 702 700 780 spirantes
719 719 735 761 a
754 699 890 762 muribus
905 700 1028 762 tradunt
1047 701 1189 762 adrosos.⁵

161 795 234 873 quin
265 801 295 854 et
322 791 354 853 L.
383 792 495 872 Aproni
524 789 690 851 consularis
719 791 775 850 viri
805 789 865 851 lilio
896 790 1048 852 detractos
1080 791 1171 871 adipes

161 882 351 962 levatumque
376 897 487 960 corpus
510 878 645 941 inmobili
667 897 768 940 onere.

108 978 160 1028 214
229 963 303 1055 (86)
333 969 461 1032 Medulla
483 987 520 1031 ex
543 970 649 1031 eodem
671 968 789 1030 videtur
817 986 896 1050 esse,
923 970 955 1031 in
982 970 1107 1030 inventa
1132 988 1171 1028 ru-

159 1060 248 1143 bens,
275 1063 306 1121 in
330 1066 450 1121 senecta
478 1058 641 1120 albescens.
685 1075 747 1120 non
774 1059 832 1119 nisi
855 1059 933 1118 caris
955 1057 1030 1118 haec
1054 1056 1172 1134 ossibm,

160 1167 216 1211 nec
246 1149 386 1212 cruribus
414 1151 617 1210 iumentorum
644 1156 695 1209 aut
723 1165 844 1230 canum,
875 1165 967 1227 quare
997 1147 1093 1208 inacta
1121 1165 1171 1207 non
1184 1161 1191 1198 a

161 1237 670 1321 teruminantnr,quoadet1uente
697 1238 797 1298 evenit
823 1236 960 1298 medulla.
1006 1245 1053 1298 est
1081 1245 1172 1297 auten

161 1330 280 1409 pinguis
303 1329 342 1388 iis
365 1326 475 1407 quibus
498 1325 591 1408 adips,
615 1325 721 1388 sebosa
744 1328 923 1409 cornigeris,
947 1344 1075 1386 nervosa
1096 1335 1126 1387 et
1148 1329 1170 1385 in

161 1419 246 1498 spina
263 1425 380 1478 tantum
398 1415 480 1476 dorsi
498 1433 565 1477 ossa
584 1433 644 1476 non
662 1413 851 1498 habentibus,
869 1424 903 1476 ut
920 1417 1049 1497 piscium
1068 1417 1171 1494 generi,

161 1509 241 1568 ursis
264 1505 352 1588 nulla,
375 1504 454 1566 leoni
477 1507 508 1566 in
532 1505 676 1566 feminum
695 1513 726 1566 et
743 1503 952 1566 bracchiorum
970 1502 1091 1565 ossibus
1108 1523 1171 1584 pau-

162 1598 206 1657 cis
224 1597 331 1676 exigua
349 1594 516 1678 admodum,
539 1602 639 1655 cetera
658 1601 740 1655 tanta
763 1594 872 1654 duritia
894 1602 928 1655 ut
947 1595 1028 1673 ignis
1052 1592 1188 1654 elidatur1

148 1684 243 1746 'velut
266 1703 283 1746 e
307 1684 399 1746 silice.

111 1780 163 1832 ato
231 1767 305 1858 (87)
329 1772 368 1836 Et
390 1773 437 1834 his
460 1772 535 1834 dura
558 1789 633 1852 quae
658 1789 718 1833 non
736 1773 946 1855 pinguescunt,
968 1773 1119 1834 asinorum
1141 1771 1169 1831 ad

161 1863 253 1926 tibias
281 1881 397 1925 canora.
442 1861 590 1942 delphinis
618 1879 699 1944 ossa,
729 1879 789 1922 non
820 1862 936 1944 spinae,
965 1861 1074 1923 animal
1101 1865 1170 1922 enirn

160 1955 289 2034 pariunt.
336 1951 525 2032 serpentibus
555 1952 667 2031 spinae.
718 1949 892 2030 aquatilinm
921 1949 1061 2012 mollibus
1092 1951 1171 2030 nulla,

162 2042 215 2105 sed
238 2060 349 2123 corpus
368 2040 488 2102 circulis
511 2042 609 2102 carnis
631 2041 774 2123 vinctum,
796 2048 831 2101 ut
854 2042 968 2120 saepiae
992 2047 1083 2120 atque
1104 2040 1190 2101 lolli-³

161 2133 232 2211 gini.
283 2140 314 2192 et
343 2133 467 2193 insectis
496 2137 622 2209 negatur
652 2147 746 2210 aeque
776 2147 843 2190 esse
873 2128 940 2190 nlla.
992 2129 1170 2210 cartilaginea

162 2219 335 2300 aquatilium
358 2219 468 2280 habent
495 2217 653 2280 medullam
681 2221 713 2279 in
743 2221 841 2301 spina,
868 2219 952 2280 vituli
981 2221 1091 2280 marini
1118 2239 1171 2280 car·

109 2309 338 2391 atotilaginem,
369 2326 430 2370 non
457 2326 532 2370 ossa.
584 2310 657 2370 item
684 2310 818 2370 omnium
849 2308 999 2400 portentae
1029 2327 1064 2369 ac
1096 2328 1190 2386 nares¹

163 2417 238 2480 quae
256 2397 344 2460 modo
368 2399 500 2459 eminent
522 2397 613 2459 flexili
636 2397 768 2481 mollitia,
791 2405 915 2459 naturae
933 2397 1119 2478 providentia
1139 2387 1190 2457 ne*

164 2489 382 2569 frangerentur.
428 2486 568 2568 cartilago
592 2495 681 2568 rupta
702 2505 763 2548 non
787 2486 946 2570 solidescit,
969 2505 1026 2548 nec
1048 2490 1169 2568 praecia

237 2697 301 2752 lin
324 2695 517 2753 moribus-2
537 2694 654 2766 praepin
695 2693 702 2708 ⁹
738 2700 823 2750 lilio.
846 2710 897 2750 oro.
915 2711 937 2752 r.
1037 2701 1169 2765 iquoqne

163 2775 199 2828 Π,
228 2786 282 2852 que
298 2769 408 2827 saror.
437 2782 489 2824 om.
503 2767 562 2822 odd.
577 2711 733 2822 ooicffidldi.
823 2767 889 2821 let
905 2771 962 2820 1⁸.
991 2767 1036 2822 est
1053 2783 1098 2824 ro.

164 2847 180 2896 5
201 2843 338 2912 spuentes
356 2846 408 2895 ito.
441 2837 602 2910 spiritantes
619 2843 655 2893 Ι.
683 2838 734 2906 cfr.
753 2838 806 2893 luc.
825 2841 862 2893 94
879 2853 907 2892 rc.
926 2842 972 2894 58.
1000 2837 1137 2908 spirantes
1151 2855 1167 2892 r.

236 2911 442 2967 8medulia1.
470 2911 500 2966 eb
512 2909 589 2964 med·
602 2927 647 2966 ro.
668 2907 673 2981 Ι
692 2908 881 2965 indedBoe.
899 2924 950 2966 om.
963 2925 987 2965 r.
1016 2911 1167 2968 aeddxett.

165 2983 305 3056 {inuenta
317 2987 392 3040 aaa.
422 2998 467 3038 -ee
481 2988 511 3038 b.
540 2999 625 3037 ace.
651 2981 793 3036 iumeniae
806 2985 843 3036 1.
915 2980 1081 3039 {tium
1108 2982 1168 3036 etin

163 3053 259 3126 Duff).
334 3060 366 3108 11
387 3053 526 3109 defluente
544 3057 618 3108 ndo.
647 3051 739 3124 defiu-
757 3057 792 3109 1.
821 3051 953 3111 eflu-ne.
998 3053 1166 3109 =12iis1u

163 3127 188 3182 is
206 3133 237 3182 n.
264 3125 310 3180 his
328 3129 374 3183 etl.
403 3125 486 3180 inl.
578 3129 611 3180 15
635 3119 889 3191 oethrcnahunt
906 3121 1165 3192 naamathitis.

164 3201 229 3254 ceta
247 3198 284 3253 sit
301 3203 331 3253 o.
361 3198 439 3252 cetus
456 3197 486 3250 in
503 3213 529 3254 o.
563 3196 663 3252 celeris
682 3195 758 3251 enim
776 3197 820 3250 ost
837 3196 897 3251 edd.
911 3201 976 3252 ante
988 3196 1047 3252 oet.
1072 3197 1166 3266 {tanti

164 3276 196 3326 it.
222 3275 227 3339 1
252 3269 356 3324 cimilia
374 3267 483 3338 s(?)do.
511 3267 653 3323 eduricice
671 3266 745 3339 W)-
773 3267 928 3323 eednritiae
945 3273 978 3322 B.
1005 3269 1118 3336 sonam
1133 3281 1165 3320 ce-

165 3341 232 3394 teris
245 3341 325 3395 tenta
343 3338 448 3393 duritia
464 3339 530 3405 (abl.
545 3339 622 3406 obs).
651 3355 690 3394 oo
708 3338 808 3395 ceteris
827 3340 938 3394 iantnm
956 3342 1000 3395 est
1017 3335 1149 3394 duritiae?

164 3413 289 3467 nilide.
316 3429 336 3464 u
353 3417 383 3467 lt.
413 3412 442 3464 et
459 3427 484 3465 a.
501 3409 505 3478 Ι
522 3409 662 3464 clidonium
679 3416 710 3466 B.
785 3416 819 3466 16
838 3425 853 3464 o
872 3425 923 3466 om.
942 3429 967 3468 ι,
1041 3407 1165 3466 tollei-

165 3479 228 3538 lice.
247 3481 285 3534 nt
296 3487 327 3537 lt.
342 3481 421 3534 --icet
433 3484 484 3533 bct.
509 3479 563 3534 ·ice
578 3498 602 3533 s.
677 3483 710 3535 18
725 3480 810 3536 tibiae
824 3481 864 3538 ed.
877 3481 946 3538 Boe.
971 3483 1022 3550 cfr.
1036 3483 1064 3534 X
1067 3483 1164 3536 71172.

165 3549 249 3626 bubos
268 3551 295 3605 ll.
310 3552 370 3606 cdd.
384 3555 445 3606 cett.
544 3556 577 3604 21
601 3553 742 3621 negentur
758 3557 790 3606 lt.
818 3555 933 3624 rogatur
945 3571 970 3610 s.
994 3553 1001 3623 1
1026 3567 1111 3626 aeque
1123 3555 1163 3604 ιν.

167 3617 257 3699 adque
274 3626 304 3677 o.
334 3622 418 3692 utque
431 3625 482 3676 stt
504 3621 508 3691 Ι
529 3621 713 3694 cartilaginea
731 3639 755 3679 o.
786 3623 865 3694 gine
882 3631 934 3683 lie.
962 3642 1011 3696 ·go
1028 3623 1091 3680 Ν
1118 3621 1165 3676 nni·

166 3687 253 3741 maha
269 3690 313 3746 12¹.
342 3691 394 3745 dist
412 3691 456 3746 Bi.
528 3697 565 3746 23
582 3692 704 3749 oriculae
723 3700 774 3751 Its.
848 3691 852 3710 ⁸
