2364 3930
178 177 240 242 148
521 174 551 230 C.
569 173 670 230 PLINI
688 173 846 230 SECUNDI

173 328 227 406 qui
248 327 349 388 securi
367 331 595 406 supernatantes
615 323 798 405 obtorpuere
819 325 993 404 corripiens.
1016 356 1059 366 —
1082 316 1171 405 (horim

172 417 266 476 iecori
288 417 432 478 teneritas
458 413 540 476 nulla
565 407 760 496 praefertur.)
784 447 826 458 -
850 431 905 474 nec
932 415 1031 484 minor
1057 411 1172 474 sollertia

172 522 263 566 ranae
284 523 359 584 quae
378 506 410 566 in
428 505 503 564 mari
521 505 664 583 piscatrix
682 511 814 564 vocatur.
857 502 1017 564 eminentia
1039 501 1095 564 snb
1116 521 1173 562 ocu-

173 591 210 654 lis
233 593 385 655 cornicula
406 591 526 654 turbato
549 591 619 654 limo
643 595 768 674 exserit,
798 591 1016 654 adsultantibus
1038 589 1173 672 piscionis

122 688 174 741 144
184 683 357 763 detrahens,
386 681 482 744 donec
508 689 570 744 tam
592 701 686 763 prope
710 681 853 746 accedant
875 690 909 744 nt
932 681 1057 743 adsiliet.
1102 683 1160 741 simi

174 771 262 832 modo
286 773 423 851 squatina
451 779 481 832 ei
503 769 647 834 rhombus
671 771 765 834 abditi
786 773 893 852 pinnas
915 779 1051 834 exsertas
1073 787 1167 830 moron

175 862 275 940 specie
299 859 542 942 vermiculorum,
564 861 636 923 item
660 879 735 940 quae
758 869 903 924 vocantur
924 861 1013 922 raiae.
1052 877 1168 938 nampa

56 997 60 1002 .
174 951 287 1010 stinaoa
309 949 504 1010 latrocinatur
528 967 563 1010 ex
587 949 704 1012 occulto
724 957 913 1012 transeuntes
931 949 1025 1032 radio,
1050 949 1128 1030 quod
1146 957 1169 1007 te

172 1037 236 1099 lum
259 1045 306 1100 est
328 1041 366 1120 ei,
387 1039 490 1118 ligans.
536 1045 710 1118 argumenta
733 1039 882 1101 sollertiae
904 1039 1004 1121 buius,
1029 1039 1113 1120 quod
1133 1045 1171 1097 tar

174 1127 288 1188 dissimi
305 1129 433 1208 piscium
450 1127 482 1188 bi
503 1127 644 1208 mugilem
658 1128 877 1190 velocissimum
895 1130 1029 1190 omnium
1050 1127 1168 1188 habente

174 1219 206 1278 in
228 1224 333 1278 ventre
356 1218 558 1296 reperiuntur.

123 1311 173 1363 145
242 1299 301 1368 43.
335 1305 554 1385 Scolopendrae
572 1305 768 1368 terrestribus
787 1306 907 1389 similes,
927 1325 1001 1387 quas
1020 1304 1171 1384 ccntipede

175 1403 295 1475 vocant,
324 1393 411 1455 hamo
435 1395 576 1456 devorato
604 1398 704 1456 omnia
730 1398 885 1458 interanea
912 1403 1072 1476 evomunt,
1102 1394 1168 1454 dono

175 1483 295 1546 bamum
319 1491 454 1564 egerant,
477 1483 583 1544 deinde
607 1485 773 1546 resorbent.
819 1493 850 1546 at
871 1484 975 1565 vulpes
998 1486 1133 1544 marinae
1153 1485 1172 1540 si

175 1572 238 1634 mili
260 1575 292 1634 in
314 1571 448 1654 periculo
471 1571 601 1651 glutiunt
630 1573 756 1653 amplius
779 1591 875 1654 usque
899 1573 934 1636 ad
957 1573 1081 1634 infirma
1103 1572 1171 1632 linea

176 1681 236 1742 qua
258 1662 343 1726 facilc
366 1661 553 1741 praerodant.
595 1664 712 1724 cautius
735 1665 787 1743 qui
810 1663 904 1744 glanis
926 1670 1054 1724 vocatur
1078 1681 1158 1722 ave*

176 1751 293 1814 mordet
314 1751 426 1832 hamos,
450 1768 505 1812 nec
528 1751 651 1812 devorat
674 1753 726 1813 sed
750 1771 818 1815 esca
842 1751 956 1832 spoliat.

243 1833 303 1902 44.
327 1839 485 1900 Grassatur
508 1842 585 1900 aries
609 1848 643 1901 ut
664 1840 750 1923 latro,
773 1849 804 1902 et
826 1859 906 1902 nunc
929 1841 1127 1920 grandiorum
1146 1859 1162 1898 n

176 1931 257 1992 vium
284 1931 316 1988 in
344 1928 405 1990 salo
432 1930 575 1992 stantium
602 1929 769 1992 occultatus
796 1929 902 1990 umbra
930 1931 957 1991 si
984 1947 1079 2008 quem
1110 1947 1169 1988 nam

176 2017 311 2096 voluptas
333 2019 438 2078 invitet
461 2025 627 2099 exspectat,
656 2037 737 2082 nunc
761 2018 838 2080 elato
861 2025 945 2086 extra
966 2037 1080 2097 aquam
1104 2019 1165 2097 capi

176 2107 356 2187 piscantium
370 2105 492 2168 cumbas
511 2107 682 2186 speculatur
701 2107 897 2187 occultusque
915 2107 1062 2169 adnatans
1082 2107 1172 2183 mergi

125 2205 176 2254 146
245 2187 305 2256 45.
329 2187 404 2277 (68)
427 2194 574 2275 Equidem
593 2195 688 2258 ethis
706 2199 805 2258 inesse
824 2215 946 2258 sensum
968 2195 1106 2258 arbitror
1124 2215 1164 2275 qu

177 2303 276 2362 neque
299 2284 469 2355 animalium
492 2303 590 2363 neque
608 2286 752 2348 fruticum
775 2285 827 2346 sed
848 2287 968 2348 tertiam
986 2287 1141 2366 quandam

176 2380 306 2452 utroque
330 2381 466 2434 naturam
488 2373 608 2454 babent,
630 2375 737 2436 urticis
761 2375 827 2436 dioo
852 2383 882 2436 et
904 2377 1067 2454 spongeis..

244 2461 363 2524 Usticae
393 2470 483 2524 noctu
513 2469 657 2542 vagantur
687 2467 844 2542 locumque
874 2471 999 2524 murtam.
1054 2482 1163 2524 carno:

177 2552 292 2614 lrondis
314 2551 362 2613 his
385 2559 498 2632 natura,
522 2559 552 2612 et
573 2570 664 2636 carne
687 2560 858 2614 vescuntur.
904 2555 948 2612 vis
966 2555 1097 2631 ,pruritu
1122 2571 1168 2612 mo

178 2643 233 2703 dax
257 2641 420 2722 eademque
448 2659 523 2721 quae
546 2643 701 2703 terrestris
724 2643 847 2704 urticae.
893 2640 1046 2702 contrabit
1070 2661 1145 2720 ergo

178 2749 268 2810 quam
281 2733 408 2792 maxime
422 2733 522 2808 rigens
537 2749 570 2791 ac
585 2738 778 2811 praenatante
796 2729 939 2810 pisciculo
957 2729 1101 2790 frondem
1115 2749 1169 2790 sua

127 2829 177 2879 141
188 2821 301 2897 spargit
324 2817 583 2897 complectensque
607 2819 736 2882 devorat.
780 2820 851 2880 alias
873 2820 1019 2878 marcenti
1038 2818 1150 2880 similis

178 2908 282 2967 iactari
311 2925 342 2966 sc
370 2924 456 2985 passa
478 2905 573 2967 lluctu
600 2907 680 2986 algae
703 2911 780 2989 vice,
818 2915 971 2968 contactos
997 2909 1132 2986 piscium
1161 2927 1168 2938 ·

250 3094 436 3150 bdebrahens
453 3095 498 3150 12².
530 3097 620 3166 perbr-
638 3113 661 3151 r.
691 3098 761 3152 rebr—
779 3095 853 3152 Doti.
883 3097 991 3166 praebr-
1010 3096 1159 3151 coniIon

251 3173 266 3221 ‘t
285 3165 410 3236 itemque
428 3183 501 3236 quae
518 3173 550 3222 n.
579 3167 703 3236 itemque
720 3185 744 3222 r.
761 3169 765 3236 Ι
780 3184 847 3222 nam
866 3169 926 3224 llo.
962 3184 1003 3222 ao
1020 3166 1132 3222 etism?

123 3243 131 3250 “
180 3243 213 3293 16
232 3255 288 3306 quo
312 3237 349 3292 ⁸¹.
386 3255 458 3307 quae
476 3243 529 3292 Μ.
563 3241 568 3307 1
603 3238 711 3294 cautius
729 3243 754 3292 d.
792 3238 911 3294 claudus
934 3255 958 3293 r.
993 3240 997 3307 Ι
1032 3255 1150 3294 auersos

180 3326 238 3362 -sus
257 3325 280 3363 r.
403 3315 437 3363 25
457 3311 578 3379 agentur
595 3315 651 3363 Μ.
680 3311 776 3364 -uncur
793 3309 832 3363 αἱ.
865 3311 870 3379 l
902 3309 1055 3379 locumque
1072 3325 1121 3380 eoo
1139 3325 1166 3362 cr

180 3379 268 3432 Arist.
283 3379 308 3432 n.
319 3397 346 3433 a.
361 3381 400 3433 11
411 3396 442 3448 p.
452 3384 509 3436 187
517 3381 555 3446 Β,
568 3385 611 3436 13.
637 3383 740 3437 111112
751 3397 781 3450 p.
793 3381 892 3449 5901,
907 3385 953 3437 32.
978 3383 1050 3436 Vas
1059 3385 1156 3450 psas

179 3452 219 3503 24
242 3449 429 3516 ἀπολυόμεναι
451 3456 640 3518 μεταχωροῦει
674 3453 720 3518 (dc
738 3457 816 3521 pari.
835 3469 881 3508 on.
900 3455 948 3504 IV
957 3457 975 3507 5
989 3469 1021 3521 p.
1035 3453 1163 3507 681Αὸ

180 3519 321 3588 noctuque
344 3521 402 3574 llo.
510 3527 544 3575 21
567 3521 721 3590 eademque
739 3539 813 3590 quae
836 3524 896 3578 llo.
928 3540 967 3578 on
984 3522 1085 3578 malem
1101 3539 1173 3590 qus

181 3587 431 3658 cfr.§117.144.
539 3597 573 3644 29
592 3593 730 3647 marcenti
747 3609 802 3662 epo.
836 3593 883 3651 -tis
901 3595 959 3650 llo.
991 3594 1045 3660 afr.
1061 3609 1123 3647 nor.
1146 3593 1168 3644 1·

179 3669 209 3719 p.
228 3659 411 3725 estsimilis
429 3660 494 3713 R²d
521 3660 554 3722 eli
571 3678 594 3716 r.
667 3669 701 3716 30
716 3666 880 3737 {contractos
898 3670 929 3720 Β.
