2396 3940
169 183 234 251 238
515 177 664 234 cuntur
683 176 840 234 saccum

237 336 331 416 Caput
349 334 460 396 babent
478 339 587 394 cuncta
605 345 681 410 quae
700 331 883 410 sanguinem.
914 329 947 388 in
966 329 1065 408 capite
1084 328 1173 408 paucis

170 425 340 488 animalium
362 443 419 485 nec
441 425 500 484 nisi
520 419 693 482 volucribus
716 422 830 502 apices,
857 419 969 480 diversi
993 417 1114 497 quidem
1134 435 1173 496 ge·

170 519 265 599 neris,
287 515 427 596 phoenici
446 512 617 594 plumarum
640 513 718 572 serie
742 508 879 570 emedio
903 527 940 570 co
964 515 1096 569 exeunte
1122 505 1176 586 aliu,

169 605 334 688 pavonibus
357 605 473 665 crinitis
496 600 675 682 arbusculis,
695 599 889 681 stymphalidi
911 600 1005 680 ebro,
1028 597 1175 678 phasianae

170 695 345 778 corniculis,
367 701 521 775 praeterea
544 709 650 772 parvae
673 693 719 750 ati
743 705 819 770 cpuae
842 689 879 750 ab
906 688 958 749 illo
980 687 1113 768 ¹galerita
1137 705 1189 765 ap·

170 786 277 866 pellata
306 783 468 867 quondam,
499 789 603 864 postca
632 779 742 842 Gallico
776 777 920 841 vocabulo
953 780 1046 840 etiam
1080 777 1176 856 legioni

119 881 170 931 122
180 891 289 936 nomen
309 873 431 936 dederat
448 872 582 934 'alaudae
611 871 738 932 brimus
753 879 791 932 *et
813 871 864 932 cui
882 867 1048 950 plicatilem
1068 869 1176 928 cristam

132 959 161 1034 'eb
173 965 304 1026 dedisset
331 971 445 1026 natura.
478 980 546 1044 per
573 962 704 1024 medium
727 969 816 1042 caput
838 977 855 1021 u
877 965 977 1034 rostro
1006 955 1178 1018 residentem

171 1063 201 1116 ct
224 1055 393 1116 fulicarum¹
409 1056 512 1134 generi
541 1053 634 1135 dedit,
662 1055 757 1114 cirros
784 1054 852 1132 pico
881 1065 1000 1130 quoque
1022 1047 1131 1108 Martio
1154 1057 1176 1104 et

171 1147 239 1225 grui
270 1144 451 1225 Balearicae,
487 1143 540 1204 sed
571 1143 823 1223 spectatissimum
852 1142 970 1219 insigne
1007 1137 1177 1218 gallinaceis,

51 1283 55 1292 .
173 1251 363 1317 corporeum,
383 1240 540 1314 serratum,
552 1248 613 1293 nec
633 1245 752 1293 carnem
765 1233 806 1293 id
822 1247 888 1292 esse
905 1245 963 1290 nec
976 1226 1176 1306 -cartilagincn

171 1341 227 1385 nec
251 1323 358 1384 callum
381 1325 446 1384 lucre
464 1323 647 1404 ‘dixerimus
665 1337 775 1382 uerum
793 1320 948 1402 peculiare
971 1317 1085 1379 datium.
1122 1316 1175 1377 dra-

172 1427 281 1475 conum
299 1415 385 1492 enirn
408 1415 513 1473 cristas
537 1415 589 1492 qui
609 1412 719 1473 viderit
735 1427 802 1472 'non
819 1411 984 1492 reperitur.

13 1505 18 1512 ’
121 1513 172 1562 123
241 1497 314 1587 (45)
332 1501 453 1564 Comma
466 1501 568 1564 miultis
582 1503 704 1581 quidem
719 1509 748 1562 ct
762 1501 934 1580 aquatilium
954 1507 983 1560 et
1002 1499 1177 1563 macinarum

172 1601 203 1654 et
225 1595 411 1673 serpentium
432 1595 522 1652 variis
544 1593 611 1652 data
635 1600 705 1652 suut
727 1591 832 1672 modis,
856 1590 907 1651 sed
927 1607 1007 1669 'quac
1032 1591 1101 1650 iure
1123 1606 1177 1650 cor-

171 1695 230 1744 nua
247 1682 463 1761 intellegantur
482 1681 701 1762 'quadripedum
725 1688 841 1742 tantum
859 1682 969 1760 generi.
1008 1679 1178 1740 Actaeonem

172 1774 252 1833 enim
271 1779 301 1832 et
313 1770 426 1852 ¹Cipum
445 1773 533 1832 etiam
551 1773 583 1831 in
599 1769 684 1832 Latia
695 1771 827 1832 ‘historia
845 1769 996 1831 fabulosos
1015 1785 1096 1830 reor.
1131 1785 1176 1828 ner

172 1860 241 1923 alibi
263 1864 358 1922 maior
381 1868 502 1921 naturae
518 1861 648 1922 lascivia.
694 1861 765 1922 lusit
788 1860 958 1922 animalium
981 1862 1084 1941 amnis,
1102 1877 1177 1938 spar-

172 1954 211 2012 sit
233 1951 306 2012 baec
329 1953 361 2011 in
385 1961 491 2033 ramos,
514 1956 548 2011 ut
571 1967 737 2033 cervorum,
761 1951 825 2012 aliis
848 1950 993 2032 simplicia
1015 1948 1130 2030 tribuit,
1151 1961 1175 2006 ut

172 2044 203 2101 in
222 2041 330 2102 eodem*
345 2054 454 2121 genere
467 2039 672 2101 subulonibus
691 2057 728 2101 cx
745 2047 921 2120 argumento
940 2041 1038 2121 dictis,
1062 2039 1177 2100 aliorum

172 2129 249 2191 ludit
266 2133 297 2190 in
315 2131 427 2210 palmas
450 2129 617 2210 digitosque
637 2132 736 2192 emisit
755 2147 791 2192 ex
812 2133 863 2214 ils,
885 2131 966 2192 unde
989 2129 1178 2210 platycerotas

119 2228 171 2276 124
180 2227 295 2281 vocant.
340 2215 422 2280 dedit
443 2233 560 2281 ramosa
583 2221 711 2302 capreis,
735 2221 788 2282 sed
810 2239 912 2302 parva,
935 2239 991 2280 nec
1016 2221 1089 2280 lecit
1110 2219 1178 2278 deri-

172 2308 242 2390 dua,
266 2309 422 2369 convoluta
438 2312 476 2370 ln
499 2311 666 2371 anfractum
689 2312 817 2372 arietum
836 2313 955 2392 generi,
983 2327 1041 2370 ceu
1071 2317 1178 2368 caestus

172 2397 268 2481 daret,
290 2398 399 2459 infesta
421 2401 514 2460 tauris
539 2431 581 2442 --
605 2403 635 2460 in
658 2399 715 2460 boc
740 2399 860 2480 quidem
882 2417 991 2480 genere
1017 2407 1048 2459 et
1072 2399 1177 2459 tentet

171 2487 289 2570 tribuit,
306 2489 338 2550 in
355 2487 458 2550 multis
476 2495 592 2550 tantum
611 2487 744 2550 maribus
763 2523 814 2571 —-,
832 2491 999 2568 rupicapris
1020 2490 1051 2548 in
1066 2488 1176 2548 dorsum

171 2577 297 2661 adunca,
325 2576 448 2639 dammis
472 2581 503 2639 in
532 2578 702 2661 adversum,
730 2587 830 2640 erecta
858 2587 958 2639 autem
984 2595 1175 2657 rugarumque·

171 2667 282 2729 ambitu
313 2676 449 2729 contorta
478 2676 509 2729 et
538 2671 569 2729 ln
600 2669 663 2729 leve
693 2669 844 2748 fastigium
875 2675 1012 2750 exacuta,
1046 2677 1081 2728 ut
1112 2667 1176 2746 lyra

171 2757 328 2841 decerent,
364 2760 584 2840 strepsiceroii,
619 2777 709 2838 quem
743 2759 900 2819 addacem·
917 2758 1018 2818 Airica
1052 2756 1175 2838 appellnt.

122 2853 171 2902 125
182 2846 301 2908 mobilia
320 2847 431 2930 eadem,
450 2855 483 2908 ut
502 2865 599 2929 aures,
617 2847 762 2929 Phrygiae
781 2849 931 2929 armentis,
950 2847 1175 2927 Trogodytarum

243 3054 458 3124 lstymphalidi
472 3057 530 3110 cod.
545 3055 612 3110 Dal.
640 3057 686 3111 -de
701 3059 729 3112 ll.
803 3057 880 3111 acui
892 3055 1009 3111 BHord.
1039 3059 1124 3110 autc.

173 3126 252 3182 icui
269 3129 343 3180 lldo.
378 3127 423 3180 eui
441 3145 464 3182 r.
543 3131 577 3182 10
596 3127 817 3198 gruibalearicae
830 3127 944 3199 '1²(ale
963 3129 996 3182 iu
1013 3129 1082 3198 ros.)
1100 3126 1171 3181 Buri.

106 3257 114 3274 ,
171 3198 285 3268 gruibus
305 3197 386 3267 (-uui-
404 3200 436 3270 Il)
456 3198 549 3254 ericae
567 3217 589 3254 r.
674 3205 705 3253 11
725 3201 852 3262 aemili
878 3215 931 3255 nec
949 3215 1065 3256 comem
1083 3215 1106 3255 r.
1129 3195 1171 3266 lid

171 3285 269 3324 esseo.
295 3269 412 3339 ita(ribe
426 3269 473 3338 Bu,
493 3285 554 3325 esse
572 3288 598 3326 r.
670 3277 702 3326 Η
721 3289 774 3327 nec
793 3271 896 3327 callum
913 3289 938 3326 o.
967 3289 1004 3326 ne
1025 3271 1171 3327 cenoman

170 3356 222 3394 nec
242 3339 349 3409 gallum
367 3345 391 3394 d.
418 3341 563 3411 megalium
581 3359 604 3396 r.
622 3344 625 3412 l
646 3343 789 3413 peculiare
806 3349 862 3398 llo,
894 3361 968 3397 -rum
984 3349 1018 3398 B.
1048 3360 1117 3398 ·rem
1134 3359 1151 3394 r.

171 3409 268 3463 datum
286 3415 320 3464 ll.
348 3427 398 3465 om.
417 3428 460 3465 ro.
485 3412 662 3469 Ioooecooi.
687 3431 776 3470 -arem
790 3415 891 3470 dotem.
960 3421 994 3470 17
1012 3431 1050 3470 nc
1066 3421 1117 3468 lta

172 3480 378 3535 18alibilldo.
407 3481 465 3536 albi
483 3499 506 3536 r.
534 3499 586 3538 nec
601 3485 659 3539 albi
672 3487 763 3541 maior
776 3487 827 3542 del.
840 3485 885 3541 12².
959 3492 992 3540 19
1011 3486 1170 3542 rameru*

171 3550 293 3604 eonas.
322 3552 386 3604 ·mis
404 3569 427 3604 r.
510 3559 551 3608 19.
563 3559 597 3608 20
616 3553 692 3611 ei'in
710 3563 790 3612 ulta.
876 3563 909 3612 21
928 3557 1003 3611 fudit
1020 3557 1089 3610 ΙΨ
1105 3555 1131 3625 ((1
1147 3555 1169 3606 ir

170 3621 245 3738 rr
272 3619 345 3744 rsa
360 3622 545 3748 samso
670 3629 1014 3756 saturamur·

229 3728 234 3738 ·
542 3739 547 3750 .
596 3738 601 3750 .
655 3720 656 3724 ¹
765 3719 812 3757 mo
832 3719 866 3758 ac
883 3719 911 3756 m
971 3743 977 3754 .
