2392 3946
325 175 409 230 nau.
428 175 520 230 Risu.
541 175 607 230 xlv
624 181 640 230 a
660 179 697 246 (4)
954 177 1019 244 353

25 327 106 384 vimus
123 326 228 406 evenit,
251 324 331 385 domi
350 322 499 386 nobilibus
519 341 574 386 nec
594 315 789 406 agnoscendis
808 327 885 388 alibi.
917 327 1020 390 ledun-

25 415 187 475 laetamen
212 412 354 476 bonitatis
381 416 446 475 vice
474 415 589 495 copiam
616 423 781 498 praestant,
809 419 935 498 eugema
961 417 1020 478 ler-

24 502 144 564 ventibus
162 502 244 585 locis,
263 502 383 565 Raetica
401 503 583 587 temperatis,
601 504 786 586 Allobrogica
805 505 929 589 frigidis,
952 506 1021 586 gelu

24 600 210 654 maturescens
234 601 264 654 et
288 593 386 654 colore
411 595 503 673 nigra
540 611 577 655 ex
595 594 642 656 his
666 614 739 675 quas
763 595 859 657 adhuc
882 596 1074 678 diximusne

11 683 66 742 used
82 684 169 744 etiam
187 699 203 743 e
222 685 324 765 nigris,
347 684 415 744 vina
432 690 579 745 vetustate
598 687 630 744 ln
648 684 749 746 album
772 685 903 746 colorem
925 693 1020 746 trans·

24 780 90 832 eunt.
132 771 265 854 reliquae
288 770 447 855 ignobiles,
474 772 631 852 aliquando
659 781 759 835 tamen
787 774 860 835 caeli
888 781 939 835 ant
966 767 1022 835 soli

24 879 98 940 opera
120 865 189 922 uino
212 860 318 923 fallunt
340 869 531 944 vetustatem,
554 865 643 924 sicuti
665 863 809 926 Faecenia
836 872 867 925 et
894 882 963 925 cum
987 883 1021 924 ea

23 949 116 1010 llorens
138 949 317 1032 Biturigiaca
340 954 426 1014 acino
448 954 557 1034 rarior,
590 971 752 1032 numquam
778 953 860 1014 floris
893 953 1022 1034 obnoxii,

24 1041 145 1118 quoniam
169 1041 350 1102 antecedunt
373 1043 529 1121 ventisque
552 1049 584 1102 et
605 1041 751 1103 imbribus
774 1045 932 1126 resistunt,
960 1061 1021 1103 me·

11 1127 97 1189 diores
119 1137 219 1192 tamen
242 1129 408 1210 algentibus
435 1129 509 1192 locis
537 1146 626 1211 quam
654 1131 769 1214 calidis,
796 1131 905 1192 umidis
933 1149 1022 1212 quam

23 1218 185 1281 sitientibus.
222 1218 327 1280 visulla
345 1220 450 1300 grandi
468 1221 561 1300 magis
580 1237 669 1300 qvvam
692 1221 784 1282 denso
808 1237 932 1282 uvarum
955 1237 1021 1301 par·
1040 1229 1075 1278 28

23 1315 58 1387 tu,
84 1311 231 1389 inpatiens
258 1311 398 1370 variantis
429 1309 516 1392 caeli,
549 1309 602 1370 sed
632 1318 736 1372 contra
765 1318 901 1372 tenorem
928 1325 1023 1372 tvnum

23 1395 113 1475 algoris
136 1405 274 1470 aestusve
298 1407 447 1461 constans
494 1415 569 1478 quac
593 1401 691 1460 minor
719 1407 765 1461 est
789 1419 825 1460 ex
853 1418 888 1460 eo
912 1415 1021 1480 genere

22 1485 119 1549 melior.
165 1490 198 1548 in
222 1488 359 1568 eligendo
383 1487 446 1550 solo
469 1505 597 1570 morosa,
619 1491 724 1569 pingui
741 1491 897 1571 putrescit,
920 1488 1023 1568 gracili

11 1577 124 1638 tommnc
143 1593 206 1638 non
224 1580 370 1658 provenit.
410 1577 538 1638 mediam
560 1581 736 1659 temperiem
755 1578 878 1640 delicate
898 1580 1024 1658 quaerit,

22 1664 50 1724 cb
66 1665 118 1728 hoc
138 1665 258 1728 Sabinis
277 1666 402 1730 collibus
420 1666 581 1729 faminis.
617 1685 675 1730 uva
697 1670 763 1730 cius
785 1667 926 1728 indecora
949 1669 1024 1749 visu,

22 1771 110 1833 sapore
133 1756 274 1818 iucunda.
320 1759 378 1818 nisi
401 1764 517 1818 matura
539 1759 677 1837 protinus
698 1759 827 1838 rapitur,
851 1759 940 1818 etiam
963 1775 1023 1817 non

21 1852 183 1921 putrescens
212 1845 298 1908 cadit.
344 1853 448 1906 contra
475 1847 635 1926 grandines
661 1862 728 1910 eam
754 1851 857 1908 tuetur
884 1845 1023 1907 soliorum

22 1934 168 2012 amplitudo
192 1933 281 2014 atque
305 1935 422 1996 duritia.
852 1943 855 1948 '

11 2053 12 2066 κ
75 2021 137 2105 <4>
173 2023 309 2104 insignes
337 2026 397 2086 iam
425 2024 526 2086 colore
556 2027 636 2086 inter
662 2038 830 2105 purpureas
862 2027 1022 2110 nigrasque
1042 2031 1076 2080 aa

20 2109 135 2176 helvolae
160 2116 281 2194 saepius
304 2115 451 2175 variantes
479 2122 510 2175 et
533 2113 571 2175 ob
591 2114 625 2176 ¹id
647 2115 783 2177 varianae
808 2131 824 2174 a
847 2113 1025 2194 quibusdam

20 2199 179 2281 appellatae.
242 2203 412 2284 praefertur
443 2195 542 2265 iniis
576 2205 706 2288 nigrior,
740 2209 867 2284 utraque
903 2202 1024 2266 alternis

21 2294 91 2353 annis
113 2291 232 2378 fertilis,
256 2292 308 2354 sed
331 2293 437 2354 melior
459 2295 541 2376 vino,
564 2308 633 2355 cum
660 2287 786 2374 parcior.
817 2301 869 2378 ‘ct
889 2295 1025 2374 praeciae

21 2377 68 2441 duo
89 2399 201 2464 genera
224 2381 427 2462 magnitudine
451 2385 529 2444 acini
552 2383 777 2465 discernuntur,
801 2381 910 2464 quibus
934 2391 1024 2444 mate·

20 2472 68 2531 ries
89 2471 220 2552 plurima
247 2482 363 2552 uvaque
392 2472 459 2532 ollis
488 2472 658 2553 utilissima,
690 2471 794 2532 lolium
824 2474 890 2550 apio
921 2471 1025 2532 simile.

20 2556 145 2623 baliscam
166 2561 343 2642 Dyrrachini
362 2553 522 2644 celebrant,
541 2560 699 2642 Hispaniae
718 2555 892 2620 coccolobin
911 2566 1024 2620 vocant.
1044 2567 1080 2616 ao

20 2653 104 2710 rarior
121 2666 194 2733 uva,
216 2657 317 2712 aestus
336 2657 513 2730 austrosque
533 2650 653 2732 tolerat,
677 2651 767 2730 capiti
784 2650 917 2730 inimica,
941 2651 1026 2728 copia

20 2735 96 2818 larga.
141 2739 302 2820 Hispaniae
326 2739 385 2802 duo
409 2759 519 2820 genera
542 2742 607 2801 cius
631 2740 758 2820 faciunt,
781 2755 876 2800 unum
899 2735 1026 2818 oblongo

20 2830 102 2910 acino,
125 2829 256 2892 alterum
278 2829 417 2891 rotundo.
449 2831 624 2892 novissimas
647 2827 836 2889 vindemiant.
879 2842 938 2906 quo
962 2825 1025 2887 dul-

21 3003 224 3019 Ἦ

82 3114 97 3163 t
117 3125 134 3164 e
152 3110 293 3164 nemeaea
310 3114 346 3164 Ι.
432 3115 448 3164 ‘l
467 3107 533 3163 vino
553 3108 646 3163 Iouna
663 3109 722 3170 coll,
737 3107 758 3180 ἕ
771 3112 816 3166 33.
831 3111 869 3180 35
886 3111 912 3162 et
926 3105 1029 3162 (idum.

20 3179 98 3247 iile,
107 3185 154 3236 19.
180 3197 238 3236 non
251 3185 326 3236 Uro.
399 3183 416 3235 8
434 3179 573 3235 bituriaca
591 3179 648 3234 10².
676 3180 747 3254 pica
764 3196 790 3236 o.
862 3185 878 3234 9
897 3177 1031 3250 quoniam

19 3265 69 3305 non
85 3249 231 3307 fauonmm
250 3250 343 3308 Ianos
360 3251 420 3308 coll.
434 3254 538 3308 [1122
556 3255 582 3306 et
599 3253 710 3308 XVza.
725 3255 770 3308 13.
850 3256 883 3305 11
903 3250 952 3304 uix
969 3249 1031 3304 nlla

21 3323 97 3378 redd.
108 3321 271 3380 cvdeHord.
289 3327 293 3394 Ι
309 3323 410 3395 grandi
422 3327 458 3378 Ι.
476 3338 528 3378 om.
541 3339 586 3378 ro.
602 3321 607 3394 l
622 3324 686 3378 bam-
696 3323 782 3388 denso
797 3323 857 3378 edel.
867 3319 1030 3377 mnteHorcl.

85 3401 117 3451 1‘1
137 3413 241 3466 pronus
255 3398 290 3450 1.
363 3401 400 3450 ab
415 3394 566 3466 nigrasque
584 3400 620 3448 ll.
648 3409 747 3464 esque
765 3393 859 3451 medio
877 3405 930 3449 ro:
996 3394 1029 3446 21

19 3465 154 3522 uariantes
172 3467 247 3522 11³².
275 3468 311 3522 -ti
328 3483 372 3522 νυ.
463 3473 497 3522 23
521 3466 651 3537 praeciae
668 3472 703 3523 li.
733 3482 814 3523 -cuae
832 3465 875 3521 lt'.
905 3479 969 3520 cua
987 3465 1030 3518 1⁸¹.

20 3539 144 3604 graeciae
161 3544 280 3595 deeorr.
307 3539 419 3610 preciae
437 3555 482 3594 ru.
528 3545 530 3552 “
592 3542 625 3592 ab
647 3538 740 3610 prima
758 3543 793 3593 Ι.
824 3539 829 3606 Ι
863 3535 997 3593 collisit.
1025 3536 1030 3608 l
1057 3573 1060 3580 .

20 3607 113 3666 similis
132 3611 405 3668 nuceumautecet.
421 3609 520 3680 (folio).
612 3615 646 3664 26
670 3609 779 3666 balisca
796 3615 831 3664 rt.
865 3607 961 3664 -cham
978 3611 1032 3662 na.

19 3678 162 3737 basilicam
174 3683 262 3740 Raab.
283 3685 287 3752 Ι
308 3682 472 3738 coccolobin
486 3681 530 3736 θ’.
554 3680 676 3736 dobotin
688 3687 724 3736 Ι.
748 3680 898 3739 cocolobin
910 3697 955 3736 ru.
1012 3713 1016 3719 ·

69 3781 138 3822 Pers.
152 3793 208 3826 nau.
223 3793 285 3825 arar.
312 3783 346 3828 II.
837 3777 872 3825 23
