2392 3946
193 125 198 130 ’
276 159 472 216 unusmsu.
491 161 668 217 uvae-24
688 164 815 233 (sa-ar)
999 162 1064 226 411

119 303 177 371 23.
200 303 273 394 (25)
297 310 397 372 Nrroes
415 328 555 372 vocamus
574 319 604 372 et
628 319 789 393 castaneas,
812 327 991 391 quamquam
1015 311 1064 372 ad·
1085 319 1119 368 92

56 398 293 460 commodatiores
312 400 463 480 glandium
477 402 593 480 generi.
626 405 772 462 armatum
790 400 837 461 la'a
856 399 993 462 echinato
1016 412 1064 461 oa·

55 485 113 565 lpoo
132 487 245 570 vallona,
264 489 344 568 prod
360 489 534 552 melroaaom
548 488 718 570 gauduus,
736 492 905 569 miramon
924 487 1065 550 suasim

53 592 115 636 essa
131 595 207 656 quae
225 585 307 640 tanta
325 578 518 641 onordtaaarit
536 595 609 640 outa
621 587 759 640 maturae.
796 580 868 639 trini
887 576 1064 658 quibusdam

30 671 150 743 spartus
167 685 204 727 ex
221 685 282 728 uno
303 667 411 749 talpoe,
431 675 597 748 aeriasque
620 667 728 749 lentus,
749 669 885 748 proxima
903 685 974 728 vero
998 683 1063 728 eor-

52 755 114 832 pori
135 755 304 817 membrana
327 767 357 818 et
380 759 411 818 in
434 757 480 818 his
505 765 535 818 et
559 759 592 818 in
619 755 748 818 nuoibua
776 774 926 838 soporem,
954 757 984 816 ni
1012 754 1063 816 de·
1172 826 1175 830 .

51 841 188 926 trahatur,
211 845 340 907 infestat.
376 854 493 907 torrere
512 845 565 906 has
588 847 620 906 in
643 845 718 906 cibis
736 847 860 925 gratius.
897 844 1063 906 moluntur-

52 949 104 1008 que
126 935 331 1014 et'praostant
354 927 385 996 io
408 937 520 996 ieiunio
538 935 717 996 feminarum
735 934 883 1014 quandam
904 934 1063 1013 imaginem

50 1022 137 1098 panis.
175 1021 319 1085 Sardibus
336 1023 392 1086 hae
410 1041 577 1104 provenere
594 1025 735 1104 primum,
752 1023 821 1084 ideo
838 1022 918 1102 apud
933 1021 1062 1083 Graecos
1082 1029 1116 1078 93

19 1123 41 1163 ro
53 1108 205 1173 Sardianos
234 1111 357 1174 balanos
389 1112 553 1194 appellant,
584 1129 653 1173 nam
686 1111 756 1174 liios
787 1111 927 1172 balanum
958 1119 1062 1190 postea

47 1199 202 1278 inposuere
226 1202 486 1263 excellentioribus
509 1209 576 1263 satu
606 1201 701 1262 iactis.
743 1219 824 1262 nuno
847 1200 933 1280 plura
957 1217 1061 1260 aarum

48 1305 160 1364 genera.
216 1290 394 1352 Tarentinae
426 1290 545 1372 iaoiles,
577 1309 633 1351 neo
665 1307 809 1370 operosae
842 1289 925 1370 cibo,
957 1288 1061 1368 planae

48 1375 144 1455 figora.
171 1379 330 1442 rotundior
349 1397 426 1460 quae¹
443 1379 580 1441 balanitis
598 1387 730 1460 vocatur,
751 1377 915 1459 purgabilis
934 1379 1060 1438 manime

48 1473 75 1525 et
95 1476 202 1547 sponte
225 1468 384 1549 prosiliens
405 1487 489 1550 pura.
534 1468 621 1548 plana
641 1477 690 1529 est
714 1474 744 1528 et
766 1467 925 1548 Salariana,
948 1465 1059 1526 Taren·
1080 1473 1117 1522 94

16 1555 104 1615 urim
126 1558 227 1619 minua
249 1556 429 1640 tractabilis,
456 1557 602 1618 laudatior
625 1556 790 1618 Corelliana
812 1564 844 1617 et
866 1574 903 1616 eu
926 1573 961 1616 ea
984 1541 1107 1634 laotassg

47 1661 101 1722 quo
114 1645 254 1708 dioemus
271 1648 304 1708 in
322 1648 420 1708 insitis
438 1646 526 1707 modo
545 1645 699 1727 Tereiana,
718 1663 807 1724 quam
825 1643 937 1706 rubeus
957 1650 1060 1704 uertex

45 1735 171 1810 praefert
194 1735 360 1816 'triangulis
391 1743 420 1797 et
451 1733 646 1816 popularibus
677 1737 788 1816 nigris,
820 1752 895 1814 quae
928 1734 1059 1794 oootivae

45 1832 192 1886 vocantur.
237 1827 333 1905 patria
359 1823 569 1886 laudatissimis
596 1823 760 1885 Tarentum
788 1830 818 1884 et
846 1825 877 1883 in
902 1820 1060 1901 Campania

46 1908 187 1992 Neapolis.
226 1921 343 1975 ceterae
362 1931 451 1976 suum
468 1911 576 1993 pabulo
600 1915 772 1992 gignuntur,
795 1910 971 1991 scrupulosa
994 1928 1059 1970 oor-

13 2000 108 2068 ntiois
131 2004 211 2064 intra
234 2002 357 2064 nuoleos
381 2019 499 2082 quoque
523 2003 732 2081 ruminatione.

106 2085 166 2154 24.
190 2085 267 2176 (26)
291 2091 374 2152 Harrd
394 2091 500 2171 procul
523 2087 626 2150 abesse
649 2089 806 2150 rideantur
829 2093 859 2148 et
881 2086 1058 2168 praedulces
1078 2094 1113 2142 95

43 2177 256 2262 siliquae,·nisi
274 2181 355 2260 quod
373 2183 405 2241 in
423 2180 469 2241 his
492 2181 556 2260 ipae
580 2178 731 2240 manditur
753 2184 865 2238 oortex.
896 2176 1060 2256 digitorum

42 2271 135 2330 omnis
153 2269 309 2350 longitudo
327 2269 395 2350 illis,
412 2261 449 2330 'et
463 2269 587 2330 iuterim
605 2266 719 2349 folonia,
741 2265 876 2347 pollicari
890 2263 1060 2327 latitudine.

42 2355 160 2435 glandes
184 2361 264 2420 inter
281 2376 369 2439 poma
392 2359 549 2418 numerari·
566 2371 627 2417 non
649 2363 789 2437 possunt,
810 2354 1006 2436 qumobrem
1029 2356 1060 2414 in

8 2459 30 2501 a
43 2462 96 2507 sua
119 2457 227 2510 natura
250 2448 397 2510 dicentur.
634 2480 637 2485 ·
1048 2455 1081 2507 1⁶.
1089 2455 1115 2496 1⁵

105 2530 182 2620 (27)
209 2535 335 2618 Reliqua
358 2537 476 2597 carnosi
498 2542 569 2596 aunt
590 2535 725 2615 generis,
749 2550 842 2612 eaque
865 2531 948 2593 baois
971 2539 1059 2610 atque
1079 2539 1114 2588 eo

109 2726 289 2782 aolaudium
306 2733 357 2782 ne.
434 2721 632 2781 emembrana
650 2725 679 2779 et
697 2727 765 2778 ado.
794 2737 841 2776 -ua
859 2727 909 2773 lte.
983 2719 1060 2773 ‘lin-

40 2793 125 2852 festat
143 2802 189 2852 do.
222 2799 285 2852 -ant
301 2815 325 2852 r.
416 2793 818 2864 '1‚8moluniurqueetSa'll.
850 2793 908 2845 -tur
925 2803 998 2857 quaa
1016 2787 1060 2842 ἰδ’.

42 2868 97 2921 tur
115 2868 205 2923 eiiam
223 2871 254 2923 et
270 2869 328 2924 eod.
339 2868 397 2922 Get.
408 2868 508 2922 Ianua.
543 2866 718 2926 modolaium
736 2866 767 2919 alt
784 2872 813 2918 a:
845 2864 918 2916 -tunl
935 2859 1060 2914 ret1l¹a

40 2938 285 2994 modulantum're
303 2943 353 2992 ἅτ.
381 2939 454 2992 -tum
467 2937 573 2992 laturos
586 2938 719 2992 addente
727 2935 796 2991 Bao.
822 2931 957 2989 molitura
974 2929 1062 3012 eiiam

39 3009 254 3066 Barb.ed.Baa.
326 3014 342 3063 8
360 3010 507 3079 praestant
517 3007 549 3062 in
563 3007 625 3062 Sili.
649 3006 722 3062 anti
735 3007 764 3060 ll.
773 3003 983 3062 camollae.
1007 3017 1062 3055 -an

38 3079 128 3136 Baro.
148 3083 209 3137 -ani
222 3081 338 3138 ed.Baa.
409 3085 441 3134 10
455 3079 523 3134 Dios
540 3077 628 3133 Tarra.
642 3080 705 3134 ado.
719 3079 821 3145 2757.
839 3071 960 3143 eodaldi)
968 3071 1060 3127 Hord.

39 3151 123 3208 diuus
138 3153 167 3210 ll.
194 3153 276 3208 divus
290 3150 418 3207 Tiberius
437 3151 548 3222 (postea
564 3149 699 3204 balanum
715 3163 820 3203 nomen
835 3143 982 3216 imposuit)
1000 3143 1060 3198 edd.

39 3224 208 3280 ortteHord.
240 3225 309 3279 Arde
328 3222 460 3294 (petowe
476 3222 578 3292 postea
600 3236 703 3276 nomen
720 3217 889 3290 impomere)
913 3213 1060 3271 eortiDal.

113 3300 146 3350 11
167 3297 230 3350 satu
247 3313 271 3351 o.
301 3296 377 3350 atain
394 3294 423 3349 ll.
523 3297 558 3346 14
576 3291 796 3348 diot.Salra.ea.
812 3283 1061 3356 minoratio

38 3364 114 3420 Doti.
131 3369 136 3436 l
155 3383 226 3438 pura
243 3367 328 3422 aeod.
341 3366 531 3420 llramaueo.-
554 3363 637 3434 plura
654 3381 678 3418 r.
699 3365 703 3433 l
723 3363 767 3417 eat
785 3363 814 3417 et
832 3359 917 3416 Salm.
932 3358 950 3412 l.
961 3357 982 3412 l.
997 3355 1060 3413 Sili.

38 3439 84 3490 ert
102 3437 131 3491 ei
147 3444 219 3492 noo.
240 3454 307 3493 esse
326 3441 351 3491 d.
379 3434 475 3492 estex
493 3435 533 3490 eis
552 3437 582 3489 et
599 3451 623 3490 o.
697 3440 730 3489 16
749 3449 805 3503 quo
823 3427 958 3486 (taddei.
985 3428 1062 3496 quod

37 3509 127 3563 redd.
136 3515 200 3565 onte
208 3508 267 3566 θεῖ.
286 3509 347 3580 (del.
366 3507 469 3576 modo).
493 3507 497 3572 Ι
519 3505 549 3559 iu
568 3510 614 3562 io.
638 3521 689 3560 om.
703 3521 727 3558 r.
750 3505 756 3572 Ι
780 3502 918 3558 Tereiana
936 3499 1008 3554 Detl.
1023 3496 1062 3552 ad

42 3581 71 3630 Χ
76 3581 138 3632 VII
141 3585 208 3638 122.
227 3582 342 3636 etarana
355 3578 384 3634 ll.
402 3577 654 3632 EteraianaHord.
675 3577 822 3630 materaria
835 3569 1062 3629 eddootfflord.

115 3655 201 3706 2223
224 3651 314 3706 omnis
333 3649 487 3720 digitorum
505 3653 529 3702 d.
558 3647 618 3718 dig-
637 3645 759 3701 hominis
777 3645 911 3701 addente
920 3641 1012 3696 Hard.
