2390 3938
581 129 788 185 PRAEFATIO

174 301 191 342 o
215 277 325 358 quibus
348 267 465 340 snmus
494 298 549 340 sua
576 280 744 358 deumpsis
770 282 821 342 ver
850 281 902 358 qm·
929 281 1027 340 assem
1047 280 1153 341 fossus
1179 250 1185 329 l

174 372 223 431 usi
242 372 313 431 sunt
335 372 385 432 vel
408 371 460 447 qui
482 371 547 430 eius
570 371 664 430 libros
686 373 794 446 postes
817 371 1028 447 expilaverunt,
1044 388 1154 446 persam
1177 358 1187 424 l

174 462 273 536 sasai,
297 481 332 521 00
354 460 456 538 magn.
475 460 612 519 nusum
634 459 667 519 in
688 460 724 519 us
743 461 938 538 potissimum
954 459 1042 533 num,
1059 460 1088 518 u
1106 462 1156 536 qut
1177 428 1184 529 l

175 551 232 610 bus
252 551 529 627 antiquissimorum
547 549 682 609 codicum
701 550 836 610 subsidia
852 550 942 610 nobis
960 549 1090 625 deessent,
1109 567 1156 609 cue
1177 544 1187 625 {l

175 640 322 700 dicionem
344 640 389 698 rei
411 639 533 699 criticae
556 655 624 698 eam
646 656 725 712 esse,
752 641 788 698 ut
811 639 980 698 latissimus
1006 639 1158 698 commune
1186 645 1187 684 l

175 747 297 806 campus
315 731 444 805 pateret.
480 730 572 806 atque
590 728 669 787 hunc
688 729 808 804 quidem
830 747 970 806 campum
992 729 1065 788 intcr
1083 747 1159 787 recen·
1186 735 1187 772 l

174 819 268 878 tiores
296 818 504 878 Urlichsius
531 817 647 894 primus
675 817 707 877 et
736 818 812 876 dixit
838 819 935 878 libere
966 817 1161 896 ingrediendm
1186 826 1187 862 l

175 924 240 966 esse
255 909 286 966 et
299 907 364 983 ipse
377 905 508 967 feliciter
522 907 684 967 admodum
701 907 858 984 ingressus
877 909 937 984 est3
954 901 1061 968 'Ianus
1078 909 1160 976 autu
1186 915 1187 952 l

174 1013 357 1072 quamquam
378 996 460 1055 illius
483 997 665 1072 procedendi
687 997 837 1058 rationem
858 1017 921 1057 non
943 1014 1066 1073 prorsus
1089 997 1161 1072 inpre
1186 1005 1187 1080 l

173 1084 266 1158 bavit,
290 1086 393 1144 tamen
410 1103 471 1146 non
489 1086 595 1145 eedem
616 1087 721 1146 iudicii
739 1086 882 1146 libertate
906 1105 974 1146 eam
997 1088 1106 1146 secutus
1125 1089 1161 1158 est
1186 1095 1187 1112 ¹

172 1175 227 1234 sed
244 1175 381 1234 codicum
398 1175 537 1252 vestigiis
555 1176 669 1235 instare
688 1175 784 1234 tutius
803 1177 937 1252 putavit3
957 1175 1162 1235 Detlelsenrs

173 1263 316 1342 denique,
346 1264 398 1341 qui
425 1264 461 1324 de
489 1263 698 1341 amplificando
726 1267 876 1342 apparatu
904 1265 1010 1324 critico
1040 1264 1187 1341 praeclare,

172 1354 300 1412 meritus
323 1356 370 1414 est
393 1355 425 1413 et
446 1354 478 1412 in
500 1353 557 1413 hac
578 1357 666 1430 parte
689 1355 789 1431 operis
812 1355 909 1432 critici
931 1355 1116 1431 praeeipuam
1137 1353 1164 1410 iu·

173 1441 323 1502 dustriam
345 1443 516 1520 collocavit,
544 1444 635 1520 paulo
658 1443 785 1504 liberius
809 1445 949 1522 pluribus
973 1444 1049 1504 locis
1070 1445 1099 1502 et
1116 1459 1164 1500 siris

172 1533 205 1590 et
228 1532 356 1592 aliorum
379 1533 565 1592 coniecturas
588 1533 725 1608 admisit,
750 1534 803 1594 sed
826 1534 906 1593 idem
928 1534 1094 1609 permultos
1113 1532 1165 1590 alies

172 1621 265 1680 tacite
287 1621 417 1681 intactos
440 1622 575 1700 reliquit,
605 1641 679 1699 quos
707 1624 781 1700 quin
806 1623 890 1684 vitiis
918 1623 1100 1700 depravatus
1121 1613 1187 1688 esset

172 1711 324 1771 censuerit
346 1711 420 1770 mihi
442 1712 650 1772 nondubium
672 1715 727 1772 est.
766 1731 856 1788 quam
880 1713 1062 1771 emendandi
1083 1699 1187 1785 candel

171 1815 242 1858 nem
260 1802 353 1878 atque
371 1801 465 1860 etiam
482 1801 679 1862 timiditatem
692 1803 774 1860 haud
792 1801 853 1861 scio
872 1819 913 1860 au
931 1803 1016 1862 recte
1035 1799 1167 1860 credideris

80 1939 82 1942 .
172 1889 242 1948 inde
261 1893 360 1950 ortam
383 1908 457 1966 esse,
480 1890 568 1968 quod,
592 1910 660 1950 cum
684 1891 891 1952 adsumimus
914 1892 1084 1950 multorum
1100 1889 1165 1949 honi·

172 1997 245 2036 num
268 1979 456 2039 eruditorum
478 1998 539 2039 non
561 1981 649 2041 modo
672 1981 880 2055 admiratione,
903 2000 1012 2042 versam
1036 1980 1123 2040 etiam
1139 1995 1166 2035 ss-

173 2067 267 2126 siduis
287 2069 395 2127 studiis
414 2070 585 2129 celebratus
609 2070 657 2145 sit,
680 2089 759 2130 nunc
782 2071 847 2130 eius
872 2071 1046 2130 emendatio
1068 2087 1165 2146 perpu-

172 2174 276 2214 corum
305 2157 482 2234 diligentiae
511 2159 686 2238 peragenda
714 2159 911 2237 relinquitur,
941 2161 1012 2237 qui,
1043 2178 1117 2236 quae
1140 2167 1167 2215 est

172 2245 261 2304 hodie
276 2245 439 2306 difficultas
454 2247 547 2308 libros
561 2249 735 2325 publicandi
749 2249 891 2308 abstrusa
902 2249 1046 2310 doctrina
1058 2249 1167 2311 refertus

170 2353 210 2392 ne
237 2334 296 2410 ipsi
323 2335 444 2413 quidem
466 2337 567 2396 omnia
594 2357 670 2414 quae
699 2339 921 2399 scrutandos
947 2338 1120 2416 coniciendo
1143 2337 1167 2392 ir·

171 2427 319 2483 venerunt
341 2426 373 2484 in
394 2427 527 2486 medium
544 2427 680 2503 proferre
700 2429 806 2507 solent.
844 2429 927 2488 certe
950 2429 977 2487 si
999 2429 1102 2504 plures
1123 2443 1168 2484 cer-

172 2513 294 2572 sociatis
307 2515 424 2574 viribus
438 2516 536 2576 Plinio
556 2516 741 2576 emendando
760 2535 884 2593 operam
900 2519 1055 2579 navarent
1070 2520 1102 2575 et
1117 2517 1167 2573 hau

172 2602 273 2662 studia
291 2605 388 2682 magis
408 2605 644 2681 exardescerent,
667 2606 734 2682 ipse
757 2607 980 2667 concertatione
1003 2607 1170 2684 ingeniorum

171 2691 266 2769 fieret,
285 2693 317 2752 id
330 2693 410 2770 quod
428 2695 460 2754 in
476 2695 547 2754 aliis
566 2695 764 2771 scriptoribus
782 2697 880 2772 magis
899 2697 1063 2756 celebratis
1080 2695 1168 2753 facum

170 2800 237 2842 esse
256 2783 400 2861 videmus,
419 2785 455 2844 ut
473 2784 604 2844 editores
622 2785 760 2862 deposita
778 2785 832 2844 illa
850 2785 1042 2863 verecundie,
1065 2803 1121 2861 qua
1137 2784 1168 2840 ub·

172 2871 264 2930 surda
286 2873 361 2932 vitia
384 2874 537 2950 corrigere
559 2892 638 2933 nunc
666 2874 878 2950 prohibentur,
906 2875 968 2933 iam
996 2873 1168 2934 confidentius

170 2961 270 3018 artem
292 2961 428 3020 criticam
450 2981 589 3023 exercere
612 2963 770 3023 auderent.
805 2964 908 3040 itaque
931 2981 995 3023 non
1012 2964 1109 3024 solum
1125 2979 1168 3020 sas·

171 3048 240 3124 pius
267 3067 358 3125 quem
386 3052 502 3127 priores
533 3051 664 3112 editores
695 3053 825 3113 aliorum
850 3052 1007 3112 hominum
1037 3053 1170 3112 doctorum

35 3187 45 3210 ,
171 3138 394 3199 emendationes
418 3141 623 3218 comprobavi,
652 3142 820 3202 sedetiam
842 3141 906 3218 ipse
930 3142 1108 3202 coniecturis
1127 3157 1170 3198 nou

170 3228 300 3304 peperci,
324 3246 452 3304 quarum
473 3230 542 3306 plus
566 3249 657 3308 quam
679 3233 813 3309 centurn,
837 3231 908 3308 quia
930 3233 1055 3307 praeter
1076 3231 1169 3290 cetera

172 3314 302 3392 quadam
331 3317 396 3376 veri
426 3318 523 3396 specie
554 3320 757 3380 commendari
785 3320 981 3398 videbantur,
1014 3321 1047 3380 in
1075 3321 1169 3379 textui

170 3405 284 3480 recepi,
311 3405 407 3466 multo
430 3407 533 3482 plures
557 3411 659 3468 autem
680 3411 713 3468 in
735 3410 950 3470 commentario
974 3411 1078 3470 critico
1104 3407 1169 3467 dubi-

171 3494 273 3552 tanter
292 3493 442 3571 adnotavi,
464 3515 527 3556 non
545 3515 603 3573 quo
626 3517 734 3557 verum
756 3500 929 3558 assecutum
952 3519 1001 3560 ms
1024 3517 1087 3559 esse
1108 3495 1169 3555 arbi-

170 3581 284 3658 trarer,
316 3582 369 3640 sed
399 3585 469 3661 quia
500 3605 534 3646 eo
561 3587 649 3647 modo
679 3589 710 3646 ot
737 3587 805 3647 vitii
832 3590 976 3648 naturam
1007 3591 1038 3648 et
1066 3583 1169 3647 mandi
