2308 3936
149 173 206 234 lot
514 183 544 232 o.
565 183 666 231 annun·
681 181 831 234 secentur

145 341 212 402 mali
224 357 357 414 occasus,
373 357 447 420 quac
460 340 596 402 accidere
609 339 688 406 nullo
701 340 787 401 modo
800 350 932 420 possent,
944 341 998 402 nisi
1008 342 1034 400 in
1045 352 1125 403 centn

147 427 200 488 sita
217 434 306 486 esset.

108 519 156 578 177
217 511 267 572 70.
287 509 372 590 (to.)
394 509 469 570 Tres
485 518 580 571 autem
600 509 703 570 circuli
725 527 813 588 supra
837 509 921 572 dictis
937 513 1017 572 nonis
1039 511 1126 590 inplexi

146 595 369 676 inaequalitates
383 603 546 673 temporum
561 595 731 673 distingunt,
757 594 917 656 solstitialis
933 614 950 658 a
965 605 1044 676 parte
1059 596 1126 672 signi·

145 681 202 742 ieri
228 678 430 740 excelsissima
454 677 540 739 nobis
564 679 599 740 ad
620 679 878 758 septentrionalem
901 680 1016 759 plagam
1035 697 1141 754 venus,

147 773 306 844 contraque
323 763 360 824 ad
376 763 461 824 alium
472 763 571 843 pclnnr
584 763 733 841 brumalis,
750 764 819 824 item
832 763 931 826 medio
943 765 1047 828 ambita
1061 765 1128 842 signi·

145 849 201 911 ieri
217 849 297 910 orbis
314 847 455 908 inccdens
472 847 702 928 aequinoctialis.

209 933 293 1013 (71.)
316 931 505 1012 Reliquorum
529 951 603 1013 quae
628 933 763 994 miramur
783 949 870 994 cansa
891 933 921 994 iu
940 935 1033 1014 ipsius
1053 942 1129 992 terrac

146 1019 238 1098 figura
259 1025 314 1094 est,
330 1035 417 1098 quam
433 1017 525 1096 globo
541 1017 663 1078 similem
678 1025 783 1078 etcum
799 1034 834 1078 ca
848 1034 941 1096 aquas
954 1019 1055 1080 iisdem
1065 1016 1129 1076 iutel-

145 1103 253 1180 legitnr
268 1101 454 1179 argumentis.
488 1103 533 1162 sic
548 1101 623 1163 enim
639 1101 670 1162 lit
687 1100 755 1184 baut
779 1100 866 1162 dubie
887 1111 918 1163 ut
931 1101 1018 1164 nobis
1032 1110 1128 1180 septen·

145 1187 279 1247 trionalis
293 1185 400 1266 plagae
416 1185 515 1248 sidera
531 1203 683 1266 numquam
700 1186 844 1262 occidant,
862 1196 964 1250 contra
974 1186 1130 1248 meridianae

146 1289 299 1351 numquam
315 1273 459 1347 oriantur,
480 1287 642 1350 meusque
655 1269 731 1332 baec
748 1269 807 1330 illis
821 1287 880 1331 non
897 1279 1051 1334 cernantur
1065 1269 1130 1331 attol·

107 1363 156 1420 178
167 1356 245 1416 lente
263 1373 296 1414 ee
312 1362 413 1416 contm
426 1354 647 1416 medicavisuus
659 1363 801 1418 terrarum
811 1356 915 1434 globo.
928 1356 1131 1436 Septentriones

145 1457 203 1500 non
219 1439 311 1500 ceruit
328 1437 527 1516 Trogodytice
545 1448 574 1500 et
593 1439 715 1500 confinis
733 1438 905 1520 Aegyptus,
928 1458 985 1502 nec
1010 1456 1132 1518 canopum

146 1523 227 1587 ltalia
243 1531 272 1582 et
288 1539 375 1602 quern
389 1532 495 1584 vocant
509 1523 670 1586 Berenices
683 1525 811 1600 crinem,
827 1525 896 1585 item
912 1543 999 1605 quem
1015 1523 1065 1586 snb
1080 1523 1132 1584 divo

140 1609 271 1686 Augusto
285 1607 530 1686 cognominavere
546 1605 683 1670 Caesaris
699 1607 973 1686 chronontmtgsos
985 1609 1028 1670 ibi
1039 1607 1132 1670 stellas.

146 1695 279 1772 adeoque
295 1691 447 1755 manifesto
463 1691 624 1771 adsurgens
641 1693 786 1771 fastigium
802 1703 952 1772 curvatur,
974 1703 1006 1755 ut
1023 1709 1133 1770 canopus

146 1787 275 1858 quartam
285 1777 350 1838 fere
362 1787 474 1858 partem
487 1777 561 1855 signi
572 1777 655 1838 unius
665 1795 754 1856 snpra
765 1787 873 1840 terram
885 1779 1016 1840 eminere
1025 1778 1134 1840 Alexan·

145 1863 225 1924 driae
243 1862 417 1924 intuentibus
438 1862 585 1940 videatur,
609 1861 712 1924 eadem
727 1880 743 1923 a
758 1861 864 1926 Rhodo
880 1872 993 1925 'terrum
1016 1863 1134 1943 quodan-

144 1947 230 2012 tncdo
252 1949 346 2026 ipsam
368 1948 530 2026 stringere,
554 1949 582 2008 iu
597 1946 690 2010 Ponto
706 1948 828 2008 *omnino
850 1965 909 2008 non
930 1957 1079 2023 cernatur,
1097 1943 1136 2005 ubi

144 2031 276 2092 manime·
292 2031 421 2092 sublimis
437 2034 607 2111 septentrio.
631 2032 708 2093 idem
723 2049 740 2092 a
757 2031 862 2094 Rhodo
880 2032 1076 2108 absconditur,
1090 2048 1135 2090 rua·

144 2115 249 2193 gisque
265 2113 473 2193 Alexandriae,
490 2117 518 2176 in
534 2116 644 2180 Arabia
659 2116 811 2180 novembri
828 2135 928 2179 meuse
946 2119 1039 2197 prima
1053 2114 1136 2192 vigilia

146 2198 278 2258 occultus
293 2199 421 2262 secunda
438 2219 472 2261 se
489 2201 625 2280 ostendit,
641 2202 670 2262 in
686 2200 789 2263 bleroe
806 2200 931 2264 solstitio
946 2203 1067 2282 vesperi
1081 2217 1136 2278 pau·

145 2281 236 2361 lisper
253 2293 375 2363 apparet
389 2286 549 2366 paucisque
564 2295 630 2347 ante
647 2295 778 2347 exortum
794 2288 901 2348 arcturi
923 2285 1029 2348 diebus
1043 2285 1138 2366 pariter

99 2371 155 2432 uta
167 2383 231 2426 cum
246 2367 294 2430 die
311 2370 447 2430 cernitur.
475 2368 676 2448 Navigantium
690 2369 766 2432 haec
776 2371 900 2432 manime
912 2389 1035 2434 cursans
1047 2371 1137 2448 depre-

144 2449 286 2528 hendunt,
310 2453 339 2512 in
354 2452 410 2526 alia
426 2453 554 2515 adverso
569 2455 599 2514 in
613 2453 669 2516 alia
684 2471 778 2534 prono
794 2457 882 2532 mari,
904 2456 1060 2536 subitoque
1080 2471 1137 2514 con-

144 2537 253 2614 spicuis
269 2545 357 2616 atque
372 2547 401 2599 nt
419 2557 435 2598 e
452 2537 529 2600 freto
547 2538 765 2616 emergentibus
780 2557 855 2618 qnae
871 2542 900 2600 in
917 2541 1058 2603 anfractu
1072 2539 1138 2619 pilae

143 2619 255 2682 latuere
272 2621 427 2683 sideribus.
460 2623 659 2698 nequeenim,
678 2631 708 2682 ut
722 2623 825 2684 dixere
840 2623 941 2698 aliqui,
958 2626 1079 2687 mundus
1092 2624 1139 2682 boc

142 2701 214 2778 polo
230 2701 396 2764 excelsiore
405 2703 441 2766 'se
452 2704 550 2766 attolit
556 2747 566 2782 ,
578 2705 624 2766 ita
635 2712 667 2765 ut
683 2707 810 2786 undique
821 2715 1016 2769 cernerentur
1026 2708 1097 2768 haec
1107 2707 1138 2764 si·

142 2782 221 2848 dara.
249 2804 350 2848 verum
367 2785 440 2850 baec
454 2787 555 2850 eadem
567 2788 730 2869 quibusque
747 2791 888 2870 proximis
902 2791 1073 2854 sublimiora
1088 2808 1139 2850 cre·

142 2865 264 2946 duntur,
288 2870 448 2950 eademque
461 2871 596 2945 demersa
615 2871 800 2954 longinquis,
823 2883 913 2956 utque
929 2893 1005 2938 nunc
1019 2875 1139 2936 sublimis

142 2951 171 3010 iu
189 2948 305 3013 deiectu
320 2956 426 3033 positis
440 2955 557 3018 videtur
570 2956 618 3018 hic
637 2965 761 3039 vertex,
784 2959 827 3020 sic
846 2960 969 3022 inillam
983 2968 1083 3024 terrae
1097 2957 1140 3018 de-

141 3035 301 3097 vexitatem
318 3041 512 3117 transgressis
531 3039 581 3102 illa
598 3059 632 3102 se
648 3041 784 3106 attollunt
800 3043 997 3106 residentibus
1016 3060 1091 3122 quae
1102 3041 1126 3100 bi

143 3118 262 3181 excelsa
272 3121 404 3202 fuerant,
421 3124 499 3204 quod
512 3125 568 3186 nisi
579 3126 608 3186 in
620 3125 713 3204 ligura
729 3127 807 3208 pilae
817 3127 953 3190 cecidere
963 3143 1022 3188 non
1033 3133 1134 3206 posset

99 3207 152 3262 180
209 3201 293 3286 (ta.)
316 3205 388 3268 ldeo
405 3209 557 3270 deiecturus
573 3209 645 3272 solis
662 3227 696 3272 ac
712 3211 798 3276 lunae
818 3215 1008 3293 vespertinos
1026 3211 1129 3272 orienti
1135 3234 1141 3247 ι

141 3287 257 3350 incolae
275 3305 334 3350 non
352 3294 497 3370 sentiunt,
521 3312 577 3356 nec
595 3297 752 3358 matutinos
767 3297 803 3358 ad
823 3315 958 3361 oceasum
972 3295 1132 3358 habitantes

140 3371 317 3434 meridianos
333 3393 406 3437 vero
419 3378 543 3456 saepius.
572 3377 675 3441 Nobili
689 3381 765 3461 apud
774 3380 906 3443 Arbilam
915 3383 1010 3459 magni
1021 3381 1132 3441 Alexan

142 3453 186 3516 dri
208 3457 331 3528 victoria
353 3458 419 3522 luna
434 3461 582 3526 delenisse
599 3466 694 3526 noctis
711 3465 837 3528 secunda
859 3465 931 3528 bora
954 3473 1002 3527 est
1021 3464 1133 3546 proditu
