2396 3940
153 115 218 180 246
514 111 543 166 C.
562 111 661 166 PLINI
680 108 837 166 SECUNDI

151 269 189 329 iis
212 283 287 346 quae
311 265 417 326 animai
440 271 591 344 generant.
628 266 778 344 graviores
801 263 904 326 alitum
926 261 1070 326 inferiore
1092 281 1169 342 gena

151 358 299 436 conivent,
323 354 443 416 eaedem
462 357 613 416 nictantur
636 353 672 415 ab
696 353 810 434 angulis
832 353 1008 416 membrana
1030 352 1170 414 obeunte.

152 444 306 508 columbae
325 453 355 506 et
373 445 479 506 similia
497 453 624 524 utraque
643 446 790 506 conivent.
821 451 851 505 at
869 443 1070 526 quadripedes
1094 462 1170 522 quae

152 554 205 596 ova
223 537 352 615 pariunt,
370 543 405 596 ut
423 535 598 615 testudines,
622 533 773 614 crocodili,
792 534 933 594 inferiore
954 542 1081 614 tantum,
1106 535 1171 592 sine

100 631 150 681 151
162 624 220 686 ulla
243 626 403 686 nictatione
426 633 549 704 propter
563 623 735 704 praeduros
759 623 869 684 oculos.
914 627 1088 686 extremrun
1113 637 1193 684 amu*

151 714 246 776 bitum
270 733 361 793 genae
386 715 549 794 superioris
576 711 689 792 antiqui
717 713 817 776 cibum
844 731 1002 792 vocavere,
1030 712 1116 778 uude
1145 723 1171 772 et

152 803 318 883 supercilia.
356 803 412 866 hoc
431 803 553 864 vulnere
577 803 674 882 aliquo
698 803 852 866 diductum
875 822 935 866 non
960 801 1118 883 coalescit,
1142 811 1172 862 ut

150 895 181 953 in
204 895 307 972 paucis
331 893 451 954 humani
476 895 609 972 corporis
632 892 783 956 membris
855 959 864 966 ..

217 975 291 1065 (58)
319 982 400 1044 inira
422 982 524 1043 oculos
555 983 647 1044 malae
675 983 788 1044 homini
816 991 942 1064 tantum,
971 1001 1049 1062 quas
1079 983 1171 1062 prisci

150 1088 241 1152 genas
265 1071 419 1153 vocabant,
448 1087 499 1134 ΧΗ
528 1071 696 1134 tabularum
723 1072 881 1134 interdicto
908 1073 973 1134 radi
1003 1091 1020 1131 a
1049 1072 1172 1132 feminis
1186 1087 1197 1122 κ

150 1169 291 1222 vetantes.
319 1161 442 1241 pudoris
455 1161 528 1222 haec
548 1163 643 1224 sedes.
671 1161 713 1224 ibi
731 1164 857 1224 maxime
875 1161 1048 1224 ostenditur
1068 1161 1173 1222 rubor.

97 1257 148 1307 158
217 1244 290 1333 (59)
314 1250 394 1312 intra
417 1269 467 1312 eas
485 1251 663 1314 hilaritatem
687 1253 840 1331 risumque
863 1252 1032 1314 indicantes
1056 1250 1170 1312 buccae

113 1359 118 1366 ·
150 1349 181 1401 ot
203 1340 289 1402 altior
316 1339 428 1402 bomini
455 1349 584 1422 tantum,
612 1360 701 1421 quem
728 1343 798 1402 novi
824 1360 921 1402 mores
950 1340 1102 1403 subdolae
1130 1343 1171 1401 in·

149 1432 254 1491 risioni
272 1429 416 1512 dicavere,
439 1447 538 1494 nasus,
570 1450 633 1493 non
649 1431 698 1492 alii
720 1431 888 1492 animalium
911 1449 1001 1492 nares
1026 1433 1171 1492 eminent.

149 1519 265 1600 avibuS,
288 1519 495 1602 serpentibus,
517 1519 650 1601 piscibus
673 1523 816 1584 foramina
839 1528 955 1582 tantum
977 1519 1017 1582 ad
1041 1519 1172 1582 olfactus
1185 1533 1197 1572 u

149 1611 213 1669 sine
233 1608 363 1689 naribus,
387 1617 417 1672 et
434 1609 504 1672 hinc
524 1614 699 1692 cognomina
719 1610 876 1691 Simorum,
897 1609 1044 1672 Silenum.
1081 1613 1171 1690 septi·

149 1717 197 1758 mo
217 1717 318 1760 mense
337 1699 445 1779 genitis
464 1719 678 1781 saepenumero
698 1702 841 1762 foramina
859 1702 977 1760 aurium
996 1708 1029 1760 et
1049 1702 1171 1762 narium

149 1788 280 1850 defuere.
778 1839 781 1844 .
885 1847 897 1866 ,
1053 1861 1062 1864 ,

97 1883 147 1934 159
216 1871 290 1960 (60)
314 1877 421 1959 Labra,
445 1898 461 1940 a
485 1871 594 1958 quibus
616 1877 755 1962 Brocchi,
783 1879 936 1944 Labeones
960 1879 1048 1960 dicti,
1084 1889 1118 1940 et
1141 1900 1171 1938 os

148 1966 275 2046 probum
299 1965 438 2029 duriusve
462 1969 568 2030 animai
590 1969 810 2048 generantibus.
856 1988 910 2050 pro
933 1970 971 2028 iis
994 1987 1117 2030 cornea
1145 1977 1196 2029 etc

149 2063 234 2116 acuta
261 2057 440 2119 volucribus.
459 2067 570 2139 rostra,
599 2059 702 2119 eadem
730 2067 814 2138 rapto
842 2057 1010 2120 viventibus
1043 2059 1172 2129 monce,

148 2145 272 2206 collecto
291 2155 386 2227 recta,
408 2147 515 2208 herbas
534 2147 692 2208 ruentibus
713 2148 876 2226 limumque
899 2149 968 2230 lata,
992 2150 1040 2210 uti
1066 2159 1102 2210 et
1126 2168 1172 2208 su·
1195 2187 1196 2206 t

147 2253 199 2296 um
228 2238 338 2314 generi.
391 2239 532 2298 iumentis
561 2240 624 2298 vice
655 2256 761 2300 manus
791 2237 827 2298 ad
857 2237 1024 2317 colligenda
1056 2238 1171 2320 pabnia

147 2342 208 2406 ora,
231 2327 379 2404 apertiora
401 2325 511 2388 laniatu
534 2326 710 2388 viventibus

214 2413 346 2476 Mentnm
370 2415 442 2476 nulii
464 2425 583 2495 praeter
605 2415 770 2500 hominem,
798 2436 853 2478 neo
881 2416 981 2478 malae.
1032 2419 1195 2480 maxiliass

148 2503 315 2564 crocodilus
330 2511 444 2565 tantum
459 2508 630 2587 superiores
648 2515 755 2587 movet,
774 2513 934 2568 terrestres
953 2506 1170 2587 quadrupedes

149 2593 253 2654 eodem
275 2611 334 2672 quo
358 2602 457 2656 cetera
481 2613 562 2656 more
586 2603 764 2675 praeterque
788 2598 819 2656 in
842 2594 980 2656 oblicum.

95 2688 147 2738 160
215 2675 289 2765 (61)
313 2682 453 2744 Dentium
472 2687 528 2744 tria
547 2704 664 2766 genera,
688 2687 796 2748 serrati
814 2695 864 2746 aut
883 2687 1019 2746 continui
1039 2697 1097 2748 aut
1122 2706 1168 2746 er-

148 2773 233 2831 serti:
262 2775 368 2833 serrati
390 2775 562 2851 pectinatim
592 2784 748 2854 coeuntes,
780 2794 816 2836 ue
844 2777 993 2836 contrario
1031 2795 1165 2838 occursu

147 2867 320 2940 atterantur,
344 2869 377 2920 ut
401 2863 598 2944 serpentibus,
621 2863 762 2945 piscibus,
787 2863 922 2945 canibus3
950 2867 1111 2946 continui,
1136 2877 1192 2926 ute

147 3029 360 3036 -—-———-—-—-

219 3124 285 3176 iut
302 3121 446 3193 edIzupd.
473 3140 523 3178 om.
539 3126 566 3179 lt.
594 3142 633 3178 ou
647 3124 754 3178 estid?
828 3132 861 3178 10
879 3124 989 3179 feminis
1008 3131 1063 3180 Bo.
1096 3129 1164 3182 fenis

145 3198 197 3246 nd.
225 3193 298 3248 fetus
317 3212 341 3247 a.
422 3201 455 3249 14
475 3195 524 3249 alii
537 3195 603 3248 82d.
631 3196 687 3250 alie
705 3213 728 3251 r.
808 3203 841 3251 19
858 3196 974 3251 brocchi
986 3197 1034 3253 11¹.
1063 3199 1163 3254 bocchi
1193 3229 1194 3280 ,

146 3265 217 3318 biti
245 3265 330 3320 bochi
348 3270 392 3321 ed.
419 3267 423 3333 Ι
453 3283 483 3320 os
501 3272 553 3320 Bo.
581 3267 633 3322 hos
651 3274 701 3324 Dc
729 3267 774 3322 his
793 3273 817 3325 d.
906 3273 940 3323 22
963 3269 1164 3326 eruentibusd

146 3335 265 3391 eanuc
290 3336 451 3392 rodentibus
466 3338 522 3392 cod.
537 3337 604 3392 Dal.
621 3341 625 3406 i
641 3338 700 3394 lata
717 3338 755 3391 Ν
763 3341 823 3394 edd.
835 3339 891 3395 Get.
917 3341 979 3394 sete
992 3339 1033 3396 d¹.
1059 3345 1125 3398 rau
1144 3361 1162 3396 r.

148 3403 152 3472 i
178 3408 207 3457 eb
229 3423 283 3474 epo.
316 3423 365 3460 om.
386 3408 442 3461 lde.
475 3409 525 3473 cfr.
545 3409 630 3462 Arist.
650 3412 683 3464 dc
701 3416 777 3480 part.
801 3414 1163 3481 au.1111p.66213‚rs

143 3476 236 3541 merop
256 3479 308 3529 καί
331 3482 390 3530 τῶν
408 3480 589 3544 τετραπόδων
608 3482 641 3534 τὸ
660 3486 711 3549 τῆς
733 3483 791 3538 ὑός.
881 3489 971 3538 1113
994 3501 1080 3540 usum
1099 3485 1161 3538 ΒΜ.

217 3550 250 3596 ‘25
270 3548 532 3602 mentum-melae
550 3565 600 3604 om.
614 3551 659 3608 3¹.
732 3559 766 3609 26
781 3553 973 3624 quadrupedes
986 3555 1062 3610 Εὐ]
1074 3573 1127 3612 oct.
1142 3573 1161 3608 r.

218 3619 251 3663 ‘29
270 3615 434 3684 pectinatim
453 3623 499 3673 do.
528 3621 628 3674 -antim
645 3621 689 3677 8².
719 3627 811 3680 -antes
829 3626 895 3681 3¹2.
924 3625 1098 3696 piciinentes
1116 3637 1143 3686 u.
