2302 3938
153 193 218 258 210
502 207 533 256 c.
554 206 652 254 aurun
674 205 824 256 saonam

155 364 294 442 aSigeo,
312 371 341 424 et
356 362 422 444 ipso
439 363 565 424 statione
578 361 681 424 classis
698 380 779 424 suae.
809 361 901 442 Supra
915 361 1033 424 Aeolida
1047 373 1072 425 et
1086 382 1132 444 par·

155 457 213 509 tem
234 447 356 510 Troadis
378 449 408 508 in
432 447 649 510 mediterraneo
671 455 717 508 est
740 465 815 526 quae
836 457 957 508 vocatur
978 447 1132 524 Teuthrania,

155 551 239 612 qnam
259 531 334 608 Mysi
352 533 508 612 antiquitus
533 541 665 593 tenuero.
706 531 747 591 ibi
772 529 875 593 Caicus
891 534 979 592 amnis
996 534 1046 592 iarn
1064 533 1132 592 dictus

112 633 145 668 aar
156 619 258 680 oritur.
288 636 362 696 gens
380 617 474 696 ampla
490 631 545 696 par
558 635 609 694 se,
631 617 797 677 etiamnum
818 623 909 676 totum
925 615 1016 696 blysia
1034 617 1133 696 appella-

104 710 154 763 126
166 711 256 762 retur.
286 701 319 763 ln
337 720 372 762 ea
387 701 524 779 Pioniae,
542 701 678 778 Andera,
698 699 796 779 Idale,
817 699 982 780 Stabulum,
1005 699 1133 761 Conisinn.

155 785 267 862 Teium,
282 785 382 864 Balce,
398 785 496 864 Tiare,
511 784 701 863 Teuthranie,
719 783 856 863 Sarnaca,
868 784 1030 864 Halisarna,
1043 785 1134 862 lycide.

154 869 356 948 Parthenium,
392 867 532 948 Cambrc,
563 868 733 949 Oxyopum,
773 868 964 948 Lygdamum,
996 870 1134 950 Apollonia,

155 955 303 1034 longeque
321 955 511 1015 clarissimum
529 953 620 1016 Asiae
638 954 825 1032 Pergamum,
845 954 922 1034 qnod
943 958 1087 1016 intermeat
1100 953 1135 1012 Se·

155 1038 247 1117 linus,
274 1039 409 1118 praefluit
432 1037 532 1101 Cetius
552 1039 689 1119 profusus
710 1038 835 1100 Pindaso
851 1047 962 1101 monte.
997 1039 1073 1100 abest
1089 1037 1136 1096 bant

110 1139 144 1178 12¹
154 1124 258 1203 procul
279 1123 385 1202 Elaea,
407 1141 489 1204 quarn
514 1127 544 1184 in
564 1124 653 1186 litore
673 1123 806 1184 diximus.
845 1123 1024 1202 Pergamena
1044 1130 1136 1184 vocatur

156 1209 218 1270 eius
245 1217 372 1270 tractans
408 1209 578 1270 iurisdictio.
622 1208 658 1269 ad
689 1225 752 1270 cam
782 1210 959 1271 conveniunt
988 1207 1136 1288 Thyatireni.

153 1291 303 1372 Mossyni,
328 1293 508 1372 Mygdones,
527 1293 699 1372 Bregmeni,
722 1291 967 1370 Hierocometae,
994 1291 1136 1372 Perpereni.

156 1377 289 1456 Tiareni,
305 1377 585 1457 Hierolophienses,
606 1376 877 1458 Hermocapelitae,
893 1377 1075 1454 Attalenses,
1088 1376 1137 1436 Pan·

103 1460 151 1518 tan
167 1471 305 1541 tconses,
332 1461 591 1542 Apollonidienses
618 1463 752 1542 aliaeque
778 1462 938 1524 inhonorae
963 1463 1098 1526 civitates.
1121 1459 1137 1517 A

154 1547 291 1608 Rhoeteo
304 1546 476 1608 Dardanium
491 1547 627 1626 oppidum
638 1565 757 1627 parvum
771 1547 857 1610 abest
872 1547 963 1608 stadia
977 1545 1064 1607 LXX.
1089 1543 1137 1604 inde

153 1630 252 1692 XVlll
274 1629 303 1692 ll
325 1633 551 1712 promunturium
573 1631 720 1710 Trapeza,
748 1633 824 1694 unde
843 1633 964 1712 primum
985 1632 1101 1692 concitat
1117 1645 1138 1686 se

153 1714 374 1796 Hellespontus.
408 1715 454 1777 bx
469 1714 541 1777 Asia
555 1717 706 1778 interiisse
727 1725 834 1796 gentes
852 1717 939 1777 tradit
953 1714 1143 1794 Eratosthenes,

154 1799 355 1880 Solymarum,
370 1800 527 1880 Lelegum,
541 1800 721 1880 Bebrycum,
738 1799 974 1879 Colycantiornm
983 1844 995 1878 ,
1010 1797 1143 1880 Tripsedn·,

153 1903 225 1947 rum.
261 1885 391 1948 Isidorus
407 1886 555 1946 Arieneos
574 1895 605 1946 et
621 1883 797 1964 Capreatas,
824 1885 873 1946 nbi
894 1887 932 1946 sit
946 1883 1074 1964 Apamea
1091 1899 1143 1960 con·1

153 1969 212 2030 dita
228 1989 244 2031 a
259 1971 387 2032 Seleuco
403 1989 487 2048 rege,
504 1971 581 2030 inter
596 1967 739 2050 Ciliciam,
751 1967 972 2050 Cappadociam,
987 1967 1143 2048 Cataoniam,

153 2055 320 2115 Armeniam
336 2065 366 2116 et
381 2056 515 2134 qnoniam
535 2053 734 2116 ferocissimas
755 2063 863 2134 gentes
882 2055 1058 2132 domuisset,
1079 2053 1143 2134 initio,

68 2146 70 2152 ’
153 2137 290 2200 Dameam
305 2147 444 2201 vocatam.
1142 2207 1143 2220 χ

102 2225 153 2278 128
224 2221 275 2285 31.
292 2222 373 2302 (34.)
396 2223 557 2286 insulanum
577 2233 644 2287 ante
667 2225 767 2287 Asiam
785 2227 877 2306 prima
901 2234 947 2286 est
962 2227 993 2286 in
1016 2223 1143 2308 Canobicn,

108 2343 112 2350 ·
154 2308 231 2368 ostio
246 2307 322 2386 Nili,
338 2327 354 2368 a
370 2306 491 2370 Canobo
506 2308 633 2370 Menelai
651 2310 868 2388 gubernatore,
894 2318 925 2370 ut
940 2311 1052 2386 lerunt,
1075 2308 1143 2367 dicta

152 2391 244 2452 altera
258 2394 354 2452 iuncta
373 2402 463 2472 ponte
479 2393 694 2472 Alexandriae,
716 2395 833 2456 colonia
849 2393 982 2456 Caesaris
1002 2391 1139 2455 dictatoris.

151 2475 279 2554 Pharos,
303 2478 445 2557 qnondam
462 2478 520 2539 diei
536 2479 722 2556 navigatione
738 2480 848 2541 distans
863 2480 899 2540 ab
914 2480 1071 2558 Aegypto,
1086 2493 1141 2536 nnnc

153 2563 265 2622 etnrri
289 2563 437 2623 nocturnis
458 2563 574 2641 ignibus
601 2581 716 2624 cursum
743 2565 856 2624 navium
881 2581 1000 2641 regens.
1042 2577 1141 2638 namquo

150 2645 301 2708 fallacibus
323 2647 403 2708 vadis
419 2647 596 2709 Alexandria
616 2649 709 2709 tribus
731 2650 847 2709 omnino
862 2649 955 2710 aditur
974 2649 1066 2708 alveis
1079 2645 1140 2705 mani.

151 2733 296 2810 Stegano,
313 2731 452 2811 Posiden,
469 2731 574 2794 Tauro.
605 2733 635 2794 in
651 2731 811 2794 Phoenicio
829 2733 934 2794 deinde
949 2735 1021 2793 mari
1038 2735 1140 2792 estante

149 2815 243 2895 lupen
260 2816 361 2894 Pania,
383 2825 444 2878 tnta
463 2817 616 2897 oppidum,
641 2818 671 2878 in
687 2835 743 2897 qua
759 2818 903 2888 obiectum
920 2816 1028 2878 beluae
1048 2815 1139 2876 Andro

113 2911 138 2947 ⁷⁸
149 2899 260 2960 medam
274 2902 390 2979 ferunt,
411 2909 442 2963 et
456 2904 512 2963 iam
529 2902 603 2962 dicta
617 2900 747 2982 Arados,
769 2903 847 2964 inter
862 2921 945 2982 qnam
961 2909 991 2962 et
1013 2902 1141 2962 continen-

149 2991 209 3044 tem
226 2983 247 3044 Ι.
263 2985 360 3046 cubita
375 2986 440 3047 alto¹
453 2989 540 3063 mari,
561 2995 592 3046 nt
608 2995 708 3047 auctor
724 2995 770 3048 est
784 2985 949 3064 Mucianus,
972 2985 1085 3047 alonte
1098 2979 1141 3042 dnl-

149 3069 191 3127 cis
208 3086 282 3146 aqua
296 3069 368 3130 tubo
383 3073 472 3132 coriis
489 3071 676 3150 lacteusque
691 3089 708 3132 a
723 3071 797 3132 vado
816 3072 947 3133 trabitur.

97 3161 148 3215 129
222 3150 305 3234 (35.)
321 3153 517 3234 Pamphylium
531 3173 610 3216 mare
627 3154 775 3233 ignobiles
786 3156 896 3217 insulas
913 3155 1011 3232 habet,
1029 3153 1121 3217 Cilioin

149 3255 187 3298 ex
201 3236 228 3296 V
240 3239 371 3300 maximis
385 3238 509 3318 Cyprum
521 3239 556 3300 ad
572 3248 666 3300 ortum
678 3257 869 3320 occasumque
883 3238 1002 3301 Ciliciae
1013 3257 1047 3301 ac
1057 3237 1128 3314 Syria

148 3322 305 3400 obiectam,
315 3324 457 3402 quondam
467 3323 551 3384 Vllll
560 3342 717 3402 regnorum
727 3326 834 3386 sedem.
857 3326 939 3386 huius
952 3325 1096 3386 circuitum
1107 3319 1140 3378 li·

147 3403 1138 3490 mosthenesCCCCXXVllllll)pass.prodidit,lsidorusCCClelt

138 3489 185 3551 nt.
217 3493 427 3572 longitudinem
444 3497 521 3558 inter
537 3495 593 3556 dno
607 3497 821 3575 promunturia,
838 3493 935 3556 Clidas
951 3503 981 3556 et
991 3493 1141 3557 Acamanta,
