2364 3930
90 121 93 126 “
166 132 230 198 156
512 130 542 186 c.
559 130 659 185 7777
678 127 835 185 7777777

164 284 264 362 procis
293 279 430 342 amnibus
459 282 570 341 siccato
599 279 701 359 litore,
733 277 822 339 eliodi
848 297 920 359 ergo
947 287 1031 340 motu
1058 279 1164 340 demum

111 383 162 433 777
173 388 334 450 corporum
352 372 450 431 vivere
469 388 521 430 eos
540 367 730 449 adprobante.
765 370 845 429 circa
864 367 987 428 eandem
1004 367 1165 430 Heracleam

165 457 357 538 [eodemque]
381 458 459 539 Lyco
478 475 564 519 amne
587 457 751 520 decedente
770 459 833 518 oris
852 457 967 518 relictis
988 459 1020 517 in
1040 457 1108 517 limo
1125 476 1164 535 ge·

115 601 123 614 .
164 551 264 610 nerari
285 550 384 628 pisces
402 550 454 628 qui
472 547 508 609 ad
526 547 633 628 pabula
650 546 779 627 petenda
796 546 941 627 palpitent
959 548 1075 628 exiguis
1092 545 1165 606 bran·

164 637 252 718 chiis,
279 655 339 716 quo
361 637 427 698 lieri
449 655 510 698 non
532 637 649 716 indigos
671 639 798 716 umoris,
824 643 948 716 propter
971 635 1054 714 quod
1077 644 1106 696 et
1126 655 1166 696 au·

163 725 269 805 guillae
291 725 404 788 diutius
427 727 525 787 rivere
548 733 700 805 exemptas
723 727 820 805 aquis,
844 743 898 785 ova
919 731 1022 786 autem
1045 727 1166 786 insieco

164 817 307 876 maturari
333 823 368 876 ut
392 815 584 876 testudinum.
630 815 734 876 eedem
760 816 792 876 in
814 813 902 874 Ponti
924 817 1049 893 regione
1078 813 1167 893 adpre·

164 902 254 964 bendi
276 903 369 982 glacie
391 905 519 984 piscium
540 906 667 964 maxime
690 902 833 983 gobiones
851 905 992 964 -nonnisi
1011 905 1167 983 patinarum

111 1006 162 1056 178
173 991 270 1053 calore
291 992 410 1054 vitalem
423 1001 538 1054 motum
556 993 691 1054 latentes.
729 995 825 1053 estin
842 991 889 1053 bis
908 992 1041 1074 quidem,
1064 993 1167 1053 17777171

163 1080 307 1142 mirabilis
329 1090 384 1164 est,
406 1091 505 1143 tamen
528 1082 626 1162 aliqua
647 1083 732 1144 ratio.
773 1081 867 1142 idem
889 1081 979 1143 tradit
1001 1084 1036 1142 in
1059 1081 1166 1160 Paphla-

162 1173 249 1249 gonia
266 1170 355 1231 ellodi
372 1172 471 1251 pisces
485 1173 668 1251 gratissimos
687 1169 762 1233 cibis
780 1179 918 1232 terrenos
935 1170 1004 1232 altis
1024 1169 1167 1232 scrobibus

162 1261 194 1319 in
212 1259 259 1320 bis
277 1259 359 1341 locis,
381 1263 413 1320 in
432 1260 542 1340 quibus
560 1259 657 1321 nullae
676 1267 850 1341 restagnent
867 1278 970 1342 aquae,
992 1262 1167 1338 miratumque

163 1351 280 1428 etipse
303 1351 384 1428 gigni
407 1352 472 1409 sime
495 1351 591 1431 coitu,
619 1353 734 1412 umoris
757 1349 878 1429 quidem
901 1351 961 1410 vim
981 1349 1114 1430 aliquam
1132 1351 1166 1408 ie

163 1455 229 1497 esse
253 1455 342 1516 qnam
364 1440 464 1518 puteis
487 1437 659 1522 arbitratur,
681 1458 736 1500 ceu
754 1457 825 1499 vero
849 1443 881 1500 in
902 1439 970 1500 ullis
987 1442 1166 1520 reperiantur

162 1527 269 1604 pisces.
312 1527 455 1606 quicquid
478 1528 612 1610 7711777,
636 1537 718 1589 certe
741 1529 840 1589 minue
863 1527 1072 1590 admirabilem
1092 1527 1166 1606 talpa·

162 1633 231 1675 rum
253 1615 324 1677 lacit
346 1618 449 1697 vitam,
472 1617 660 1678 subterranei
683 1618 830 1699 animaliS,
852 1619 910 1678 nisi
932 1618 1011 1677 lorte
1037 1619 1167 1677 vermium

161 1711 353 1766 terrenorum
375 1705 475 1767 711717
497 1706 632 1786 piscibus
655 1715 761 1768 natura
783 1709 872 1767 inest.
1038 1771 1041 1778 ,

110 1807 161 1857 tte
230 1787 290 1857 58.
314 1787 389 1879 (84)
421 1794 532 1857 Verum
548 1795 685 1857 omnibus
704 1795 751 1857 bis
769 1795 857 1857 fidem
873 1795 931 1856 Nili
951 1793 1109 1856 inundatio
1129 1793 1166 1854 ad·

163 1882 223 1942 lert
245 1886 343 1945 omnia
366 1885 529 1946 excedente
551 1884 703 1946 miraculo.
741 1886 851 1964 quippe
874 1884 1044 1946 decedente
1064 1902 1099 1944 eo
1116 1901 1165 1942 mu·

164 1971 240 2032 sculi
261 1975 455 2053 reperiuntur
475 1973 612 2035 inchoato
633 1991 724 2054 opere
745 1973 881 2054 genitalis
899 1990 992 2052 aquae
1013 1981 1168 2051 terraeque,

163 2061 221 2120 iam
252 2070 336 2140 perte
368 2064 503 2142 corporis
534 2065 667 2126 viventes
698 2055 858 2124 novissima
889 2063 985 2141 effigie
1019 2065 1170 2124 etiamnum

163 2157 291 2210 terrena.

111 2253 163 2303 180
231 2233 288 2300 59.
312 2233 386 2324 (85)
428 2240 490 2301 Nec
520 2241 556 2302 de
586 2240 686 2302 anthia
714 2242 797 2320 pisce
826 2240 908 2302 sileri
935 2243 1080 2302 convenit
1105 2255 1168 2318 quae

109 2325 478 2407 57131771777777777177717
498 2329 671 2391 credidisse.
708 2328 894 2392 Chelidonias
914 2328 1030 2390 insulas
1054 2330 1139 2390 dixim

163 2416 248 2477 Asiae
272 2417 421 2498 scopulosi
438 2420 529 2480 maris
552 2426 620 2480 ante
637 2421 880 2499 promunturium
901 2419 998 2480 Tauri
1021 2421 1102 2480 sitas.
1135 2415 1167 2477 bt

163 2506 305 2586 frequens
327 2507 376 2569 bic
393 2511 486 2588 piscis
508 2515 539 2569 et
557 2507 696 2570 celeriter
714 2511 831 2588 capitur
852 2526 913 2569 uno
931 2525 1055 2588 genere.
1091 2523 1165 2588 parvo

163 2599 277 2675 navigio
301 2605 332 2658 et
354 2597 505 2658 concolori
527 2605 610 2659 veste
633 2597 795 2678 eademque
814 2597 887 2658 bora
909 2615 964 2678 per
981 2596 1099 2677 aliquot
1115 2596 1166 2656 dies

163 2687 321 2746 continuos
343 2688 474 2766 piscator
497 2687 631 2766 enavigat
653 2695 737 2748 certo
761 2689 855 2766 spatio
878 2703 1040 2765 escamque
1064 2685 1168 2767 proicit

234 2915 250 2963 1
269 2910 442 2981 adprobante
460 2913 560 2968 Iecur.
587 2913 651 2966 -771
668 2912 695 2966 ll.
713 2914 717 2982 l
732 2911 898 2967 Heracleam
917 2911 1038 2968 eandem
1055 2918 1107 2966 Bc.

163 2985 178 3032 3
199 2980 353 3052 eodemque
370 2984 473 3038 17771777·
490 2999 545 3053 eqo.
625 2983 771 3054 oindigos
791 2983 870 3039 Pseu
896 2999 945 3053 -go
964 2984 991 3038 ll.
1067 2982 1139 3039 9771

162 3067 222 3106 rem
239 3057 291 3107 ltu.
326 3055 331 3122 l
363 3053 613 3110 1777171111ἳῖ71
640 3057 736 3110 temen
754 3054 778 3110 si
797 3055 856 3109 e¹d.
882 3057 943 3109 1777
961 3054 985 3108 si
1003 3055 1088 3108 1¹2¹.

164 3127 197 3177 10
215 3123 389 3198 mirabilissls
404 3131 433 3180 r.
461 3126 526 3181 mir·
545 3128 589 3180 771
605 3142 630 3180 r.
687 3132 719 3182 12
738 3126 911 3195 miraturque
928 3124 1006 3180 ΙΨ.
1035 3141 1130 3195 -nsqne
1143 3139 1163 3178 r.

235 3202 268 3250 14
287 3195 440 3253 arbitretur
458 3213 509 3253 ceu
531 3195 650 3252 ΜΨ.
680 3213 731 3253 777
752 3199 797 3252 12¹,
829 3215 860 3253 cs
882 3196 959 3252 1¹⁵¹.
991 3202 1057 3252 71
1103 3201 1162 3251 m

163 3266 237 3322 lecte
254 3273 399 3337 7777777177
412 3275 457 3324 eet.
481 3269 532 3336 cfr.
549 3269 681 3338 lbeoptr.
695 3270 775 3340 fram.
790 3274 852 3338 171,
866 3268 1158 3339 1111771117Ι7777

161 3337 254 3392 nullus
273 3342 297 3392 1.
325 3339 413 3394 dier.
501 3346 534 3394 19
553 3339 706 3396 decedente
724 3340 794 3396 coeti.
812 3339 880 3395 Del.
908 3339 1029 3410 degente
1046 3344 1072 3395 1.
1097 3339 1115 3392 d

162 3411 245 3474 gente
263 3425 286 3463 r.
359 3416 392 3464 21
412 3411 566 3464 etiamnum
583 3427 608 3466 7.
637 3427 705 3466 mon
723 3412 751 3466 ll.
823 3417 858 3466 13
877 3411 960 3466 silere
977 3411 1042 3465 Ν.
1070 3413 1075 3480 Ι
1100 3427 1116 3478 q

162 3476 249 3532 anat.
283 3496 338 3547 que
355 3482 400 3534 12¹.
433 3481 499 3549 ique
517 3481 560 3534 1¹.
594 3481 691 3550 hiique
708 3482 751 3538 1².
785 3479 870 3552 idque
887 3481 932 3536 12².
965 3483 1061 3552 itaque
1078 3501 1095 3535 ι

162 3551 222 3600 vett.
276 3555 310 3603 27
330 3551 470 3620 scopulosi
488 3551 573 3606 meris
591 3551 633 3606 1⁹.
657 3553 789 3624 scopulos
805 3554 836 3608 17
853 3553 925 3609 meri
943 3553 1036 3624 (melis
1051 3559 1083 3608 ι
1099 3569 1124 3605 m
1141 3545 1149 3562 '

161 3616 204 3682 1²¹)
224 3633 247 3670 r.
281 3622 285 3686 t
320 3620 405 3675 Teun'
421 3623 539 3677 17777711
555 3621 653 3694 Borb,
671 3625 719 3680 eed
730 3630 797 3694 post
814 3625 888 3682 7717.
915 3626 966 3694 cfr.
985 3628 1014 3677 V
1022 3627 1082 3682 131.
