2392 3946
252 173 336 227 Nar.
354 173 446 227 HIST.
466 171 635 227 xmo-11
657 174 782 242 (ro-ee)
962 171 1025 234 329

23 323 90 383 loliis
111 325 205 404 primo
230 325 443 406 scriptitatum,
467 324 536 385 dein
560 323 745 403 quarundam
768 324 908 386 arborum
931 323 1024 384 libris.

21 422 112 493 postea
133 412 251 492 publica
275 421 465 474 monumenta
488 414 635 494 plumbeis
663 414 875 495 voluminibus,
903 431 972 474 mox
995 423 1025 474 et

21 506 121 582 privata
143 503 242 564 linteis
266 503 372 563 confici
395 511 499 582 coepta
522 512 573 564 aut
601 506 686 564 ceris.
732 504 921 584 pugillarium
945 504 1025 564 enim

21 611 97 653 usum
120 593 212 654 luisse
236 595 325 653 etiam
348 600 415 653 ante
439 593 566 654 Troiana
590 603 724 673 tempora
751 596 918 654 invenimus
946 591 1024 672 apud

20 683 206 763 Homerum,
234 682 284 743 illo
308 701 379 742 vero
402 683 547 763 prodente
571 703 608 744 ne
633 693 744 744 terram
773 684 892 764 quidem
920 684 1023 764 ipsam,

20 792 84 851 quae
103 791 182 833 nunc
201 773 351 852 Aegyptus
376 820 449 854 ....,
472 773 663 854 intellegitur,
687 792 756 834 cum
774 775 805 833 in
826 771 1023 852 Sebennytico

20 873 43 923 et
64 861 141 922 Saite
165 864 230 923 eius
258 881 346 922 nonro
375 865 471 922 omnis
495 861 604 924 charta
624 872 776 944 nascatur,
804 871 908 942 postea
937 861 1021 941 adag-

19 962 138 1028 geratam
156 951 232 1032 Nilo,
256 951 403 1030 siquidem
426 971 442 1011 a
461 951 557 1012 Pharo
577 951 681 1034 insula,
706 971 781 1032 quae
800 971 880 1012 uvvnc
899 951 1021 1012 Alexan·
1042 957 1078 1006 ‘to

19 1041 88 1102 driae
111 1049 202 1122 ponte
226 1043 374 1122 itmgitur,
403 1045 499 1104 noctis
523 1042 641 1121 dieique
665 1041 778 1102 velifico
807 1043 904 1120 navigi
932 1059 1023 1101 cursu

20 1141 120 1192 terram
150 1132 260 1191 afuisse
291 1129 429 1210 prodidit.
480 1151 548 1192 mox
578 1131 774 1192 aemulatione
807 1133 887 1191 circa
919 1130 1022 1191 biblio·

20 1220 109 1281 thecas
134 1239 241 1300 regum
264 1219 426 1281 Ptolemaei
450 1230 479 1281 et
502 1220 653 1301 Eumenia,
678 1224 882 1302 supprimente
906 1220 1023 1281 chartas

19 1310 177 1370 Ptolemaeo
200 1310 280 1370 idem
303 1309 412 1370 Varro
436 1310 624 1371 membranas
646 1311 783 1390 Pergami
805 1309 895 1371 tradit
922 1327 1023 1390 reper-

20 1409 61 1460 tas.
106 1408 211 1480 postea
232 1401 403 1480 promiscue
426 1403 557 1480 repatuit
584 1419 658 1461 usus
682 1402 726 1462 rei
750 1419 809 1480 qua
836 1407 954 1460 constat
979 1401 1022 1459 in·

18 1489 172 1550 mortalitas
195 1488 358 1550 hominum.

74 1573 147 1662 (22)
180 1577 328 1659 Papyrum
359 1598 430 1658 ergo
460 1582 593 1640 nascitur
623 1582 653 1639 in
689 1578 870 1658 palustribus
901 1578 1025 1657 Aegypti
1044 1583 1078 1632 tt

17 1678 58 1728 aut
84 1667 311 1748 quiescentibus
338 1668 396 1728 Nili
424 1671 522 1750 aquis,
557 1669 609 1730 ubi
637 1679 773 1748 evagatae
801 1676 938 1746 stagnant
965 1667 1024 1728 duo

18 1758 106 1818 cubita
125 1777 187 1819 non
206 1758 367 1819 excedente
387 1758 541 1820 altitudine
561 1759 720 1840 gurgitum,
739 1757 898 1818 bracchiali
917 1756 1025 1817 radicis

17 1847 144 1927 obliquae
165 1847 377 1928 crassitudine,
401 1847 556 1927 triangulis
574 1847 731 1929 lateribus,
755 1847 858 1908 decem
881 1865 941 1906 non
965 1865 1024 1906 am·

17 1937 85 2015 plius
118 1937 289 1998 cubitorum
326 1935 510 2016 longitudine
547 1940 579 1998 in
616 1936 811 2016 gracilitatem
846 1937 1025 2016 fastigatum,

17 2026 101 2106 thyrsi
120 2027 210 2087 modo
229 2045 372 2088 cacumen
391 2027 555 2108 includens,
574 2026 655 2087 nullo
675 2028 787 2087 semine
807 2034 858 2086 aut
879 2043 937 2086 usu
956 2027 1026 2085 ,eius

16 2115 63 2176 alio
91 2136 182 2196 quam
212 2116 294 2176 lloris
327 2117 363 2176 ad
394 2116 465 2176 deos
481 2115 686 2176 coronandos.
733 2115 882 2176 radicibus
910 2114 1025 2175 incolae
1044 2119 1080 2168 72

15 2225 61 2283 pro
83 2207 164 2286 ligno
193 2211 334 2286 utuntur,
361 2225 416 2265 nec
444 2208 520 2286 ignis
548 2214 664 2267 tantum
691 2208 798 2286 gratia,
826 2205 879 2266 sed
907 2204 942 2264 ad
971 2204 1026 2265 alia

16 2314 126 2375 quoque
146 2295 285 2357 utensilia
304 2313 451 2356 vasorum.
489 2315 525 2356 ex
549 2298 613 2376 ipso
633 2295 754 2375 quidem
776 2313 888 2375 papyro
912 2296 1026 2373 navigia

17 2393 112 2447 terunt
141 2393 174 2446 et
203 2404 220 2446 e
250 2383 325 2444 libro
356 2383 420 2444 vela
450 2392 637 2466 tegetesque,
668 2403 723 2445 nee
754 2403 814 2445 non
844 2392 875 2444 et
903 2392 1026 2465 vestem,

17 2477 97 2535 etiam
128 2474 261 2555 stragula
291 2493 324 2534 ac
354 2475 449 2534 lvrnes.
496 2474 641 2535 mandunt
671 2492 789 2552 quoque
820 2472 947 2533 crudum
976 2473 1025 2532 de·

17 2573 205 2644 coctumque,
241 2582 347 2624 sucum
380 2571 496 2624 tantum
528 2564 712 2624 devorantes.
767 2563 901 2622 nascitur
933 2568 963 2621 et
995 2563 1026 2621 in
1046 2565 1080 2613 73

17 2652 93 2731 Syria
113 2657 195 2714 eirca
213 2671 303 2731 quem
322 2653 463 2714 odoratus
486 2652 535 2713 ille
559 2652 689 2713 calamus
712 2651 818 2732 lacum,
841 2668 938 2728 neque
962 2649 1028 2710 aliis

16 2760 82 2803 usus
106 2751 154 2804 est
182 2761 270 2822 quam
298 2742 368 2803 inde
395 2742 518 2804 funibus
546 2760 600 2802 rex
623 2741 788 2820 Antigonus
815 2742 846 2800 in
875 2737 1033 2799 navalibus

16 2832 110 2914 rebuS,
129 2831 263 2894 nondum
282 2841 382 2911 sparto
402 2834 628 2892 communicato.
667 2848 762 2909 nuper
782 2839 812 2890 et
830 2831 861 2889 in
875 2827 1027 2906 Euphrate

17 2939 137 2982 nascens
156 2924 235 2982 eirca
253 2920 432 3000 Babylonem
454 2939 600 3002 papyrum
623 2919 808 2980 intellectum
831 2927 877 2978 est
900 2917 1028 2978 eundem

16 3053 225 3064 -ι--ι-ι--ι

81 3121 97 3168 3
115 3113 190 3168 cedis
205 3113 305 3166 wart
334 3112 424 3166 scedis
439 3109 476 3164 (1².
497 3109 608 3165 schedia
622 3109 795 3165 coddBarb.
869 3109 1029 3163 elaeonem

16 3201 57 3253 eye
75 3185 208 3240 iudicari.
237 3183 395 3254 appelletur
413 3182 589 3253 intellegitur
606 3187 638 3239 rt
666 3199 705 3236 an
722 3197 779 3250 qua
795 3197 870 3234 nune
883 3179 1029 3248 Aegyptus

16 3273 150 3325 papyrum
168 3256 269 3326 gignit,
288 3253 483 3326 intellegitm?
513 3259 517 3320 1
548 3253 736 3322 Sebennytico
755 3252 841 3310 Barla.
870 3249 1028 3304 nnat-11⁹.

17 3329 116 3381 -nniut-
138 3329 185 3382 1¹.
221 3329 343 3397 -entnyt-
365 3327 410 3380 12².
441 3327 565 3394 autnyt-
588 3326 633 3380 13¹.
665 3324 763 3378 minst-
786 3329 838 3376 Dd.
871 3321 981 3376 ·ntiust
1004 3340 1029 3375 a.

17 3399 111 3454 nnist
130 3400 358 3456 eddantcBarb,
468 3404 482 3452 'l
507 3399 537 3452 et
555 3397 625 3451 acite
643 3403 674 3452 R.
706 3398 764 3449 tae
782 3400 818 3449 rr.
847 3400 862 3448 e
881 3393 968 3448 altem
985 3393 1029 3447 Ν.

17 3474 66 3524 -ter
84 3471 130 3524 11¹².
156 3475 199 3526 est
213 3471 300 3525 altem
319 3475 364 3526 ed.
394 3469 494 3528 saltem
507 3486 531 3524 o.
549 3469 553 3538 Ι
570 3487 609 3523 cn
623 3471 653 3522 at
666 3465 784 3536 postea?
846 3471 895 3526 Ι12
914 3464 1032 3520 tradidit

17 3547 107 3596 Dato.
189 3550 221 3597 13
241 3542 365 3612 repatuit
381 3547 417 3596 Ι.
444 3543 505 3611 pat·
524 3557 568 3594 ro.
610 3536 616 3551 ⁸
652 3545 684 3593 15
703 3537 912 3609 palestricae.
997 3541 1029 3591 17

16 3614 117 3668 radicis
133 3619 209 3669 bide.
239 3632 297 3668 -ees
311 3633 334 3666 a,
365 3631 408 3667 -ee
422 3630 444 3669 r.
518 3617 551 3666 18
569 3610 706 3682 trianguli
717 3616 749 3666 R.
828 3616 861 3664 19
879 3606 1031 3679 longitudi-

16 3702 78 3738 nem
96 3686 127 3739 in
142 3691 175 3744 u.
249 3692 283 3740 22
304 3686 352 3740 sed
370 3687 399 3740 et
417 3685 474 3739 alia
492 3703 516 3737 a.
545 3683 593 3737 sed
612 3683 650 3736 ali
668 3688 704 3736 rt.
777 3680 1030 3750 25stragulam1t.
