2340 3934
240 163 325 219 unu.
343 163 435 220 Hier.
453 165 506 230 un
524 171 630 224 ao—ss
650 169 775 238 (ar-aa)
937 123 940 139 ι
970 168 1014 232 29

34 325 54 374 le
71 313 197 376 suadente
219 313 328 376 Roscio
351 313 503 378 theatralis
528 319 644 379 auctori
666 317 739 396 legis
762 319 940 397 ignoverunt
962 336 1014 379 no·

34 411 137 482 latasque
168 421 200 464 se
230 403 402 464 discrimine
436 403 514 466 sedis
546 423 641 485 aequo
674 409 771 468 animo
801 407 949 488 tulerunt,
984 415 1014 466 te

33 499 110 552 orante
128 494 366 574 proscriptorum
388 491 498 556 liberos
516 494 646 556 honores
668 503 772 576 petere
791 495 907 577 puduit,
929 503 1015 556 tuum

32 579 126 642 Catilina
144 583 219 661 fugit
235 583 398 665 ingenium,
420 589 453 644 tu
467 583 504 644 Μ.
519 584 680 645 Antonium
697 587 909 666 proscripsisti.
937 585 1014 646 salve

15 673 118 750 spalmus
143 673 276 734 omnium
297 690 407 752 parens
429 675 541 754 patriae
569 673 727 756 appellate,
756 677 871 754 primus
895 678 925 736 in
948 683 1016 754 toga

31 760 184 840 triumphum
212 759 390 841 linguaeque
418 761 550 824 lauream
577 765 697 846 merite,
727 771 757 824 et
784 764 937 826 facundiae
961 763 1015 823 La·

30 851 166 930 linumque
185 850 355 912 litterarum
368 869 476 931 parens
495 860 592 934 atque,
611 860 645 914 nt
659 852 785 914 dictator
800 851 907 914 Caesar
921 853 1016 913 hostis

30 939 148 1016 quondam
168 947 241 1002 tuus
264 941 301 1000 de
320 949 350 1002 te
373 943 502 1024 scripsit,
526 944 660 1004 omnium
678 942 898 1022 triumphorum
916 941 1017 1003 laurea

29 1030 105 1090 nator.
145 1038 256 1109 quanto
280 1029 348 1109 plus
376 1038 421 1091 est
443 1033 555 1110 ingenii
577 1031 702 1092 Romani
725 1034 869 1094 terminos
898 1033 929 1092 in
952 1039 1015 1094 tan-

15 1125 74 1178 atum
91 1121 269 1198 promovisse
285 1138 382 1198 ,quam
404 1121 531 1200 imperii.

77 1201 126 1271 31.
149 1207 285 1288 Reliquis
305 1211 395 1270 animi
412 1207 499 1270 bonis
516 1213 694 1290 praestitere
718 1217 834 1272 ceteros
853 1209 1006 1270 mortales:
1018 1220 1068 1271 118
1153 1219 1154 1222 ’

29 1299 142 1375 sapientia
165 1297 204 1358 ob
228 1297 258 1360 id
283 1297 360 1379 Cati,
390 1297 509 1360 Corcuh
532 1297 609 1378 apud
632 1299 780 1360 Romanos
809 1300 1017 1378 cognominati,

29 1385 85 1463 apud
108 1386 235 1448 Graecos
264 1387 403 1448 Socrates
430 1388 551 1449 oraculo
574 1388 717 1468 Apollinis
740 1388 838 1468 Pythii
865 1387 1015 1468 praelatus

29 1479 124 1538 cunctis.
161 1472 220 1540 32.
240 1469 314 1560 (32)
338 1495 444 1538 rursus
464 1477 605 1538 mortales
628 1477 817 1539 oraculorum
836 1479 1008 1538 societatem
1018 1487 1069 1538 119

15 1561 110 1626 adedere
132 1564 251 1628 Chiloni
273 1565 505 1628 Lacedaemonio
528 1575 688 1647 praecepta
715 1569 779 1629 eius
803 1566 924 1647 Delphis
947 1585 1016 1626 con-

29 1655 143 1716 secrando
161 1659 264 1718 aureis
282 1655 399 1738 litteris,
423 1675 498 1736 quiae
517 1665 588 1718 sunt
601 1657 687 1718 haec:
710 1675 816 1718 nosse
840 1675 876 1716 se
897 1675 1015 1735 quem-

30 1761 87 1823 que,
115 1754 147 1805 et
174 1745 269 1807 nihil
297 1747 444 1807 nimium
472 1755 619 1826 cupere,
652 1748 891 1824 comitemque
923 1747 1016 1805 aeris

29 1832 113 1894 alieni
134 1842 242 1914 atque
266 1834 344 1896 litis
367 1853 447 1896 esse
470 1837 661 1897 miseriam.
694 1837 767 1914 quin
786 1843 815 1895 et
834 1837 924 1896 funus
943 1837 1017 1914 eius,

29 1939 77 1980 lum
95 1925 203 1984 uictore
228 1923 288 1984 lilio
305 1923 455 2005 Olympiae
478 1927 658 2004 exspirasset
680 1924 796 2006 gaudio,
818 1931 880 1984 tota
895 1923 1018 1984 Graecia

16 2020 157 2088 prosecuta
179 2022 237 2077 est.

77 2096 128 2165 33.
150 2095 227 2187 (33)
258 2101 401 2164 Divinitas
420 2110 450 2164 et
469 2103 612 2182 quaedam
632 2103 770 2164 caelitum
789 2105 915 2164 societas
934 2101 1016 2164 nobi·

29 2185 113 2252 lssima
134 2211 171 2253 ex
193 2193 314 2254 feminis
337 2195 369 2252 in
393 2191 501 2272 Sibylla
523 2193 595 2274 luit,
628 2211 664 2254 cx
687 2193 758 2254 viris
780 2195 813 2254 in
834 2191 1017 2272 Melampode

30 2280 85 2356 apud
105 2281 247 2364 Graecos,
271 2282 349 2362 apud
371 2279 519 2342 Romanos
542 2284 574 2342 in
596 2281 714 2344 Marcio.

78 2364 128 2434 34.
148 2365 224 2454 (34)
252 2369 304 2432 Vir
327 2373 456 2450 optimus
478 2371 569 2432 semel
593 2371 747 2434 aeondito
771 2389 842 2433 aeuo
861 2370 1008 2434 iudicatus
1019 2378 1070 2428 120

17 2466 62 2516 lest
81 2459 171 2540 Scipio
194 2461 302 2522 Nasica
330 2463 465 2521 eiurato
490 2469 609 2542 senatu,
640 2461 720 2522 idem
746 2463 777 2522 iu
800 2468 868 2540 toga
896 2460 1018 2523 candida
1097 2468 1099 2472 ’

31 2541 62 2606 his
79 2550 190 2629 repudsa
212 2557 334 2611 notatus
358 2569 374 2610 a
391 2549 509 2630 popudo.
541 2552 573 2612 in
596 2569 711 2611 summa
729 2552 758 2612 ei
779 2551 810 2609 in
828 2551 924 2629 patria
942 2551 1018 2610 mori

32 2651 73 2695 non
91 2637 177 2720 licuit,
200 2659 263 2700 non
285 2639 413 2700 Hercule
436 2641 529 2720 magis
553 2658 641 2718 quam
664 2645 748 2700 extra
769 2637 886 2700 uincula
908 2636 951 2698 illi
974 2656 1017 2698 sa-

33 2725 188 2802 pientissimo
213 2728 250 2790 ab
274 2727 408 2808 Apolline
430 2729 560 2790 iudicato
585 2728 708 2789 Socrati.

80 2811 130 2880 33.
153 2811 228 2902 (35)
266 2817 462 2878 Pudicissima
482 2819 592 2880 femina
615 2817 707 2880 semel
729 2823 932 2877 matronarum
952 2833 1018 2876 sen·

16 2907 102 2964 olentia
117 2905 244 2968 iudicata
264 2915 310 2968 est
324 2905 453 2986 Sulpicia
467 2907 616 2968 Patercuh
635 2907 702 2987 filia,
725 2924 801 2968 uxor
815 2903 899 2965 Fulvi
913 2903 1020 2986 Flacci,

35 2990 103 3054 electa
127 3013 161 3055 ex
184 3005 307 3057 centum
328 2999 495 3077 praeceptis
519 3015 594 3075 quae
622 2995 814 3056 simulacrum
837 2993 960 3055 Veneris
984 3013 1021 3054 er

36 3077 155 3160 Sibyllinis
183 3085 270 3146 libris
300 3085 463 3166 dedicaret,
494 3087 604 3146 iterum
633 3084 785 3165 religionis
815 3086 1019 3162 experimento

37 3165 128 3232 Claudia
148 3175 270 3236 inducta
292 3175 414 3236 Romam
438 3173 528 3234 deum
550 3182 653 3234 matre.

84 3255 133 3325 33.
156 3258 231 3347 (36)
270 3264 392 3326 Pietatis
416 3264 550 3344 exempla
571 3264 686 3324 infinita
708 3263 829 3342 quidem
852 3270 914 3322 toto
938 3260 1010 3320 orbe
1022 3268 1071 3317 121
1153 3297 1154 3344 3

39 3413 220 3433 ᾖὴ.-

90 3529 192 3582 lseB.
221 3543 271 3584 om.
290 3545 314 3582 r.
344 3527 348 3596 Ι
377 3525 537 3582 discrimine
556 3541 606 3580 om.
626 3529 675 3578 dr.
705 3525 709 3594 Ι
739 3522 818 3578 sedes
838 3525 885 3576 du.
915 3522 920 3590 Ι
949 3522 977 3574 ie
995 3537 1019 3602 p.

41 3592 93 3649 llll.
163 3599 286 3656 emaior
304 3597 366 3654 sill.
394 3615 454 3654 ore
471 3597 563 3652 Mhi.
592 3613 651 3652 rec
670 3603 700 3649 ll.
729 3611 800 3650 rem
817 3611 841 3650 r.
914 3597 947 3646 15
966 3594 1022 3647 trae

43 3662 130 3723 ²²llolr.
155 3685 244 3728 eamr.
302 3667 624 3726 eradicatorem.
679 3673 713 3722 26
733 3683 783 3722 sua
800 3665 844 3718 2².
871 3681 980 3720 summa
997 3680 1020 3718 r.
