2308 3936
164 202 201 264 to
525 213 555 261 c.
573 213 671 261 curru
689 212 840 260 00000000

162 372 240 432 05001.
275 367 490 454 (6510000010,
523 369 573 429 51.
599 387 769 432 cancrorum
796 387 926 450 genera,
958 368 994 430 de
1016 370 1138 450 pinotere,

163 455 199 515 de
217 453 343 528 echinis,
367 453 403 513 de
427 452 556 529 cocleis,
579 454 615 514 de
634 456 814 533 pectinibus,
848 454 898 515 52.
916 453 1081 533 concharum
1099 474 1137 529 ge·

161 531 900 705 006011100606060000000
921 540 980 680 ⁸¹35
1006 536 1138 700 610131

162 707 350 767 inveniantur.
379 704 429 764 56.
443 701 518 784 quae
532 723 642 782 genera
656 708 799 768 unionum.
826 707 876 768 57.
894 722 969 786 quae
981 705 1139 764 observanda

161 792 190 850 in
214 789 268 852 his.
302 807 376 868 quae
404 797 502 848 natura
530 805 639 850 eorum.
671 789 721 851 58.
748 809 833 850 errem
856 790 884 850 10
911 791 990 849 01000
1016 805 1073 848 500.
1101 789 1137 848 59.

163 874 277 954 quando
293 874 415 951 primum
437 873 466 931 in
481 892 562 934 usum
579 876 713 934 venerint
728 809 871 960 1100005)
904 873 1058 952 (60-64)
1072 871 1139 932 hlutri·

163 977 226 1019 cum
248 965 368 1018 naturae
400 950 461 1043 (de
490 960 635 1036 purpuris.
672 959 722 1020 61.
749 976 824 1039 quae
852 959 985 1018 nationes
1007 974 1147 1036 purpurae,

162 1041 211 1104 62.
229 1041 376 1122 quomodo
393 1059 432 1101 ex
446 1040 491 1100 his
508 1041 593 1102 lanae
609 1044 782 1120 tinguantur.
817 1041 867 1104 63.
887 1041 1002 1121 quando
1018 1047 1147 1124 purpurari

161 1145 230 1186 usus
253 1124 380 1200 Romae,
404 1125 518 1204 quaudo
540 1126 591 1192 lati
612 1125 687 1186 clavi
704 1137 733 1186 et
754 1136 936 1206 praetextae.
971 1124 1021 1186 64.
1039 1125 1072 1184 60
1087 1125 1147 1192 con-l

163 1210 295 1286 chyliatis
310 1209 450 1269 restibus.
470 1208 520 1270 65.
534 1211 571 1270 de
590 1211 752 1287 amethysto
768 1211 937 1289 tinguendo,
954 1209 992 1270 65
1010 1208 1100 1284 Tyrio,
1113 1209 1139 1266 de

161 1294 302 1372 hysgino,
328 1294 364 1353 dc
381 1287 507 1380 cocco).
540 1293 613 1374 (66)
635 1294 680 1354 De
703 1297 770 1374 pina
794 1303 823 1355 50
847 1296 992 1376 pinotere.
1023 1293 1089 1373 (67)
1107 1291 1140 1350 60

162 1397 250 1439 sensu
265 1377 440 1457 aquatilium.
473 1379 609 1455 torpedo,
628 1380 787 1459 pastinaca,
807 1378 1039 1458 scolopendrae,
1055 1377 1140 1454 glanis.

162 1462 198 1522 de
223 1463 314 1522 ariete
338 1461 431 1539 pisce.
463 1459 536 1540 (68)
553 1460 598 1522 65
620 1461 666 1523 1010
689 1481 764 1542 quae
785 1465 898 1524 tertiam
913 1470 1041 1523 naturam
1055 1461 1141 1522 habent

161 1545 323 1606 animalium
342 1553 371 1604 50
386 1544 529 1606 1000010000.
553 1546 590 1606 65
606 1547 723 1624 0001010,
756 1546 828 1626 (69)
845 1548 882 1610 65
905 1548 1055 1626 spongeis.
1082 1562 1139 1624 quae

161 1647 271 1708 genera
293 1647 391 1690 earum
416 1637 445 1688 et
465 1627 515 1688 ubi
530 1639 692 1690 nascantur.
725 1630 829 1692 animal
853 1649 919 1692 esse
937 1649 998 1691 eas.
1030 1630 1095 1709 (76)
1108 1627 1141 1685 60

162 1712 311 1774 000100110.
343 1713 415 1793 (71)
434 1711 478 1772 65
500 1712 545 1772 his
567 1731 641 1794 quae
665 1713 767 1774 silicea
789 1723 864 1776 testa
887 1714 1046 1784 cluduntur.
1078 1713 1141 1786 Quae

162 1801 224 1859 sine
249 1815 335 1858 sensu
359 1797 420 1858 ullo
445 1797 474 1855 im
501 1798 581 1858 mari.
612 1797 658 1858 De
684 1798 806 1878 reliquis
829 1799 955 1860 sordium
984 1797 1140 1858 animalibus.

162 1882 234 1961 (72)
251 1882 297 1943 65
318 1883 470 1940 venenatis
490 1883 616 1942 marinis.
650 1881 722 1963 (73)
745 1882 790 1943 65
814 1882 924 1942 morbis
944 1883 1073 1961 piscium.
1100 1879 1140 1958 (71

160 1967 260 2046 -77)
277 1965 322 2025 65
338 1967 530 2043 generatione
547 1981 647 2026 eorum
665 1959 757 2051 (mira
778 1969 1008 2044 generationum.
1040 1966 1085 2028 75.
1105 1961 1140 2040 qoi

161 2052 235 2109 intra
252 2067 285 2108 se
308 2056 337 2108 ct
352 2065 408 2108 ova
424 2050 534 2127 pariant
551 2058 582 2108 50
598 2050 711 2110 animal.
742 2049 792 2112 76.
810 2069 931 2131 quorum
946 2052 975 2112 in
991 2059 1071 2130 partu
1084 2064 1141 2107 rum·

160 2141 245 2210 patur
259 2139 379 2208 venter,
397 2131 464 2192 dein
480 2141 575 2192 00500.
603 2133 654 2192 77.
671 2135 719 2214 qui
734 2133 837 2196 volvas
848 2133 985 2210 habeant,
1003 2135 1050 2215 qui
1061 2132 1109 2212 ipsi
1119 2147 1142 2186 so

155 2211 285 2305 ineant).
322 2212 395 2297 (78)
413 2212 495 2289 Quae
515 2215 686 2296 longissima
701 2221 759 2280 vita
774 2219 907 2298 piscium.
938 2218 1006 2298 (79.
1024 2218 1078 2298 80)
1097 2219 1146 2298 puis

155 2303 265 2382 primus
290 2301 401 2362 riveria
430 2302 552 2380 piscium
576 2305 746 2364 instituerit.
791 2303 828 2364 65
851 2305 969 2366 0000510.
1009 2303 1078 2385 (81)
1098 2304 1146 2381 0010

154 2403 337 2448 murenarum
357 2386 469 2447 vivaria
490 2388 660 2448 instituerit.
696 2385 769 2468 (82)
790 2389 855 2468 quis
873 2390 982 2467 primus
1004 2389 1126 2452 coclearu

107 2531 110 2540 ,
154 2472 266 2532 vivaria
280 2471 449 2532 instituerit.
483 2468 556 2551 (83)
572 2470 673 2533 Pisces
690 2473 812 2535 terreni.
845 2469 918 2553 (84)
932 2471 977 2536 60
994 2473 1114 2535 muribus
1127 2473 1148 2552 ip

154 2553 231 2616 Nilo.
275 2553 347 2636 (85)
376 2551 529 2627 Quomodo
557 2559 706 2636 capiantur
732 2555 846 2618 anthiae
868 2559 978 2636 pisces.
1023 2555 1091 2638 (86)
1114 2555 1148 2632 llo

155 2639 251 2702 stellis
266 2640 393 2701 marinis.
427 2636 501 2720 (87)
514 2639 559 2701 65
576 2641 756 2719 dactylorum
771 2642 928 2705 miracolis.
963 2641 1037 2723 (88)
1053 2641 1148 2714 65101(

153 2726 271 2786 amicitiis
291 2727 370 2786 inter
388 2743 422 2785 05
438 2725 604 2804 aquatilium
622 2735 652 2787 50
669 2727 813 2788 amicitiis.
855 2726 985 2790 Summa:
1010 2748 1059 2790 res
1077 2735 1103 2788 50
1118 2725 1148 2784 bi-

155 2813 265 2874 storias
281 2818 312 2870 ot
326 2809 552 2871 observationes
568 2809 652 2871 DGb.

216 2892 262 2955 Ex
288 2893 474 2954 auctoribus:
505 2893 648 2956 Turranio
672 2895 804 2974 Gracile,
835 2896 953 2975 Trogo,
983 2896 1148 2968 Maecenate,

154 2979 230 3040 Albo
245 2977 349 3055 Flavo,
364 2975 505 3040 60005110
518 2977 647 3060 Nepote,
659 2979 784 3042 Laberio
797 2982 1010 3062 mimographo,
1026 2981 1148 3052 Fabiano,

154 3063 341 3141 Fenestella,
361 3061 513 3141 blociano,
536 3063 625 3124 Aelio
642 3065 773 3143 Stilone,
797 3066 932 3144 Seboso,
957 3066 1088 3140 61511000,
1108 3063 1148 3122 Se·

155 3167 244 3227 neca,
268 3145 432 3226 61050005,
457 3147 556 3209 610000
575 3148 718 3228 Aemilio,
742 3149 869 3212 Messala
888 3150 1028 3229 Corvino,
1055 3148 1148 3210 Trebio

154 3232 260 3313 Nigro,
274 3231 403 3311 Nigidio.
434 3231 589 3294 Externis:
613 3233 796 3312 Aristotele,
812 3234 961 3297 Archelao
976 3255 1059 3314 rege,
1078 3231 1148 3294 60111-

153 3318 273 3396 macho,
300 3315 488 3395 Democrito,
512 3315 735 3398 Theophrasto,
758 3318 930 3398 Thrasyllo,
957 3319 1148 3400 Hegesidemo,

155 3401 281 3480 Sudime,
301 3400 471 3462 Alexandro
486 3402 683 3481 polyhistore.

217 3485 307 3548 Libro
322 3483 360 3546 Χ.
383 3487 569 3549 continentur
585 3488 734 3550 volucrum
750 3499 881 3552 naturae.
913 3489 965 3571 (1)
979 3489 1023 3552 60
1038 3485 1148 3552 strutho·
