2302 3938
115 215 176 280 128
423 203 425 208 ’
456 229 603 278 c.rc1s1
626 228 775 278 suonam

115 385 242 463 denses,¹
256 383 483 463 Cessorienscs,
505 383 591 445 Teari
614 384 663 463 qui
684 383 844 461 Iulienses,
867 382 1108 461 stipendiariorum

71 479 106 529 24
117 470 365 549 Aquicaldenses,
381 469 591 540 Aesonenses,
612 467 858 530 Baeculonenaes.
895 465 939 534 [a]
963 464 1110 526 Caesarau-

113 564 201 632 gusta
222 555 337 615 colonia
351 555 473 614 inmanis
490 571 571 614 amne
588 551 696 609 Hibero
709 549 808 610 adfusa
823 550 872 611 ubi
884 551 1020 630 oppidum
1033 559 1109 610 antea

115 639 273 700 vocabatur
284 638 420 716 Salduba,
432 639 564 717 regionis
573 635 744 713 Edetaniae,
757 638 862 714 recipit
874 633 1067 716 populcsLV,
1079 654 1111 696 er

114 723 160 784 bis
171 725 278 785 civium
291 724 485 784 Romanorum
502 721 684 799 Beblitanos,
699 718 860 782 celsenses
875 719 1051 798 encolcuia,
1066 718 1128 786 Cas

114 807 310 886 lagurritanos
322 825 370 886 qur
363 805 480 867 Nasici
496 807 747 884 cognominantur,
759 803 928 866 ilerdenses
940 803 1112 864 Surdaonum

114 895 213 971 gentis
228 894 308 952 iunta
327 909 401 971 quos
419 890 529 951 Sicoris
546 889 660 968 fluvius,
677 889 826 950 Oscenses
840 889 972 967 regionis
986 887 1115 950 Vesseta-

114 979 190 1054 niae,
203 977 445 1037 Turiasonenses.
463 974 628 1035 Latinorum
642 982 776 1036 veterum
789 970 1016 1052 Cascantenses,
1030 971 1112 1051 Erga·

114 1057 970 1138 vicenses,llraeeuritanos,Leonicenscs,Ossigerdcuscs.
986 1057 1113 1118 foedera

114 1153 161 1205 tos
173 1144 383 1223 Tarragenses.
403 1143 607 1224 stipendiarios
619 1143 869 1222 Arcobrigenses,
881 1141 1137 1219 Andelonenses,1o

114 1228 330 1308 Aracelitanos,
346 1228 578 1306 Bursaonenses,
597 1225 835 1306 Calagurritanos
850 1228 897 1306 qui
909 1225 1112 1288 Fibularenses

114 1317 365 1393 cognominantur,
385 1311 612 1392 Conplutenses,
633 1309 791 1390 Carenses,
810 1309 998 1390 Cincienses,
1017 1308 1113 1371 Corto-

115 1417 238 1477 nenses,
254 1399 475 1475 Damanitanos,
491 1396 689 1475 ispallenses,
709 1395 876 1458 llurscnses
885 1393 1113 1474 ,llubcritanoa

72 1489 105 1541 25
116 1481 289 1582 Lacetanos,
300 1481 465 1559 Libienscs,
476 1480 739 1559 Pompelonenses,
752 1481 924 1557 sagienses.
939 1478 988 1546 [A]
1003 1478 1114 1542 Cartba-

114 1569 211 1644 ginem
225 1567 402 1627 conveniunt
417 1567 519 1646 populi
534 1563 614 1626 LXV
630 1567 764 1644 exceptis
776 1565 931 1626 insularum
946 1564 1063 1628 ineolis.
1082 1577 1141 1640 cna

114 1653 228 1712 colonia
243 1652 382 1712 Accitana
397 1649 600 1712 Gemellenses
613 1659 643 1710 et
654 1649 827 1711 bibisoecna
842 1651 1019 1728 cognomine
1031 1648 1141 1710 Foro·
1140 1689 1141 1696 ι

114 1745 284 1835 augustana,
300 1736 403 1815 quibus
420 1735 553 1796 duabus
544 1754 589 1795 rus
605 1734 708 1796 ltaliae
724 1734 834 1813 datum,
851 1753 890 1796 ex
910 1734 1029 1795 colonia
1044 1733 1116 1794 Sala·

116 1823 213 1883 riense
228 1821 362 1901 oppidani
375 1820 438 1881 bati
451 1821 563 1881 veteris
576 1818 806 1880 Castulonenses
818 1837 866 1899 qur
860 1817 1116 1887 Caesarivenales

112 1907 306 1985 appellantur,
314 1905 492 1967 saetabitani
505 1906 552 1984 qui
560 1903 735 1983 Augustani,
744 1903 943 1965 Valerienses.
963 1903 1116 1984 stipendia·

113 1993 222 2056 riorum
237 2000 332 2050 autem
350 1989 537 2050 celeberrimi
549 1988 764 2068 Alabanenses,
782 1988 937 2066 Bastitani,
955 1985 1140 2050 causabar-a

113 2093 228 2152 renees,
244 2073 418 2150 Dianenses,
435 2071 617 2152 Egelestani,
633 2073 794 2151 lloreitani,
810 2072 989 2151 laminitani,
1010 2073 1116 2134 liente-

114 2161 175 2218 sani
194 2160 241 2236 qui
261 2165 292 2218 et
307 2156 436 2234 Oritani,
451 2155 613 2219 Mentesani
630 2159 677 2238 qui
699 2167 729 2219 et
744 2157 870 2237 Bastuli,
885 2157 1006 2218 Oretani
1026 2160 1074 2238 qui
1091 2166 1117 2218 et

113 2242 246 2303 Germani
261 2243 510 2319 cognominantur,
522 2251 667 2322 caputque
676 2241 855 2304 Celtiberiae
867 2241 1116 2321 Segobrigenses,

113 2324 304 2406 Carpetaniae
325 2325 459 2388 Toletani
474 2325 556 2405 Tago
572 2328 679 2388 llumini
701 2329 839 2408 inpositi,
861 2327 929 2389 dein
948 2327 1116 2389 Viatienscs

70 2418 103 2468 26
114 2419 143 2472 ct
155 2411 361 2488 Virgilienses.
387 2408 431 2480 [a]
447 2411 480 2472 ln
492 2410 678 2473 Cluniensem
690 2421 864 2474 conventum
877 2411 999 2474 Varduli
1014 2413 1140 2474 ducuntal

112 2496 236 2576 populos
248 2495 343 2576 Xllll,
356 2515 394 2558 en
405 2497 509 2597 quibus
520 2496 724 2559 Alabanenses
737 2506 843 2558 tantum
854 2499 1005 2560 nominare
1019 2481 1140 2573 libeat,

112 2581 279 2660 Turmogidi
302 2540 455 2660 qdattuor,
478 2581 632 2660 inquibus
655 2580 918 2660 Segisamonenses
943 2591 974 2644 et
999 2582 1116 2661 Segisa·

109 2665 347 2728 maiuliensea.
338 2685 367 2726 ιιι
391 2665 513 2726 eundem
533 2673 708 2727 conventum
732 2663 865 2728 Carietes
890 2675 920 2729 et
939 2665 1116 2729 Vennenses

109 2750 796 2915 titillatttiltttlttaliliati,
810 2751 1139 2916 liltttntltl,

109 2919 194 2979 luere
219 2919 306 2994 clari,
328 2921 403 2980 sicut
423 2921 453 2979 in
477 2918 674 2980 vaccaeorum
695 2919 780 2982 XVll
801 2923 966 2984 civitatibus
989 2921 1116 2984 interca·

66 3004 239 3080 atrienses,
266 2963 421 3082 Pdlantini,
437 3002 689 3084 Lacobrigenses,
705 3003 881 3068 Capsenses.
918 3009 1030 3069 namin
1047 3007 1139 3069 Can

108 3087 290 3148 tabricisVll
302 3087 418 3166 populis
429 3087 591 3166 iuliobriga
604 3087 668 3149 sola
681 3093 888 3170 memoratur,
879 3111 909 3152 ιιι
920 3091 1139 3172 Autrigonum
1138 3077 1139 3162 l

108 3173 210 3232 decem
229 3173 394 3232 civitatibus
418 3171 538 3232 Tritium
568 3181 599 3233 et
620 3172 791 3238 Virovesca.
844 3177 986 3240 Arevacis
1009 3197 1116 3240 nomen

108 3257 188 3318 dedit
203 3255 306 3317 fluvius
322 3255 428 3318 Areva.
462 3255 565 3318 borum
580 3277 635 3321 sex
651 3261 773 3340 oppida,
790 3260 928 3324 Secontia
946 3271 977 3324 et
991 3169 1139 3398 Uxamad

107 3359 182 3420 quac
197 3341 312 3402 nomina
326 3341 431 3402 crebro
454 3342 541 3402 aliis'
533 3362 563 3403 ιιι
586 3343 660 3405 locis
677 3355 870 3426 usurpantur,
888 3355 1046 3428 praeterea
1065 3351 1103 3409 Se

107 3427 196 3502 govia
213 3435 243 3486 et
260 3425 343 3487 Nova
362 3426 511 3506 Augusta,
533 3427 653 3490 Termes
674 3430 797 3510 ipsaque
816 3429 918 3494 Clunia
933 3430 1114 3495 Celtiberiae

108 3509 181 3571 finis
225 3511 261 3572 ad
276 3529 415 3574 oceanum
437 3512 550 3592 reliqua
564 3524 690 3593 vergunt
704 3515 883 3598 vardulique
901 3537 940 3580 ex
954 3519 1138 3610 praedictis
