2408 3934
153 199 215 266 162
497 215 528 266 e.
551 215 647 264 annun
670 214 820 264 securam

150 370 285 452 poenalis
310 387 399 451 aquas
426 370 556 451 dirisque
584 373 700 449 genitas
720 371 871 450 argenteis
893 371 955 431 suis
978 371 1085 450 misceri
1104 389 1142 432 re·

151 475 265 518 cusans.

98 549 133 600 32
214 540 242 603 9.
260 538 342 620 (16.)
368 540 543 601 Thessaliae
555 541 666 602 adnexa
680 539 831 620 Magnesia
849 548 914 616 est,
940 540 1023 600 cuins
1037 540 1095 600 lons
1108 539 1143 600 Li-

150 625 269 703 hethra,
286 625 392 704 oppida
410 623 526 702 lolcus,
543 623 724 702 Ormenium,
741 625 860 702 Pyrrha,
880 623 1032 701 Methone,
1047 623 1143 701 Olizon,

150 713 377 790 promunturium
394 709 513 788 Sepias,
532 710 638 788 oppida
655 707 794 786 Castana,
812 709 982 790 Spalathra,
999 717 1164 788 pronunti-⁵

150 797 223 856 rium
238 794 409 870 Aeantium,
427 793 534 873 oppida
548 791 714 870 Meliboea,
737 793 865 871 Rhizus,
881 793 1041 872 Erymnae,
1055 795 1145 854 ostium

77 938 78 942 ,
150 878 244 957 Penii,
261 877 368 958 oppida
382 877 556 956 Homolium,
574 877 676 955 Orthe,
692 877 816 954 lresiae,
830 877 963 954 Pelinna,
979 877 1146 954 Thaumacis,

151 962 279 1040 Gyrton,
300 960 451 1041 Crannon,
473 962 626 1040 Acharne,
648 959 774 1040 Dotion,
789 961 910 1041 lllelite,
931 962 1072 1040 Phylace,
1091 961 1147 1022 Pot

150 1050 224 1108 niae.
254 1046 352 1126 Epiri,
368 1047 514 1124 Achaiae,
530 1047 666 1124 Atticae,
690 1046 860 1108 Thessaliae
875 1049 905 1108 in
921 1054 1084 1126 porrectum
1096 1047 1147 1107 lon·

150 1131 251 1210 gitudo
268 1129 504 1193 cccclxxxx
519 1131 625 1192 milium
648 1149 725 1211 pass.
759 1133 897 1210 traditur,
919 1130 1041 1192 latitudo
1057 1128 1172 1192 cotun

149 1217 266 1278 milium.

99 1310 132 1364 33
214 1300 263 1364 10.
286 1297 369 1380 (tt.)
392 1301 562 1363 llacedonia
579 1308 684 1380 postea
703 1299 749 1362 GL
769 1299 960 1381 populorum,
985 1300 1095 1362 duobus
1114 1302 1150 1361 in·

150 1387 226 1448 eluta
242 1387 363 1465 regibus
385 1386 586 1466 quondamque
606 1395 748 1446 terrarum
763 1387 904 1466 imperio,
925 1383 1055 1446 Emathia
1076 1395 1151 1446 antea

150 1471 236 1532 dicta.
267 1471 346 1532 llaec
361 1471 397 1532 ad
415 1469 581 1549 Epiroticas
599 1479 705 1548 gentes
722 1473 752 1531 in
773 1469 847 1531 solis
863 1485 998 1531 occasum
1019 1470 1152 1531 recedens

80 1575 82 1578 ·
150 1563 218 1634 post
233 1563 318 1634 terga
332 1555 501 1633 Magnesiae
518 1563 605 1634 atque
624 1553 792 1624 Thessaliae
810 1556 964 1616 infestatur
979 1573 996 1614 a
1011 1553 1152 1615 Dardanis.
1164 1569 1176 1608 u

150 1648 262 1719 partem
278 1643 341 1701 eius
358 1639 620 1718 septentrionalem
636 1638 763 1700 Paeonia
778 1658 811 1700 ac
826 1637 988 1717 Pelagonia
1004 1649 1154 1718 protegunt

150 1743 167 1786 a
183 1724 329 1786 Triballis.
362 1721 475 1804 Oppida
495 1723 626 1802 hegiae,
649 1725 678 1784 iu
696 1739 753 1803 quo
770 1721 892 1802 sepeliri
908 1741 972 1784 mos
988 1742 1095 1801 reges,
1108 1723 1156 1782 ue

150 1827 239 1888 noea,
261 1817 291 1871 et
307 1811 336 1870 in
353 1810 480 1888 regione
503 1825 577 1888 quae
592 1807 688 1870 Pie'ria
709 1808 873 1888 appellatur
897 1826 913 1868 a
935 1823 1058 1869 nemore
1074 1807 1157 1885 Aegi·

98 1901 132 1954 34
148 1896 233 1956 nium.
257 1895 287 1954 in
304 1912 355 1955 ora
371 1893 524 1970 Heraclea,
540 1893 646 1954 llumen
662 1892 775 1972 Apilas,
795 1892 901 1972 oppida
914 1891 1027 1969 Pydna,
1044 1891 1157 1968 Oleros,

150 1973 238 2039 amriis
255 1977 431 2038 llaliaomon
454 1979 531 2037 intus
547 1976 691 2055 Aloritae,
707 1976 838 2053 Vallaei,
853 1976 1021 2054 Phylucasi,
1038 1972 1158 2054 Cyrrhe·
1168 1993 1182 2028 r

150 2071 225 2140 stae,
238 2061 399 2138 Tyrissaei,
414 2060 496 2122 Pella
507 2061 634 2139 colonia,
649 2061 786 2140 oppidum
797 2061 881 2121 Stobi
898 2063 1004 2122 civium
1019 2058 1160 2122 Romano·

150 2165 219 2207 rum.
241 2164 309 2206 mox
326 2148 507 2224 Antigonea,
522 2143 659 2225 Europus
680 2146 715 2206 ad
730 2145 836 2206 Axium
854 2163 982 2223 amnem,
1000 2146 1161 2225 eodemque

149 2232 264 2291 nomine
277 2249 331 2310 per
343 2230 421 2309 quod
431 2227 581 2292 Rhoedias
593 2232 665 2309 iluit,
678 2229 799 2308 Scydra,
811 2225 957 2308 Eordaea,
971 2229 1083 2308 Mieza,
1095 2229 1162 2290 Gor·

97 2325 130 2377 35
149 2315 261 2390 daniae.
282 2317 390 2376 moxin
406 2333 457 2376 ora
469 2314 585 2394 lehnae,
598 2315 702 2376 fluvius
715 2314 818 2376 Axius.
842 2313 889 2375 Ad
901 2316 976 2376 huno
987 2316 1078 2376 linem
1096 2314 1162 2375 Dar·

149 2399 225 2475 dani,
238 2398 358 2477 Treres,
378 2399 481 2460 Pieres
492 2398 691 2477 llaoedoniam
704 2399 848 2460 adcolunt.
871 2400 907 2461 ab
919 2399 977 2460 hoc
990 2399 1079 2460 amne
1097 2399 1188 2460 aea-1

149 2485 234 2544 oniae
249 2493 355 2562 gentes
371 2483 521 2562 Paroraei,
537 2481 719 2562 Eordeuses,
735 2483 864 2564 Almopi,
882 2483 1067 2562 Pelagones,
1088 2483 1165 2560 Plyg-

147 2567 248 2630 dones.
268 2577 383 2629 montes
396 2565 551 2647 Rhodope,
570 2568 705 2646 Scopius,
724 2567 859 2630 Orbelus.
882 2569 950 2630 dein
962 2571 1165 2648 praeiacente.

146 2653 259 2730 gremio
277 2661 419 2714 terrarum
434 2651 596 2730 Arethusii,
611 2651 851 2731 Antioohienses,
867 2651 1100 2729 ldomenenses,
1112 2653 1166 2712 Do·

146 2737 222 2815 heri,
235 2737 438 2812 Aestrienses,
451 2737 651 2814 Allantenses,
663 2737 902 2815 Audaristenses,
911 2737 1044 2815 Morylli,
1060 2737 1166 2799 Garrc·

146 2823 200 2898 sei,
214 2821 388 2899 Lyncestae,
404 2820 565 2900 Othryonei
586 2830 616 2882 et
639 2819 725 2882 liheri
743 2821 889 2882 Amantini
908 2831 998 2903 atque
1025 2822 1167 2883 Orestae.

146 2905 473 2968 coloniaeiiullidenses
486 2905 869 2984 etDienses,Xylopolitae,
878 2907 1053 2968 Scotussaei
1068 2907 1168 2974 liberi,

94 3003 129 3056 30
146 2989 289 3052 lleraclea
304 2990 429 3068 Sintica,
449 2987 624 3068 Tymphaei,
643 2989 799 3050 Toronaei.
829 2990 862 3051 ln
879 3009 930 3052 ora
947 2993 1052 3052 sinuus
1072 2989 1169 3051 llaec·

127 3075 249 3136 ,donica
265 3075 402 3154 oppidum
421 3073 569 3135 Chalastra
590 3083 620 3135 et
634 3075 713 3135 intus
732 3073 874 3152 Pyloros,
890 3075 983 3152 Lete,
1004 3073 1170 3153 medioque

146 3159 339 3220 litorisllexu
350 3158 560 3220 Thessalonice
580 3158 693 3220 liberae
708 3159 889 3220 condicionis
906 3159 957 3236 (ad
969 3159 1049 3220 hanc
1067 3179 1088 3220 a
1100 3159 1171 3218 Dur·

145 3243 245 3304 rachio
262 3241 391 3304 ccxiv
407 3245 485 3304 milia
503 3246 664 3325 passuum),
686 3243 828 3324 Therme,
854 3244 883 3304 in
904 3239 1088 3306 Thermaico
1110 3245 1172 3303 sinu

147 3327 253 3407 oppida
278 3328 402 3406 Dicaea,
429 3328 633 3406 Palinandrea,
661 3328 785 3406 Scione,
812 3327 1046 3410 promunturium
1078 3327 1172 3389 Gana-

147 3421 291 3490 straeum,
315 3413 421 3491 oppida
439 3413 574 3490 Pallene,
598 3411 732 3490 Phlegra.
778 3410 842 3484 Qua
857 3414 887 3473 in
902 3415 1029 3490 regione
1049 3422 1172 3473 montes

144 3495 337 3578 Hypsizorus,
350 3495 473 3580 Epytus,
485 3499 605 3578 Aigion,
614 3496 804 3576 Elaeuomne,
813 3497 919 3578 oppida
930 3495 1066 3576 Nyssos,
1081 3497 1176 3572 Phry·
