2340 3934
147 147 190 211 56
494 141 524 196 c.
542 137 642 195 rnnn
662 136 820 192 succum

110 305 127 354 s
147 295 317 357 saltantium
339 291 436 353 modo.
464 289 584 368 vulgare
608 297 672 350 erat
690 305 745 366 per
769 301 856 347 auras
879 303 961 346 arma
982 285 1081 344 iacere
1101 301 1152 343 non

147 383 352 446 auferentibus
375 383 471 442 ventis
494 386 583 458 atque
610 381 690 438 inter
713 395 746 436 se
770 375 959 456 gladiatorios
985 390 1154 452 congressus

147 474 236 535 edere
264 480 316 534 aut
341 471 511 532 lasciviente
538 467 678 549 pyrriche
706 465 876 526 conludere.
921 471 1028 544 postea
1055 471 1085 522 ct
1109 480 1154 540 per

147 565 235 624 lunes
262 565 427 641 incessere,
456 559 571 619 lecticis
598 559 687 618 etiam
710 555 842 616 serentes
870 555 1011 632 quaterni
1033 551 1155 630 singulos

147 669 310 732 puerperas
332 652 496 729 imitantes,
518 646 674 728 plenisque
693 645 813 706 homine
834 643 973 704 tricliniis
997 640 1155 702 accubitum

147 743 210 801 iere
233 759 288 820 per
305 740 398 801 lectos
420 739 462 799 ita
479 736 594 798 libratis
617 735 762 816 vestigiis,
785 753 823 794 nc
846 735 914 812 quis
932 733 1104 812 potantium
1123 737 1156 790 at·

149 833 323 909 tingeretur.

113 931 129 977 c
193 948 196 952 ·
215 913 249 980 3.
270 911 322 1000 (3)
351 915 473 977 Certum
496 924 543 977 est
562 932 656 975 unum
674 911 815 975 tardioris
833 912 946 990 ingenii
968 913 1002 970 in
1021 910 1157 988 accipien-

148 1007 194 1068 dis
217 1025 293 1086 quac
316 1005 510 1068 tradebantur
537 1006 656 1084 saepius
684 1005 861 1082 castigatum
888 999 1071 1060 verberibus
1097 1015 1157 1058 cuu-

148 1096 218 1158 dcm
239 1095 288 1156 illa
311 1095 502 1156 meditantem
529 1101 621 1154 noctu
643 1099 806 1173 repertum.
852 1092 963 1150 mirum
986 1090 1115 1149 maxime
1135 1095 1158 1146 et

148 1185 280 1246 adversis
303 1184 422 1264 quidem
444 1181 566 1244 ionibus
590 1181 700 1264 subire,
723 1188 754 1242 et
774 1180 903 1262 regredi,
925 1181 1034 1257 utiquc
1058 1178 1158 1258 pronis.

148 1273 334 1336 Mucianus
355 1287 397 1334 111
424 1272 530 1333 consul
553 1280 658 1333 auctor
681 1279 727 1332 est
749 1270 879 1350 aliquem
905 1287 943 1328 ex
964 1267 1012 1328 bis
1040 1275 1073 1328 et
1094 1265 1158 1326 litte·

148 1382 250 1426 rarum
273 1363 381 1424 ductus
404 1361 585 1422 Graecarum
607 1361 746 1422 didicisse
774 1359 954 1437 solitumque
977 1355 1159 1437 perscribere

149 1455 213 1514 eius
236 1452 354 1531 linguae
377 1451 493 1512 verbis:
534 1449 615 1531 lpse
638 1469 703 1529 ego
724 1449 812 1508 haec
835 1448 970 1528 scripsi
993 1455 1031 1507 et
1056 1445 1159 1527 spolia

149 1540 287 1603 Celtica
314 1541 444 1622 dicavi,
475 1543 606 1619 itemque
635 1557 667 1599 sc
696 1538 813 1598 ridente
840 1535 988 1617 Puteolis,
1021 1555 1096 1597 cum
1120 1533 1160 1594 ad-

148 1633 226 1692 vecti
258 1649 274 1691 e
306 1649 379 1691 nave
416 1629 519 1709 egredi
550 1635 743 1709 cogerentur,
778 1629 901 1688 territos
938 1627 1037 1706 spatio
1073 1627 1160 1706 pontis

148 1719 253 1800 procul
277 1739 293 1780 a
316 1721 487 1780 continente
509 1719 654 1798 porrecti,
683 1725 718 1778 ut
739 1735 807 1777 sese
830 1715 1062 1795 longinquitatis
1086 1715 1159 1774 aesti-

148 1811 277 1870 matione
300 1809 450 1890 fallerent,
473 1826 592 1868 aversos
614 1815 766 1868 retrorsus
788 1808 857 1866 isse.

115 1908 132 1956 v
216 1891 268 1981 (4)
291 1897 435 1959 Praedam
458 1899 516 1977 ipsi
538 1899 569 1958 in
592 1915 624 1957 sc
647 1895 842 1976 expetendam
865 1897 965 1956 sciunt
982 1893 1085 1955 solam
1106 1911 1159 1954 esse

149 1989 180 2046 in
208 1989 297 2048 armis
325 1989 402 2068 suis,
434 2005 510 2066 quae
535 1983 620 2046 luha
648 2003 760 2046 cornua
786 1985 929 2066 appellat,
958 1983 1160 2045 Herodotus

149 2083 231 2136 tanto
254 2078 404 2156 antiquior
425 2084 457 2136 ct
480 2075 663 2136 consuetudo
685 2074 793 2135 melius
817 2075 931 2134 dentes.
972 2075 1160 2153 quamobrem

150 2162 292 2224 deciduos
322 2183 394 2227 cusu
418 2165 518 2244 aliquo
547 2164 594 2224 vel
624 2172 744 2224 senecta
772 2164 934 2224 defodiunt
984 2163 1046 2224 hoc
1075 2164 1161 2224 solum

150 2251 225 2314 ebur
255 2261 308 2314 est.
362 2261 462 2316 cetero
490 2262 520 2314 et
550 2255 583 2313 in
609 2252 656 2313 his
685 2271 803 2332 quoque
837 2272 895 2332 qua
922 2271 1035 2332 corpus
1064 2253 1162 2314 interit

149 2341 245 2402 vilitas
268 2361 366 2425 ossea,
395 2360 575 2423 quamquam
597 2361 695 2423 nuper
717 2336 784 2403 ossa
808 2345 897 2404 ctiam
919 2343 950 2402 in
972 2343 1102 2403 laminas
1124 2359 1160 2401 se

149 2433 211 2492 cari
230 2450 356 2512 coepere
374 2435 524 2514 paenuria.
553 2434 664 2492 etenim
683 2450 749 2492 rara
768 2432 931 2512 amplitudo
952 2433 1013 2493 iam
1032 2431 1162 2494 dentium

148 2527 358 2601 praeterquam
387 2540 424 2583 ex
451 2521 536 2582 ludia
565 2523 731 2603 reperitur,
767 2529 868 2582 cetera
896 2524 928 2582 in
957 2529 1068 2583 nostro
1098 2522 1162 2583 orbe

113 2617 267 2672 ecessere
298 2609 441 2673 luxuriae.
497 2612 631 2672 dentium
663 2610 792 2672 caudore
823 2610 1008 2690 intellegitur
1040 2614 1161 2674 iuventa

149 2702 228 2761 circa
251 2700 305 2761 hos
329 2700 424 2762 beluis
448 2718 568 2763 summa
591 2717 671 2761 cura.
721 2700 844 2762 alterius
871 2703 1010 2762 mucroni
1032 2709 1160 2782 parcunt,

149 2807 187 2850 ne
210 2793 250 2850 sit
272 2791 393 2869 procliis
406 2789 523 2872 -bebes,
553 2789 676 2850 alterius
703 2793 841 2870 operario
868 2809 926 2852 usu
948 2790 1072 2851 fodiunt
1093 2791 1159 2851 radi·

150 2895 213 2958 ces,
235 2879 382 2957 inpellunt
405 2881 506 2942 moles.
537 2881 791 2960 circumventique
815 2899 832 2941 a
854 2877 1032 2941 venantibus
1057 2882 1159 2960 primos

129 2969 338 3038 „constituunt
360 2969 469 3050 quibus
490 2973 557 3032 :sint
584 2971 711 3051 minimi,
744 2988 782 3030 ne
809 2971 884 3031 tanti
910 2968 1063 3049 proelium
1086 2977 1158 3051 pute

221 3282 349 3336 euantis
367 3282 470 3336 weit
492 3283 605 3338 ardentis
623 3301 646 3338 r.
720 3283 896 3354 5plerisque
913 3287 967 3338 Bd.
1043 3283 1109 3339 8in
1124 3281 1156 3336 τ’.

149 3369 199 3422 pro
218 3353 279 3406 Μ.
303 3370 354 3408 om,
373 3370 396 3407 r.
470 3359 542 3408 Mt)
561 3355 743 3426 eundemffttt
772 3355 871 3411 eudem
888 3373 910 3410 r.
939 3355 992 3422 cfr.
1011 3356 1067 3411 luc.
1081 3357 1155 3426 pti.

156 3493 158 3498 ,
221 3429 253 3476 11
274 3425 304 3478 et
320 3424 392 3477 Detl.
419 3423 468 3478 scd
484 3425 543 3480 ῑῐιιι.
569 3427 652 3480 verbo
670 3426 928 3500 mirum-pronis
944 3428 1079 3482 videretur
1094 3429 1155 3482 ιἰιι.

148 3497 185 3548 18
199 3499 264 3561 post
280 3496 417 3548 retrorsus
435 3493 491 3550 isse
507 3499 718 3564 transponendo
736 3513 797 3553 esse.
870 3504 904 3553 12
927 3497 983 3553 1111
1005 3503 1061 3553 Ed
1128 3501 1155 3551 at

149 3579 230 3618 oseca
248 3565 319 3633 (osse
337 3565 381 3632 1¹¹)
400 3581 541 3634 quaquam
558 3569 649 3622 Met
678 3585 740 3624 osse
758 3569 940 3640 aliquaqusm
958 3569 997 3624 ι’.
1013 3573 1018 3641 Ι
1037 3571 1070 3626 in
1087 3570 1155 3625 lunas

148 3632 214 3685 m.
243 3635 339 3688 altinas
356 3635 401 3689 13¹.
474 3643 507 3690 31
523 3640 593 3692 snut
610 3645 634 3694 d.
660 3645 737 3694 ΞΠ.
