2396 3940
294 194 379 250 NAT.
397 195 490 249 fflsr.
509 194 562 250 ΧΠ
581 199 685 251 15-17
704 195 830 284 (ee7ee)
1004 193 1069 258 net

47 343 200 424 'probatur
222 344 418 426 Trogodytica
441 345 621 424 pinguedine
649 353 679 406 et
701 343 781 424 quod
809 351 932 426 aspectu
960 345 1071 406 aridior

58 442 102 495 est
125 434 304 514 sordidaque
327 451 362 496 ae
388 433 527 516 barbara,
556 433 609 494 sed
637 435 735 496 acrior
763 435 872 496 eeterIs
901 435 1070 514 praedictis

58 523 255 585 Sambracena
273 531 340 585 ante
364 523 435 584 alias
458 523 570 605 hilaris,
593 523 646 584 sed
669 523 782 586 viribus
805 525 913 586 tenuis
954 527 986 585 in
1008 523 1123 604 ple-'10

55 629 128 674 num
150 619 251 675 autem
272 613 408 694 probatio
432 620 479 674 est
501 615 624 674 minutis
647 613 759 693 glaebis
782 631 838 674 nec
860 613 1011 694 rotundis,
1038 615 1071 674 in

34 709 200 765 tconcretu
224 702 378 764 albicantis
394 701 466 764 'suci
490 711 520 764 et
543 702 736 786 tabescentis,
765 709 858 782 utque
881 703 975 763 fracta
1003 717 1070 763 ean-

56 793 142 854 didos
164 809 281 872 ungues
303 789 418 875 habeat,
441 800 532 872 gustu
554 792 663 854 leniter
685 811 791 854 amara.
833 791 964 854 secunda
987 791 1071 852 boni-

56 891 100 943 tas
124 884 206 944 intus
228 885 340 966 variae,
367 879 555 964 pessimaque
578 884 660 944 intus
683 885 780 964 nigra,
807 883 905 963 peior,
933 883 959 942 si
978 873 1072 942 'etiam

56 973 138 1032 loris.
192 974 289 1052 pretia
321 991 357 1034 ex
389 971 545 1034 occasione
578 973 743 1034 ementium
778 973 873 1053 varia,
911 977 1022 1032 stactae
1055 986 1072 1030 a

56 1061 81 1121 ll
99 1075 141 1122 111
165 1061 201 1122 ad
225 1061 300 1144 XL,
324 1065 432 1124 sativae
456 1079 606 1123 summum
629 1061 655 1122 ll
673 1075 720 1143 xt,
742 1059 922 1141 Erythraeae
945 1074 1008 1122 xvl
1028 1091 1070 1102 -

22 1163 44 1204 1⁰
57 1151 133 1212 hane
161 1152 264 1214 volunt
290 1151 446 1212 Arabicam
475 1151 608 1231 intellegi
636 1185 692 1232 —,
722 1150 936 1230 Trogodytieae
964 1147 1071 1210 nucleo

55 1255 118 1302 xvi
143 1241 172 1322 S,
196 1243 224 1302 ei
246 1259 318 1302 vero
341 1259 430 1322 quam
453 1241 620 1302 odorariam
643 1247 757 1322 vocant,
780 1253 841 1301 ΧΠ.
887 1238 1072 1300 adrdteratur
1091 1246 1123 1296 tt

54 1329 173 1392 lentisci
196 1329 307 1410 glaebis
334 1338 364 1393 et
387 1333 510 1414 cummi,
537 1333 610 1392 item
633 1332 803 1392 cucumeris
831 1345 903 1390 suco
933 1330 1071 1388 amaritu-

55 1421 134 1481 dinis
152 1423 259 1504 'eause,
287 1423 366 1482 sicut
387 1420 529 1501 ponderis
557 1437 662 1501 spuma
690 1421 813 1500 argenti.
860 1417 975 1498 reliqua
1002 1419 1073 1478 vitia

55 1510 322 1590 deprehenduntur
350 1527 469 1593 sapore,
497 1511 623 1571 eumntis
652 1510 740 1571 dente
770 1508 947 1569 lentescens.
993 1506 1071 1567 lalla-

20 1601 175 1660 ocissime
194 1607 294 1662 autern
317 1600 501 1661 adulteratur
523 1599 624 1660 ludica
647 1617 758 1680 murra,
781 1615 856 1677 quac
880 1595 978 1662 ibide
1002 1613 1072 1675 qua·

55 1690 124 1751 dam
147 1691 232 1770 spica
255 1689 412 1770 colligitur.
453 1689 510 1750 hoe
534 1689 631 1750 solum
653 1690 739 1769 peius
758 1687 841 1748 India
864 1687 970 1768 adfert,
993 1685 1073 1746 sacili

55 1779 261 1861 distinctione,
284 1787 367 1840 tanto
390 1779 522 1840 deterior
544 1786 599 1839 est.
987 1811 989 1820 ι

126 1863 183 1932 lt.
212 1863 286 1952 (36)
314 1869 394 1948 Ergo
421 1871 529 1930 transit
556 1871 587 1928 in
615 1869 781 1928 mastichen
805 1885 880 1946 quae
905 1873 935 1926 et
959 1883 995 1925 ex
1018 1863 1073 1924 alia
1092 1871 1125 1922 72

55 1961 141 2040 spiria
164 1959 198 2019 iit
219 1961 251 2018 in
273 1957 356 2020 india
378 1961 510 2038 itemque
533 1959 565 2018 ln
588 1955 707 2038 Arabia,
730 1955 838 2018 lainam
860 1962 974 2015 vocant.
1020 1953 1074 2015 sed

17 2046 200 2110 ”mastiche
225 2067 344 2128 quoqne
367 2049 483 2127 gemina
507 2054 562 2128 est,
585 2049 725 2127 qnoniam
748 2053 779 2106 et
800 2047 832 2106 in
850 2044 919 2104 Asia
937 2043 1073 2105 Graecia·

55 2157 115 2218 qne
138 2140 292 2218 reperitur
318 2135 410 2201 herba
438 2155 454 2197 a
481 2137 581 2198 radice
609 2136 678 2197 folia
706 2137 844 2196 emittens
872 2133 1073 2215 ceparanum

55 2227 184 2288 similem
206 2226 296 2310 malo,
319 2227 441 2288 seminis
463 2225 586 2306 plenum
609 2244 643 2286 ae
665 2226 817 2306 lacrimae,
845 2241 920 2303 quae
945 2223 1074 2302 erumpit

1 2379 2 2384 ,
56 2319 150 2378 incisa
169 2325 253 2397 parte
273 2335 401 2398 summa,
424 2317 472 2376 vix
491 2324 525 2376 ut
543 2317 658 2377 dinosci
676 2317 772 2395 possit
793 2331 810 2374 a
829 2312 972 2374 mastiche
996 2329 1073 2372 vera.

35 2425 197 2475 necnon
222 2415 252 2467 ct
274 2409 363 2466 tertia
385 2409 417 2466 in
440 2405 536 2466 Ponto
560 2411 619 2487 est,
647 2403 786 2464 bitumini
810 2402 948 2483 similior,
975 2401 1073 2462 landa·

130 2632 345 2702 ltrogodytica
364 2636 388 2686 d.
417 2647 479 2686 -oae
497 2637 526 2684 D.
556 2629 653 2685 -ditiec
672 2627 709 2682 εί.
739 2628 793 2682 -ice
812 2625 849 2680 ι’.
874 2625 879 2698 l
903 2625 1074 2695 pinguedine
1114 2617 1122 2628 '

58 2703 259 2760 edd.auteGel.
288 2703 343 2758 -nis
361 2707 407 2757 ad.
436 2702 531 2756 ·idinis
550 2708 580 2756 n.
609 2699 717 2755 -tudine
735 2700 775 2755 ed.
784 2697 842 2754 Get.
919 2697 999 2751 lest
1016 2695 1074 2752 aio.

59 2791 107 2830 ora.
127 2793 149 2830 r.
260 2780 315 2830 23
338 2774 497 2848 praedictis.
526 2773 714 2828 Sambracena
731 2787 786 2842 ego.
819 2769 910 2824 samb-
929 2767 1029 2840 (aemb-
1048 2768 1075 2836 d)

57 2847 156 2918 praed·
174 2847 262 2902 wad.
291 2847 383 2902 semb-
396 2845 495 2916 praed·
510 2846 588 2900 caret
601 2843 678 2898 uitiis
691 2843 755 2898 nio.
785 2841 882 2896 Samb-
896 2839 1076 2911 praedicatur

57 2919 131 2974 Detl.
204 2920 270 2974 bel
286 2918 456 2974 tabescentis
469 2915 533 2971 nio.
563 2917 592 2970 et
609 2917 687 2971 teue-
706 2915 743 2968 s¹.
772 2915 812 2968 -bc
831 2912 868 2968 ei.
897 2913 926 2966 et
944 2925 1075 2966 euescen·

56 2995 99 3046 tes
119 2991 162 3048 Ν.
193 2992 248 3062 sisa
265 2990 391 3046 uescenti
409 2995 433 3044 d.
459 2991 463 3058 Ι
487 2987 585 3058 utique
603 2986 641 3041 ci.
668 2987 776 3055 busque
795 2984 833 3039 «1¹.
861 2984 911 3040 del.
931 2981 968 3037 di.
1059 2987 1075 3036 7

57 3063 153 3118 neriae
172 3063 313 3120 Reddet.
342 3062 379 3116 -ie
398 3065 422 3116 d.
451 3060 491 3114 ia
509 3079 533 3114 e.
560 3060 564 3128 l
588 3058 765 3130 pessimaque
783 3061 836 3140 nd,
864 3073 923 3109 ·ma
941 3054 1006 3109 ced.
1017 3053 1076 3108 (iel.

57 3129 646 3262 seeetttttltttuottffss
661 3127 860 3267 isles}-
873 3124 1078 3254 esttibi

58 3278 98 3332 sei
113 3283 159 3332 sd.
188 3277 324 3333 musei
336 3283 367 3330 D.
395 3275 461 3330 XIII
474 3275 535 3330 eius
550 3273 724 3330 coddBerb.
752 3272 819 3326 XIII
833 3271 903 3326 Scae
922 3269 981 3325 edd.
991 3267 1073 3339 vetti

59 3351 111 3404 XII
128 3349 166 3403 lt*
179 3351 280 3406 toros.
313 3349 378 3403 XIV
392 3352 459 3402 ado.
559 3352 594 3400 14
616 3343 796 3400 lentescentis
815 3343 846 3396 α’
855 3341 915 3397 edd.
924 3345 988 3396 oete
996 3337 1076 3394 Boot.

139 3425 175 3476 18
192 3421 351 3477 mastichen
365 3421 405 3476 ed.
416 3419 474 3475 Gal.
508 3418 582 3472 -icen
601 3419 628 3472 ll.
643 3445 646 3451 ·
662 3417 746 3471 -icem
759 3416 819 3470 edd.
829 3412 960 3470 onteGel.
1043 3416 1077 3466 19

59 3494 149 3549 fitde.
179 3493 261 3548 sitit.
291 3493 339 3548 siit
351 3511 376 3546 ι.
450 3495 485 3546 20
503 3489 641 3544 mastiche
655 3485 843 3556 ed.Gel.(1>?).
871 3485 956 3539 -chen
969 3488 1004 3538 tt.
1033 3497 1077 3537 -ce

59 3583 80 3619 r.
154 3571 189 3620 22
210 3565 330 3620 similem
347 3565 434 3618 Nic.
464 3561 503 3617 -lc
520 3564 600 3630 ilci
627 3577 661 3615 ee
679 3565 714 3616 tl„
734 3575 784 3614 om.
799 3575 843 3613 ro.
865 3558 869 3627 l
888 3555 1078 3636 lacrimaeqpe

58 3637 123 3692 θαι.
152 3653 266 3706 -maqne
286 3636 430 3692 sinuare.
504 3639 538 3689 23
558 3631 666 3688 dinosci
683 3631 851 3687 lieddoett.
878 3628 908 3683 id
921 3633 1017 3682 nane.
1046 3625 1076 3679 1d

60 3710 118 3764 din-
138 3715 163 3764 d.
189 3711 193 3778 Ι
218 3709 308 3780 possit
325 3713 380 3763 iio.
410 3709 465 3762 -set
483 3722 505 3761 r.
579 3711 614 3760 24
632 3701 777 3760 bituminis
796 3707 863 3758 edo.
