2286 3938
144 265 206 330 228
485 245 524 329 c.
546 279 640 328 enumu
664 279 815 328 secunuu

106 456 129 492 πε
148 437 283 500 adiacens
307 456 406 499 verum
434 445 465 498 et
488 437 648 497 meridiano
677 437 754 515 quod
781 436 908 498 Indicum
936 437 1130 517 appellavimus

146 541 221 602 quae
243 541 311 607 pars
334 524 440 584 orienti
462 529 509 582 est
531 521 652 582 adversa
675 531 757 582 recto
780 523 979 600 praetenditur
1003 526 1133 601 spatium

146 608 252 670 dexum
274 617 305 668 et
325 607 409 666 initio
424 606 515 666 ludici
537 607 624 666 maris
645 608 749 692 putenm
771 605 878 666 LXXV
898 607 928 668 M
946 626 1079 686 passuum
1092 610 1133 668 col

146 691 218 771 tigit.
248 692 353 752 deiude
371 709 386 752 a
403 690 481 752 dexu
498 693 527 752 in
546 691 696 752 meridiem
712 693 826 776 qx‘xffir'q
844 690 950 752 LXXV
965 689 995 750 M
1015 709 1099 770 pass,
1117 714 1130 752 u

145 776 358 838 Eratosthenes
381 777 485 853 tradit,
509 795 601 855 usque
624 777 658 836 ad
676 775 775 836 ludum
796 795 909 838 amnem
925 779 973 858 qui
994 785 1041 838 est
1057 777 1090 837 ab
1104 796 1132 836 oe

94 870 125 919 57
146 863 262 924 uidente
283 863 347 922 linis
368 861 476 924 Indiae.
509 859 673 942 Complures
695 872 790 924 autem
807 872 895 924 totam
915 865 1009 941 ipsius
1032 862 1131 940 lougitu

144 949 239 1008 dinem
254 943 304 1008 XL
322 948 432 1010 dierum
453 949 637 1027 noctiumque
654 947 771 1008 velifico
792 950 904 1008 navium
920 967 1006 1009 cursu
1023 947 1131 1008 deterni

144 1051 270 1102 navare,
285 1041 316 1093 et
331 1051 347 1092 a
364 1027 567 1111 septentrione
584 1033 617 1092 ad
629 1033 777 1094 meridiem
792 1033 919 1116 Ysi‘v‘liiq
934 1031 997 1092 LM
1010 1048 1130 1111 passuum

144 1117 276 1196 Agrippa
303 1117 492 1196 longitudinis
527 1115 672 1202 imisit,
698 1048 857 1178 latitudinis
891 1114 991 1200 lffiu’ul
1023 1118 1133 1196 prodidit

143 1201 317 1263 Posidonius
335 1202 370 1262 ab
395 1204 508 1264 aestivo
533 1203 606 1261 solis
626 1211 691 1262 ortu
714 1203 749 1263 ad
771 1203 921 1264 hibernum
946 1210 1078 1262 exortum
1094 1221 1133 1262 me

144 1297 219 1346 tatus
235 1296 281 1348 est
298 1305 371 1364 eam,
386 1287 536 1346 adversam
553 1285 672 1348 Galliam
689 1296 833 1363 statuens,
851 1307 933 1369 quam
949 1289 986 1348 ab
1004 1288 1133 1348 occidente

143 1375 258 1432 aestivo
277 1371 312 1432 ad
332 1371 514 1432 occidentem
531 1370 680 1432 hibernum
696 1373 870 1442 metabatur,
889 1381 976 1434 totam
992 1392 1008 1432 a
1027 1373 1130 1432 favonio

142 1459 241 1536 itaque
254 1455 407 1518 adversam
419 1458 483 1518 eius
500 1459 579 1518 venti
598 1456 704 1518 adllatu
722 1459 813 1518 iuvari
825 1457 931 1518 ludium
949 1458 1133 1534 salubremque

89 1545 126 1598 58
143 1542 206 1601 lieri
227 1539 295 1600 haut
317 1541 403 1604 dubia
427 1545 540 1602 ratione
571 1542 679 1604 docuit.
720 1541 786 1602 Alia
807 1543 848 1602 illi
874 1542 948 1603 caeli
970 1543 1078 1618 iacies,
1101 1541 1133 1598 ali

142 1625 268 1686 siderum
285 1635 404 1704 ortuus,
419 1625 507 1688 binae
522 1636 652 1690 aestates
668 1629 697 1687 in
714 1646 806 1705 anuo,
829 1627 915 1688 binae
932 1646 1048 1688 messes
1062 1626 1133 1686 medis

142 1713 219 1772 iuter
240 1711 305 1772 illas
327 1710 422 1772 hieme
444 1714 601 1774 etesiarum
622 1711 705 1790 tlatu,
732 1723 831 1774 nostra
852 1729 925 1774 vero
945 1712 1045 1772 bruma
1071 1711 1133 1770 leues

142 1796 182 1855 ibi
198 1813 302 1873 aurae,
318 1815 397 1862 marc
414 1798 588 1876 navigabile.
625 1807 731 1875 gentes
753 1799 781 1858 ei
803 1798 951 1876 urbesque
975 1799 1133 1858 innumerae

143 1883 167 1942 si
186 1883 250 1959 quis
267 1899 366 1942 omues
383 1883 521 1961 persequi
536 1882 617 1946 velit.
649 1883 754 1942 etenim
768 1881 913 1961 patefacta
930 1891 977 1942 est
995 1899 1053 1940 nou
1067 1835 1133 1948 modd

142 1965 301 2026 Alexandri
317 1965 414 2046 Magni
431 1967 517 2028 armis
538 1985 697 2046 regumque
713 1969 760 2048 qui
777 1985 950 2028 successere
965 1967 1011 2040 ei,
1033 1967 1132 2025 circum

142 2049 235 2110 vectis
252 2053 338 2111 etiam
360 2054 389 2110 in
404 2049 575 2128 Hyrcanium
597 2069 674 2113 marc
693 2061 724 2111 et
746 2049 882 2130 Caspium
897 2049 1025 2111 Seleuco
1047 2059 1075 2110 et
1091 2051 1126 2106 Au

142 2131 241 2196 tiocho
268 2137 479 2216 praefectoque
502 2135 603 2196 elassis
624 2155 723 2197 eorum
741 2135 895 2212 Patrocle,
916 2153 1017 2196 verum
1036 2144 1065 2194 et
1085 2077 1132 2210 aliid

141 2220 308 2280 auctoribus
329 2219 466 2295 Graecis,
492 2222 540 2298 qui
566 2239 628 2280 cum
653 2221 773 2299 regibus
798 2219 904 2280 ludieis
928 2221 1051 2292 morati,
1076 2219 1131 2276 sicut

141 2301 349 2382 Megasthenes
368 2315 398 2366 et
413 2304 573 2380 Dionysius
589 2303 807 2384 aPlriludelpluo
820 2307 943 2380 missus,
959 2323 999 2364 ex
1015 2321 1049 2365 ea
1065 2315 1131 2370 eausa

89 2395 125 2446 su
143 2391 221 2450 vires
238 2407 355 2470 quoque
371 2392 498 2467 gentium
514 2389 679 2470 prodidere.
712 2388 780 2450 Non
800 2398 895 2450 tamen
916 2397 963 2450 est
978 2371 1131 2470 diligentiad

140 2473 242 2551 locus,
275 2474 350 2534 adeo
381 2473 497 2534 diversa
524 2483 554 2534 et
577 2473 761 2536 incredibilia
787 2473 944 2534 traduntur.
990 2470 1130 2558 Alexandri

139 2555 236 2636 Magni
253 2561 375 2620 comites
391 2562 420 2618 in
439 2577 475 2618 co
492 2567 583 2618 tractu
598 2557 697 2618 Indiae
713 2576 799 2636 quem
814 2559 839 2616 is
855 2557 1009 2636 subegerit
1024 2557 1130 2633 scripse

139 2651 205 2702 runt
220 2641 247 2702 V
261 2643 337 2704 milia
356 2643 528 2723 oppidorum
549 2642 663 2718 luisse,'
681 2641 787 2702 nullum
809 2641 873 2702 Coo
889 2644 999 2718 minus,
1020 2633 1130 2732 gentiunq

139 2725 237 2800 vtttt,
263 2727 430 2807 indiamque
465 2729 577 2787 tertiam
605 2735 815 2804 parremkesse
845 2735 989 2788 terrarum
1015 2723 1129 2790 omnium}

138 2811 347 2872 multitudinem
363 2811 536 2892 populorum
557 2812 751 2888 innumeram,
772 2810 918 2891 probabili
935 2830 1006 2872 saue
1026 2812 1129 2872 ratione

138 2895 199 2976 ludi
216 2897 303 2962 'enim
330 2899 458 2975 gentium
487 2914 580 2973 prope
603 2895 658 2956 soli
682 2913 832 2975 numquam
854 2898 1020 2976 migravere
1043 2879 1129 2994 finihuq

138 2981 210 3042 suis.
244 2979 420 3058 colliguntur
450 2979 593 3042 alibero
618 2980 704 3040 Patre
728 2981 761 3038 ad
788 2980 987 3040 Alexandrum
1014 2977 1128 3053 Magnum

137 3082 228 3142 reges
243 3081 343 3147 eorum
360 3062 466 3139 ct111,
487 3067 568 3124 anuis
585 3063 626 3123 v1
642 3065 700 3124 mil.
721 3061 858 3125 ccccxi
878 3063 1004 3124 adiciunt
1020 3069 1048 3120 et
1068 3075 1128 3116 meus

87 3157 187 3210 doses
202 3145 252 3208 111.
292 3147 424 3210 Amnium
446 3151 516 3210 mira
537 3150 665 3208 vastitas.
697 3149 831 3226 proditur
850 3147 1044 3208 Alexandrum
1064 3111 1128 3256 uulld

132 3233 300 3294 die-miuus
323 3233 413 3294 stadia
434 3230 486 3292 DC
510 3234 665 3310 navigasse
693 3234 722 3292 iu
744 3231 815 3292 lndo
842 3251 897 3293 nec
918 3233 1049 3309 potuisse
1074 3231 1127 3286 uolt

137 3338 253 3378 meuses
270 3315 297 3375 V
316 3319 473 3396 enavigare
494 3309 616 3376 adiectis
636 3319 737 3395 paucis
752 3315 871 3392 diebus,
895 3325 925 3374 et
945 3325 1037 3374 tamen
1054 3313 1103 3368 min

137 3423 198 3464 rem
216 3401 314 3480 Gange
336 3421 405 3462 esse
425 3410 548 3461 constat.
589 3399 702 3460 Seneca
728 3402 813 3460 etiam
835 3401 909 3476 apud
932 3417 985 3458 nos
1006 3399 1125 3470 temptata

137 3487 235 3547 Indiae
248 3488 491 3547 commentatione
503 3484 553 3545 LX
564 3503 664 3546 amnes
677 3487 740 3546 eius
754 3483 892 3563 prodidit,
900 3491 1004 3560 gentes
1012 3473 1125 3540 CXl'lll.

140 3573 192 3630 l‘ur
208 3571 291 3631 labos
309 3573 347 3630 sit
363 3579 477 3632 montes
493 3587 672 3630 enumerare.
708 3571 865 3646 iunguntur
880 3569 957 3627 inter
970 3585 1003 3627 se
1017 3539 1126 3780 Μανῆ

1109 3795 1125 3902 i
