2286 3938
287 273 369 324 usn.
391 275 482 324 ersa.
504 273 552 322 vr.
574 267 617 321 28.
641 258 704 342 (aa.)
935 253 997 321 247

37 449 93 492 nous
112 429 314 508 Tricoryphos,
343 431 428 508 regio
456 426 655 506 Chardaleon,
688 427 800 488 insulae
825 426 997 504 Solanades,

37 517 149 592 Cachinna,
163 518 226 574 item
239 514 533 593 Ichthyophagorum.
560 513 626 574 dein
643 511 732 590 Clari,
747 513 814 572 litus
829 511 997 588 Mamaeum,

36 600 66 658 ubi
81 601 129 660 aori
146 599 273 676 metalla,
302 601 388 676 regio
411 597 562 674 Canauna,
584 606 690 675 gentes
716 596 858 676 Apitami,
882 595 997 671 Casani,

34 683 234 760 insulallevade,
258 685 326 742 lons
345 680 477 758 Coralis,
494 679 648 760 Carphati,
670 681 781 742 insulae
803 681 911 756 Alaea,
933 679 999 739 Am·

17 766 155 840 tnauethus,
180 785 253 844 gens
268 767 372 828 Darae.
408 767 520 828 insulae
538 764 719 842 Chelonitis,
745 765 986 844 Ichthyophagon
1001 767 1049 822 151

30 851 117 926 unitae,
138 849 251 912 Odanda
273 851 408 928 deserta,
426 850 517 926 Basa,
541 851 647 910 multae
664 850 850 910 Sabaeorum.
883 849 998 909 ilumiua

31 933 121 1009 Tlaoar,
138 935 276 1011 Amnum,
298 935 409 996 insulae
431 935 566 995 Doricae.
605 937 703 995 tontes
726 933 888 1010 Daulotos,
909 931 996 993 Dora.

28 1018 104 1077 insulae
117 1017 234 1096 l’teros,
250 1017 421 1096 Labatanis,
439 1018 584 1096 Coboris,
599 1018 804 1080 Sambrachate
819 1027 849 1078 et
861 1017 997 1096 oppidum

29 1102 97 1160 roden
112 1106 221 1164 nominc
236 1106 266 1162 in
283 1105 460 1164 continente.
496 1121 512 1163 a
530 1103 651 1164 meridie
669 1103 781 1163 insulae
796 1102 919 1178 multae,
940 1119 997 1160 roa·

13 1187 74 1245 urina
92 1183 202 1248 Camari.
246 1186 352 1248 ilumen
379 1187 548 1265 Musecros,
573 1195 677 1266 portus
698 1185 821 1264 Laupas.
862 1185 998 1246 Scenitae

27 1269 111 1346 Sabaei,
135 1271 245 1332 insulae
260 1271 386 1348 multae,
410 1274 570 1350 emporium
591 1289 691 1332 eorum
713 1271 812 1350 Acila,
830 1289 869 1330 ex
888 1287 946 1348 quo
968 1271 998 1328 in

26 1351 98 1412 lubian
111 1357 267 1433 navigatur.
303 1357 399 1434 Regio
416 1357 645 1432 Amithoscatta,
661 1355 795 1433 Damnia,
815 1354 883 1416 blial
901 1355 1051 1414 maio-152

24 1455 52 1495 res
71 1447 95 1498 et
120 1441 268 1517 minores,
301 1439 431 1500 Drimati.
476 1439 741 1500 Naumachaeorum
771 1441 999 1518 promunturium

25 1531 90 1582 contra
110 1521 286 1584 Carmaniam
307 1523 393 1584 distat
415 1524 437 1584 L
460 1524 520 1585 mil.
542 1543 686 1604 passuum.
725 1525 795 1583 mira
812 1543 860 1584 res
880 1524 919 1583 ibi
942 1531 999 1583 tra·

11 1605 84 1682 oditur,
106 1606 276 1668 Numenium
303 1610 339 1670 ab
360 1609 507 1670 Antiocho
535 1628 607 1686 rege
637 1607 776 1669 blesenae
799 1609 999 1686 praepositum

23 1689 46 1746 ibi
60 1693 153 1752 vicisse
168 1693 278 1753 eodem
297 1693 344 1753 die
366 1694 460 1754 classe
482 1702 624 1771 aestuque
649 1711 772 1753 reverso
793 1695 898 1752 iterum
916 1693 997 1770 equi-

22 1779 158 1837 btucontra
178 1775 289 1838 Persas
313 1777 494 1839 dimicantem
515 1785 546 1837 et
568 1779 683 1855 gemina
700 1786 823 1856 tropaea
844 1777 947 1838 eodem
969 1777 999 1835 in

22 1855 61 1920 loco
72 1859 126 1920 lovi
145 1880 178 1922 ae
194 1861 336 1940 Neptuno
352 1864 501 1922 statuisse.
534 1860 630 1922 Insula
645 1864 674 1921 in
691 1861 750 1921 alto
770 1862 887 1922 obiacet
908 1859 985 1938 Ogy-
1000 1865 1051 1920 lea

23 1941 55 2018 ris,
76 1943 145 2006 clara
170 1943 301 2021 Erythra
332 1965 404 2024 rege
434 1945 474 2006 ibi
500 1945 626 2024 sepulto.
668 1945 756 2005 distat
787 1964 803 2006 a
828 1946 998 2006 continente

10 2023 94 2086 tllllV
108 2029 163 2090 mil.
178 2048 260 2109 pass.
278 2032 444 2090 circumitur
459 2028 538 2090 CXll
554 2029 611 2090 mil.
624 2030 650 2089 D
666 2047 811 2109 passuum.
842 2029 998 2090 necminus

20 2109 81 2171 altera
105 2114 181 2174 clara
205 2117 238 2174 in
264 2115 378 2176 Azanio
400 2117 470 2174 mari
492 2113 684 2192 Dioscoridu,
713 2115 822 2174 distans
846 2132 863 2174 a
885 2113 999 2190 Syagro

19 2203 100 2257 ertuno
121 2201 327 2278 promunturio
353 2196 509 2260 CCLXXX
532 2199 591 2258 mil.
612 2215 690 2277 pass.
725 2199 842 2276 Reliqui
863 2199 893 2258 in
908 2198 1001 2258 couti·

20 2291 101 2340 nautea
112 2285 353 2344 ootoetiamnum
365 2283 534 2360 Autaridae,
550 2284 578 2342 in
589 2291 704 2343 montes
717 2283 773 2343 Vll
785 2283 895 2343 dierum
908 2291 1000 2342 trans·

17 2363 59 2424 itur.
94 2375 201 2444 gentes
231 2366 391 2428 Larendani
415 2376 445 2428 et
473 2365 628 2446 Catapani,
657 2365 839 2428 Cebbanitae
867 2365 999 2446 pluribus

10 2450 116 2525 oppidis,
145 2451 201 2512 sed
227 2453 357 2511 maximis
379 2450 471 2530 Nagia
498 2461 528 2512 et
551 2450 694 2528 Thomna,
719 2452 891 2531 templorum
912 2449 999 2510 LXV.

17 2529 64 2592 bec
78 2543 120 2595 est
139 2537 339 2616 amplitudinis
356 2537 538 2614 significatio.
573 2537 818 2612 Promunturinm,
841 2553 859 2596 a
877 2551 934 2613 quo
950 2533 986 2594 ad
1001 2544 1054 2596 154

17 2621 182 2680 coutinentem
199 2619 431 2699 Trogodytarum
449 2620 470 2680 L
487 2621 513 2680 N
531 2639 622 2698 pass,
639 2619 767 2696 Thoani,
790 2621 910 2696 Actaei,
928 2616 1000 2678 Cha·

18 2705 166 2782 tranotitae,
186 2705 357 2783 Tonabaei,
374 2705 535 2766 Antiadalei
554 2713 584 2764 et
597 2703 762 2780 Lexianae,
784 2703 911 2781 Agraei,
930 2700 1000 2762 Cer·

17 2783 74 2864 bani,
92 2789 198 2851 Sabaei
217 2790 345 2850 Arabum
362 2798 485 2868 propter
503 2798 566 2850 tura
584 2789 736 2848 clarissimi
753 2786 788 2846 ad
806 2795 927 2865 utraque
944 2803 1001 2846 ma·

10 2869 43 2927 *oia
52 2877 186 2948 porrectis
200 2875 348 2952 gentibus.
380 2873 486 2952 oppida
501 2889 602 2932 eorum
617 2874 646 2932 in
658 2871 759 2932 Rubro
776 2872 864 2931 litore
877 2870 999 2950 blerana,

16 2949 109 3034 durna,
130 2957 271 3035 Corolia,
293 2958 449 3035 Sabratha,
476 2959 552 3018 intus
578 2957 684 3035 oppida
706 2955 835 3034 Nascus,
859 2953 1000 3034 Cardava,

17 3033 97 3099 Carnus
110 3051 141 3102 et
156 3061 218 3122 quo
233 3061 349 3104 merces
362 3043 482 3102 odorum
497 3041 630 3102 deferunt
641 3039 786 3102 Thomala.
811 3059 879 3119 pars
891 3057 991 3100 eorum
1003 3047 1053 3098 155

15 3121 162 3204 Atramitae,
180 3145 305 3206 quorum
322 3135 408 3204 caput
422 3126 531 3186 Sabota
543 3123 594 3185 LX
612 3127 719 3204 templa
734 3127 823 3186 muris
839 3125 1001 3201 includens,

15 3211 71 3281 regia
86 3219 179 3272 tamen
200 3221 247 3272 est
267 3213 391 3270 omnium
405 3207 604 3271 Mareliabata.
637 3213 728 3269 sinum
745 3213 878 3289 optinent
893 3209 1002 3270 XCllll

16 3283 33 3344 ll
46 3309 109 3369 pass.
125 3297 268 3356 refertum
285 3295 388 3354 insulis
404 3295 572 3354 odoriferis.
613 3295 760 3354 Atramitis
782 3297 811 3354 in
832 3294 1002 3355 mediterra-

16 3390 52 3433 nea
68 3380 221 3456 inogrrntur
242 3379 367 3457 Minaei,
393 3397 472 3438 mare
495 3378 628 3438 accolunt
651 3388 682 3438 et
705 3378 867 3438 Aelamitae
894 3377 1003 3456 oppido

17 3457 117 3522 eiusdem
134 3466 270 3524 nominis.
303 3464 348 3523 his
365 3465 452 3522 iuncti
469 3461 654 3524 Chaculatae.
691 3464 826 3542 oppidum
844 3463 905 3521 Sibi
926 3459 1005 3540 quod

16 3537 92 3606 Graeci
107 3547 225 3628 Apaten
239 3557 362 3626 vocant,
385 3549 469 3624 Arsi,
487 3545 621 3624 Codani,
644 3545 755 3607 Vadaei
772 3545 879 3626 oppido
897 3562 1004 3626 magno
1127 3539 1128 3615 ᾗ
