2340 3934
144 145 207 214 106
494 143 523 198 o.
542 143 641 198 emm
661 141 817 197 securum

142 298 260 358 restitui
283 295 482 374 vespertinam
505 295 599 354 aciem
621 293 669 352 his
692 309 767 371 quos
790 289 961 370 nyctalopas
987 299 1107 351 vocant.
1134 295 1165 350 in

142 385 244 446 Cilicia
270 387 409 463 circaque
434 383 536 463 Syrtes
559 381 627 444 villo
651 381 751 442 tonsili
774 382 951 441 vestiuntur.
1004 399 1115 460 capras
1136 383 1165 464 in

142 493 282 536 occasum
304 473 412 534 declini
430 473 491 533 sole
515 475 547 532 in
564 473 684 551 pascuis
706 476 816 549 negant
834 472 973 531 contueri
996 471 1085 530 inter
1104 467 1165 530 sese

142 563 194 624 sed
218 565 469 643 ammoniacem,
491 561 616 640 reliquis
638 568 739 646 autem
761 559 842 619 horis
866 559 1008 620 adversas
1032 566 1070 620 et
1092 561 1162 618 inter

143 672 175 714 se
212 655 411 732 cognationes.
466 650 614 730 dependet
645 651 779 710 omnium
814 657 915 709 mento
946 648 1043 710 villus
1081 667 1166 728 quen

89 754 143 803 204
152 760 297 803 aruncum
315 749 429 801 vocant
459 739 515 801 hoc
534 741 560 799 si
579 741 646 818 quis
665 738 880 818 adprehensam
902 757 939 798 ex
958 756 1059 817 grege
1083 757 1163 798 urnam

142 831 251 912 trahat,
275 829 571 909 ceterae'stupentes
594 836 738 908 spectant.
767 827 797 887 id
820 829 909 888 etiam
932 829 1081 909 evenire,
1106 847 1163 888 cun

143 920 289 998 quandam
307 919 430 980 herbam
449 918 546 997 aliqua
569 937 606 978 ex
624 920 668 978 eis
687 917 888 978 momorderit.
918 935 1047 978 morsus
1069 935 1165 978 eamn

143 1008 242 1069 arbori
264 1017 311 1069 est
333 1009 467 1070 exitialis.
509 1007 616 1068 olivam
637 1005 793 1068 lambendo
817 1025 935 1085 quoque
960 1006 1112 1068 sterilem
1136 1009 1165 1066 la·

143 1100 239 1179 ciunt,
263 1116 356 1177 eaque
380 1117 417 1158 er
440 1115 528 1158 causa
550 1096 699 1158 Minervae
723 1113 783 1156 non
805 1096 1008 1157 immolantur.

90 1200 141 1249 205
210 1181 364 1270 51.(77)
389 1186 473 1247 Suilli
496 1188 614 1266 pecoris
638 1185 802 1246 admissura
826 1185 979 1246 alaronio
1004 1186 1047 1247 ad
1073 1189 1159 1266 aequi

143 1279 275 1338 noctium
298 1293 436 1357 vernum,
459 1283 540 1336 aetas
562 1283 666 1336 octavo
690 1293 804 1356 mense,
829 1273 1013 1353 quibusdam
1041 1278 1080 1337 in
1103 1276 1166 1336 loci,

143 1367 232 1426 etiam
249 1374 366 1446 quarto,
388 1383 484 1444 usque
508 1365 544 1424 ad
567 1373 704 1426 octavum
726 1382 846 1426 annum.
875 1373 981 1445 partus
1005 1365 1063 1427 bis
1090 1386 1168 1448 annu

143 1464 260 1535 tempus
287 1462 374 1516 utero
402 1461 543 1534 quattuor
570 1472 721 1536 mensum,
750 1472 894 1515 numerus
919 1454 1117 1517 fecunditati
1142 1453 1168 1514 al

142 1546 276 1625 vicenos,
306 1545 358 1604 sed
382 1543 509 1604 educare
537 1561 596 1604 non
620 1551 735 1623 queunt
757 1551 818 1604 tem
840 1543 957 1604 multos.
1010 1543 1163 1606 diebus.

143 1635 222 1694 cirea
244 1633 382 1694 brumam
405 1635 504 1696 statim
527 1634 663 1694 dentatos
687 1634 770 1694 nasci
787 1632 953 1713 Nigidius
979 1635 1096 1696 tradit.
1128 1639 1166 1694 im

142 1721 262 1800 plentur
290 1741 351 1784 uno
379 1725 473 1804 coitu,
506 1724 558 1802 qui
584 1729 615 1783 et
642 1724 810 1802 geminatur
837 1730 961 1802 propter
991 1724 1169 1792 facilitatem

143 1811 304 1873 aboriendi.
337 1813 510 1892 remedium,
534 1830 571 1872 ne
590 1813 687 1892 prima
709 1811 865 1872 subatione
888 1830 988 1891 neque
1008 1822 1094 1875 ante
1114 1815 1169 1874 ilar¹

91 1902 233 1962 toocidas
256 1920 345 1963 aures
369 1904 464 1963 coitus
487 1902 546 1962 liat.
591 1919 688 1962 mares
712 1919 772 1962 non
795 1900 873 1962 ultra
895 1903 1064 1964 trimatum
1092 1923 1169 1983 gene

144 1999 219 2051 rant.
255 1993 381 2052 feminae
405 1997 559 2052 senectute
583 1991 678 2052 fessae
702 1989 846 2052 cubantes
869 1999 988 2052 coeunt.
1032 2012 1169 2055 comes<

144 2081 225 2141 letus
241 2080 288 2141 bis
308 2099 367 2142 non
386 2088 432 2141 est
445 2080 621 2160 prodigium.
645 2082 708 2140 suis
728 2081 807 2142 setus
826 2081 970 2142 sacrificio
990 2082 1047 2143 die
1071 2087 1162 2164 quim

143 2189 238 2249 purus
266 2178 326 2251 est,
355 2172 472 2250 pecoris
500 2169 548 2230 die
571 2184 637 2250 vn,
666 2169 750 2230 bovis
778 2184 860 2231 xxx
908 2170 1161 2234 Coruncanio

144 2259 306 2320 ruminales
336 2259 449 2321 hostias
481 2259 576 2320 donec
608 2258 745 2320 bidentes
777 2259 883 2322 tierent
911 2279 1004 2340 puras
1042 2267 1163 2343 negari

144 2367 239 2410 suem·
252 2349 338 2411 oculo
366 2351 473 2410 amisso
496 2356 603 2428 putant
630 2350 689 2409 cito
714 2350 877 2431 exstingui,
908 2349 1021 2430 alioqui
1053 2355 1123 2414 vita
1149 2371 1163 2412 e

143 2453 192 2498 xv
219 2457 325 2520 annos,
356 2437 533 2518 quibusdam
561 2446 591 2499 et
617 2440 746 2499 vicenos.
792 2457 896 2500 rerum
923 2440 1123 2524 efferantur,
1156 2466 1164 2499 ι

143 2528 214 2588 alias
237 2526 398 2588 obnoxium
417 2546 511 2608 genus
532 2527 654 2609 morbis,
677 2530 801 2608 anginae
820 2531 945 2589 maxime
969 2537 1002 2590 et
1021 2538 1157 2592 struma

92 2617 242 2678 eotindex
265 2619 328 2678 suis
350 2617 493 2678 invalidae
518 2635 608 2678 cruor
631 2619 662 2677 in
683 2617 782 2678 radice
806 2626 903 2679 saetae
922 2618 1012 2680 dorso
1042 2621 1168 2682 evolso«

144 2714 232 2787 caput
255 2705 410 2785 obliquum
432 2709 463 2767 in
486 2708 615 2768 incessu.
660 2709 834 2786 paenuriam
854 2707 939 2769 lactis
961 2713 1151 2791 praepingu

144 2797 290 2877 sentiunt,
320 2803 350 2856 et
372 2799 468 2876 primo
497 2797 560 2856 fetu
587 2798 687 2857 minus
715 2805 785 2857 sunt
812 2816 998 2859 numerosae.
1052 2802 1091 2862 in
1121 2803 1168 2862 lut

144 2883 285 2944 volutatio
308 2887 411 2965 generi
433 2893 523 2965 grata.
569 2887 679 2946 intorta
707 2885 807 2946 cauda.
853 2887 883 2948 id
905 2889 996 2948 etiam
1019 2900 1170 2953 notatu

145 2973 261 3034 facilius
283 2974 368 3036 litare
392 2977 423 3035 in
447 2974 603 3036 dexterum
628 2993 715 3055 quam
739 2978 770 3035 in
793 2975 908 3036 laetum
931 2977 1067 3041 detorta.
1119 2985 1167 3062 pir

218 3219 339 3273 bsirtes
361 3223 390 3271 li.
424 3218 511 3287 syrien
534 3220 571 3273 ⁸¹.
610 3220 664 3274 -ias
686 3218 1063 3288 n²cdd.cett.1uillor²=².
1105 3225 1152 3278 ull

146 3291 184 3342 2¹.
203 3290 266 3344 uilli
288 3307 311 3344 r.
376 3289 519 3346 3deeliui
541 3295 587 3347 dc.
651 3297 721 3345 ose
745 3291 782 3344 ι’.
806 3307 857 3345 oen.
880 3308 902 3344 r.
935 3290 987 3358 cfr.
1008 3291 1169 3350 Srrltrm'dae¹

145 3362 183 3414 ad
200 3361 288 3415 Arist.
307 3361 333 3415 le.
353 3378 379 3415 a.
398 3363 445 3412 IX
461 3365 479 3415 4
497 3367 558 3416 tom.
578 3365 626 3414 IV
635 3379 666 3432 p.
677 3368 724 3419 29.
776 3369 790 3416 ‘l
817 3362 905 3416 etiam
928 3368 959 3416 n.
992 3379 1047 3420 om.
1075 3383 1107 3421 r.

145 3433 224 3484 test-
241 3432 304 3486 rid.
333 3447 366 3486 ae
384 3433 453 3486 1³1¹.
476 3449 526 3487 οιιι.
545 3449 568 3487 r.
652 3439 684 3488 12
703 3433 904 3502 quibusda-mc
941 3433 1049 3502 quibus
1067 3437 1107 3492 Π.

146 3505 179 3552 11
199 3519 255 3555 non
272 3505 380 3570 queunt
397 3519 444 3572 epo
462 3519 523 3558 nov.
538 3505 591 3558 luc.
605 3510 695 3573 1182.
720 3506 905 3576 nequeunt-ll
960 3511 1005 3568 ‚22
1024 3505 1084 3562 VII
1108 3513 1170 3562 1²:

144 3569 225 3624 VIr.
303 3579 338 3627 24
357 3580 578 3629 suesBecorr.
607 3578 825 3632 (1111111111.
845 3595 870 3632 a.
895 3579 990 3632 V118
1005 3583 1158 3647 p.573,1

217 3648 250 3694 31
266 3642 347 3698 litere
359 3645 424 3699 Dal.
443 3644 596 3699 1111111111
615 3663 673 3701 -ere
683 3648 728 3702 12¹.
747 3648 828 3703 litere
842 3655 872 3702 n.
891 3648 944 3702 let·
957 3648 994 3700 1²
1004 3649 1034 3704 io
1047 3665 1118 3708 raa.
1138 3671 1170 3704 κ
