2340 3934
197 201 240 266 34
366 132 370 156 ³
546 196 575 252 C.
594 195 694 252 PLINI
712 192 871 249 suenum

196 363 353 414 ternorum
372 355 460 428 atque
480 348 569 408 etiam
587 348 618 407 in
635 363 748 406 oceano
762 345 933 424 genitorum
950 361 1022 404 usus
1035 339 1080 402 illo
1092 342 1155 402 hono

198 459 287 522 quem
310 439 438 500 maiores
457 435 540 498 Latio
564 453 684 516 quoque
708 435 888 513 negaverint.
921 441 968 495 est
991 438 1021 493 et
1041 429 1070 492 L.
1086 431 1155 492 Fuld

197 535 277 592 inter
299 529 426 610 insignia
448 524 595 607 exempla,
618 523 856 586 Tusculanorum
875 520 1079 584 rebellantium
1095 539 1155 581 const

198 620 363 699 eodemque
382 617 513 698 faenore,
543 633 613 676 cum
635 616 805 695 transisset,
835 619 1002 674 crematus·
1020 611 1150 672 confestim

197 709 309 791 populo
332 707 479 787 Romano,
510 705 561 784 qui
584 703 670 766 solus
688 703 795 764 eodem
816 719 894 763 anno
918 719 979 781 quo
1002 701 1092 762 fuerat
1110 700 1155 759 lost

148 799 318 860 1otllomae
346 795 540 876 triumphavit
567 795 668 865 exiis
697 809 827 872 quorum
854 790 959 853 consul
987 790 1087 851 fuerat.
1124 807 1155 850 un

199 888 352 948 hominum
380 885 417 946 ad
444 884 501 944 hoc
530 885 594 944 aeri
616 881 724 943 Felicis
752 880 810 942 sibi
838 899 1005 961 cognomen
1031 879 1141 940 adseruit

200 974 294 1057 Sulla,
327 974 405 1036 civili
429 991 536 1054 nempe
560 973 702 1053 sanguine
730 989 765 1032 ac
786 973 900 1051 patriae
924 971 1155 1052 oppugnationes

199 1072 340 1145 optatum.
371 1066 428 1125 sed
449 1061 558 1142 quibus
578 1061 728 1123 felicitatis
750 1060 891 1121 inductus
909 1054 1107 1140 argumentis?
1125 1075 1155 1136 qo

199 1153 389 1236 proscribere
408 1160 453 1214 tot
470 1151 550 1212 milia
569 1153 679 1212 civium
698 1169 732 1211 ac
746 1149 897 1222 trucidare
912 1151 1069 1229 potuisset
1093 1165 1155 1226 opra

199 1245 408 1324 interpretatio
432 1250 462 1302 et
480 1242 582 1302 futuro
601 1249 737 1321 tempore
755 1237 871 1301 infelix!
894 1257 955 1300 non
979 1237 1104 1300 melioris
1119 1255 1155 1296 sor

200 1343 272 1396 tunc
287 1334 372 1395 fuere
386 1339 549 1412 pereuntes
564 1347 692 1410 quorum
710 1331 889 1390 miseremur
902 1328 1002 1412 hodie,
1026 1346 1090 1389 cum
1102 1325 1155 1386 sm

149 1429 199 1480 138
209 1441 297 1484 nemo
325 1440 386 1483 non
414 1416 535 1482 oderit?
580 1438 647 1502 age,
679 1437 739 1480 non
767 1420 865 1480 exitus
887 1420 963 1480 vitae
994 1420 1060 1480 eius
1084 1417 1155 1476 omnis

200 1513 438 1593 proscriptorum
461 1509 497 1570 alr
516 1509 566 1570 illo
585 1509 750 1570 calamitate
764 1507 925 1570 crudelior
943 1509 1003 1570 fuit
1025 1506 1145 1569 erodente

200 1605 267 1683 ipso
290 1618 416 1681 corpore
440 1607 471 1661 et
493 1597 637 1679 supplicia
660 1597 717 1658 sibi
738 1593 900 1678 gignente?
922 1597 1004 1678 quod
1027 1605 1061 1658 ut
1081 1596 1155 1657 dissln

201 1691 307 1753 laverit
335 1697 366 1750 et
393 1707 533 1769 supremo
561 1689 677 1749 somnio
706 1690 784 1770 eins,
814 1690 863 1749 cui
886 1689 1057 1749 inmortuus
1078 1684 1155 1765 quoda

201 1779 289 1842 modo
317 1787 376 1861 est,
409 1779 566 1840 credamus
593 1775 629 1838 ab
657 1795 719 1838 nno
746 1776 798 1838 illo
825 1777 965 1838 invidiam
989 1776 1081 1857 gloria
1102 1777 1144 1834 rict

202 1870 260 1931 hoc
289 1877 388 1930 tamen
421 1886 528 1949 nempe
559 1867 693 1928 felicitati
723 1885 794 1928 suae
825 1867 956 1928 defuisse
990 1791 1155 1954 confessus]

202 1957 282 2039 quod
305 1957 491 2038 Capitolium
505 1975 566 2018 non
589 1956 793 2018 dedicavisset.

150 2057 201 2105 139
270 2041 344 2130 (45)
391 2047 424 2118 Q.
448 2046 584 2108 Metellus
607 2049 639 2106 in
662 2064 697 2106 ea
720 2047 854 2107 oratione
878 2063 967 2126 quam
990 2044 1092 2106 habuit
1110 2061 1135 2102 so

203 2139 259 2198 mis
281 2136 418 2197 laudibus
441 2138 535 2216 patris
558 2137 606 2196 sui
628 2135 660 2196 L.
684 2135 794 2198 Metelli
817 2136 980 2218 pontilicis,
1012 2135 1059 2197 ltis
1081 2151 1137 2194 cous

203 2227 368 2307 dictatoris,
399 2228 534 2306 magistri
563 2227 712 2307 equitnm,
744 2225 972 2306 quindecimviri
1004 2227 1080 2306 agris
1103 2221 1145 2283 dm

203 2317 254 2394 qui
277 2317 422 2395 plurimos
450 2313 622 2394 elephantos
651 2333 688 2376 ex
710 2316 808 2395 primo
831 2314 945 2376 Punico
972 2313 1053 2376 bello
1077 2313 1152 2386 duait

203 2404 369 2486 triumpho,
399 2406 545 2486 scriptum
568 2403 690 2484 reliquit
713 2402 817 2466 decem
844 2407 986 2466 maximas
1010 2423 1059 2466 res
1080 2387 1152 2504 optini

204 2513 276 2577 que,
307 2496 339 2554 in
369 2492 478 2574 quibus
509 2493 687 2573 quaerendis
720 2496 870 2574 sapientes
900 2502 1029 2556 aetatem
1060 2495 1151 2570 exigere

151 2592 203 2642 140
213 2601 434 2646 consummasse
463 2601 547 2644 eum:
591 2582 719 2644 voluisse
749 2585 829 2644 enim
850 2586 1028 2664 primarium
1050 2583 1151 2696 bellatoq

204 2693 284 2758 csse,
307 2675 453 2754 optimum
475 2680 637 2754 oratorem,
661 2673 858 2734 fortissimum
876 2676 1096 2754 imperatorem,
1114 2687 1150 2748 aas

204 2767 250 2824 cio
274 2782 329 2825 suo
352 2765 494 2824 maximas
517 2781 566 2824 res
585 2764 659 2845 geri,
681 2765 810 2824 maximo
828 2763 941 2824 honore
960 2766 1016 2846 uti,
1038 2777 1135 2824 summa

203 2855 315 2932 pientia
329 2871 404 2934 esse,
427 2871 577 2914 summum
593 2859 762 2914 senatorem
775 2851 887 2935 haberi,
909 2855 1067 2932 pecuniam
1083 2869 1120 2912 ma

115 2998 120 3008 ,
204 2941 282 3000 bono
310 2941 398 3002 modo
421 2943 570 3024 invenire,
602 2941 711 3003 mrsltos
734 2941 845 3004 liberos
867 2941 1040 3023 relinquere
1067 2951 1093 3003 et

205 3033 314 3091 simum
340 3031 372 3090 in
400 3031 518 3092 civitate
547 3050 621 3092 esse.
667 3031 741 3093 haec
769 3034 929 3112 contigisse
957 3034 985 3094 ei
1013 3051 1067 3094 nec
1088 3028 1120 3092 ull

152 3127 282 3200 141post
308 3118 432 3179 Romam
460 3119 617 3181 conditam.
667 3120 790 3202 longum
816 3130 863 3184 est
889 3121 1026 3183 refellere
1059 3131 1119 3183 ets

204 3226 330 3271 vactutm
353 3207 469 3268 abunde
493 3227 553 3269 uno
576 3227 648 3271 casu
671 3212 830 3274 refutante.
867 3211 1014 3291 siquidem
1036 3214 1061 3272 is
1082 3209 1118 3270 lle

276 3415 477 3486 enegavenm
492 3421 571 3472 m.
597 3421 674 3473 -runl
691 3436 714 3474 r.
779 3425 871 3490 equo
888 3437 913 3475 o.
941 3419 991 3490 qui
1009 3421 1036 3476 fi.
1093 3420 1112 3468 8·

205 3492 341 3560 optatum.
361 3487 410 3543 sed
428 3488 513 3544 Safm.
532 3505 617 3546 erere.
637 3491 872 3562 Pimprama.
900 3495 995 3548 -mtus
1015 3494 1043 3547 et
1063 3490 1087 3546 ll.

204 3563 301 3631 posset
318 3564 367 3614 dr.
449 3567 481 3616 12
499 3561 584 3616 hodie
602 3578 652 3618 om.
671 3568 702 3616 tt.
786 3564 1029 3634 laquedonen
1101 3565 1113 3612 f

205 3631 335 3686 metellus
352 3631 397 3686 12¹.
423 3649 507 3701 quem
524 3635 594 3686 met
613 3637 637 3688 d.
663 3633 720 3702 qud
737 3636 765 3706 (α’.
781 3652 802 3690 e.
816 3636 902 3706 quod)
920 3637 990 3692 met
1007 3635 1049 3702 κ’,
1065 3633 1099 3688 lo·

205 3719 244 3755 ac
257 3708 340 3768 reete;
359 3705 487 3772 speciosis
500 3705 619 3774 inceptat
632 3722 656 3759 v.
668 3710 714 3762 32.
770 3711 804 3764 23
818 3707 954 3778 plurimos
971 3707 1045 3763 Pt'rtt.
1065 3703 1123 3774 prim
