2396 3940
175 186 241 251 224
518 182 547 238 C.
566 181 666 237 PLINI
685 177 843 236 SECUNDI

175 336 356 416 glomeratur
375 337 454 396 circa
473 351 582 413 eorpus
606 335 679 394 eius.
717 330 903 393 subtrahitur
925 332 1027 409 itaque
1051 325 1171 388 diductae

176 425 367 486 multitudini.
416 424 487 485 alias
514 429 683 502 spectantes
707 423 872 482 exanimem
901 418 1018 481 luctum
1047 434 1105 478 non
1131 417 1172 476 mi·

177 523 282 576 nuunt.
334 523 405 575 tunc
436 530 568 594 quoque,
600 513 632 572 ni
664 510 870 591 subveniatur,
901 509 979 570 lame
1012 509 1173 568 moriuntur.

176 603 324 664 hilaritate
347 605 438 683 igitur
460 611 490 664 et
508 604 606 663 nitore
629 603 738 662 sanitas
762 601 942 660 aestimatur.
988 591 1046 660 19.
1070 604 1133 657 suut
1153 605 1176 654 ct

178 694 278 772 operis
312 692 416 753 morbi.
469 711 537 753 cum
569 691 650 751 favos
682 707 743 750 non
774 688 910 770 explent,
943 687 1047 748 claron
1079 693 1174 744 vocant.

178 783 250 842 item
273 781 487 863 hlapsigonian,
511 783 536 841 si
559 781 653 840 letum
676 797 736 840 non
758 785 909 858 peragant.

124 879 159 930 tto
245 865 319 954 (21)
343 871 464 931 Inimica
487 877 517 930 et
540 868 614 930 echo
638 875 684 929 est
706 867 863 929 resultanti
886 885 974 947 sono,
999 867 1054 946 qui
1076 863 1175 944 parides

179 960 293 1021 alterno
316 959 414 1039 pulset
437 962 507 1020 ictu.
544 959 663 1019 inimica
687 965 717 1018 et
739 957 855 1018 nebula.
888 957 989 1017 aranei
1010 972 1126 1034 quoque
1142 951 1175 1010 vel

179 1051 304 1110 maxime
332 1048 464 1109 hostiles.
511 1066 579 1108 cum
605 1046 797 1127 praevaluere
826 1053 860 1107 ut
887 1049 1038 1128 intexant,
1071 1053 1176 1104 enecant

180 1138 268 1199 alvos,
312 1137 420 1218 papilio
444 1139 545 1218 etiam,
573 1137 621 1196 hic
644 1139 767 1216 ignavus
791 1143 820 1196 et
842 1134 1058 1215 inhonoratuS,
1079 1131 1177 1193 lumini·

180 1227 236 1288 hus
260 1229 392 1288 accensis
415 1225 587 1307 advolitans,
608 1225 743 1306 pestifer,
766 1243 821 1286 nec
844 1243 905 1286 uno
928 1223 1030 1285 modo.
1077 1240 1138 1282 nam
1157 1231 1176 1278 u

180 1319 243 1397 ipse
267 1335 351 1376 ceras
378 1315 547 1395 depascitur
560 1315 605 1376 'et
632 1313 776 1394 relinquit
804 1320 1010 1395 excrementa,
1043 1331 1059 1373 e
1090 1309 1177 1390 quilius

178 1405 329 1466 teredines
366 1407 537 1484 gignuntur.
596 1403 644 1464 fila
681 1401 770 1464 etia'm
806 1421 963 1484 araneosa,
1008 1419 1184 1482 quacumque

123 1505 160 1554 66
179 1497 314 1576 incessit,
345 1494 458 1555 alarum
484 1495 609 1555 maxime
642 1512 658 1552 e
686 1489 825 1572 lanugine
857 1491 978 1553 obtexit.
1035 1499 1178 1552 nascuntru

180 1586 263 1645 etin
286 1586 351 1664 ipso
374 1583 453 1662 ligno
477 1583 627 1643 teredines
651 1600 726 1661 quae
751 1600 834 1643 ceras
856 1583 1021 1662 praecipue
1047 1581 1177 1661 adpetunt

179 1673 301 1734 infestat
324 1679 354 1734 et
381 1672 503 1733 aviditas
530 1679 646 1753 pastus,
676 1673 767 1732 nimia
798 1671 907 1732 tiorum
936 1671 1078 1732 satietate
1107 1687 1178 1728 verm

180 1763 306 1822 maxime
334 1769 467 1841 tempore
496 1760 559 1822 alvo
589 1763 656 1822 cita.
703 1760 768 1821 oleo
796 1760 917 1840 quidem
944 1778 1007 1820 non
1038 1778 1107 1840 apes
1133 1767 1177 1817 tan·

180 1859 258 1934 tum,
282 1851 334 1912 sed
357 1851 455 1911 omnia
477 1853 589 1911 insecta
613 1852 832 1932 exanimantur,
861 1851 1026 1930 praecipue
1052 1852 1079 1910 si
1104 1849 1178 1926 capite

129 1948 162 1998 ov
182 1943 273 2002 uncto
303 1943 334 2000 in
365 1939 426 2000 sole
455 1947 612 2019 ponantur.
659 1938 816 2018 aliquando
847 1945 876 2000 et
905 1941 987 2020 ipsae
1019 1937 1178 2000 contrahunt

183 2031 288 2090 mortis
307 2028 363 2090 sibi
382 2047 500 2110 carrsas,
522 2047 591 2089 cum
615 2029 736 2088 sensere
756 2030 844 2088 eximi
863 2027 962 2110 mella,
986 2029 1075 2089 avide
1098 2043 1179 2086 vcran·

183 2127 238 2199 tes,
261 2126 361 2179 cetero
379 2135 558 2199 praeparcae
580 2124 611 2178 et
629 2135 705 2196 quae
728 2116 837 2197 alioqui
855 2115 995 2198 prodigas
1021 2125 1111 2198 atque
1132 2115 1180 2174 eda·

184 2225 234 2268 ces
257 2225 317 2267 non
347 2225 434 2269 secus
464 2225 498 2268 ac
525 2209 623 2286 pigras
651 2214 681 2268 et
708 2208 827 2286 ignavas
853 2205 1048 2287 proturbent.
1094 2213 1183 2266 nocent

185 2303 215 2358 et
238 2314 291 2356 sua
314 2296 400 2357 mella
426 2298 499 2377 ipsis
526 2295 686 2374 inlitaeque
714 2294 750 2355 ab
778 2315 880 2358 aversa
906 2303 991 2377 parte
1022 2298 1183 2358 moriuntur.

184 2392 229 2446 tot
251 2383 398 2467 hostilem,
422 2392 466 2447 tot
488 2383 606 2446 casibus
630 2417 672 2426 -—
696 2393 727 2445 et
749 2393 870 2464 quotam
895 2388 1072 2466 portionem
1099 2363 1183 2444 cornel

184 2470 409 2556 commemoro?
438 2508 480 2518 —
510 2482 571 2535 tam
600 2474 774 2535 munificum
803 2474 910 2536 animal
941 2477 1115 2554 expositum
1143 2479 1181 2529 est

184 2563 315 2625 remedia
345 2562 477 2626 dicemus
507 2565 569 2624 suis
598 2562 687 2644 locis3
719 2582 800 2625 nune
837 2567 916 2626 enim
951 2581 1056 2625 sermo
1086 2562 1120 2623 de
1146 2577 1181 2620 ru·

184 2663 252 2716 tura
276 2661 329 2714 est.

127 2749 165 2802 et
241 2739 314 2806 20.
339 2736 412 2828 (22)
441 2741 576 2802 Gaudent
602 2741 709 2821 plausu
737 2750 825 2821 atque
852 2743 964 2802 tinnitu
992 2744 1076 2804 aeris
1106 2757 1169 2817 eoqu

185 2840 395 2893 convocantur.
441 2850 499 2911 quo
523 2831 713 2892 manifestum
741 2838 787 2892 est
809 2831 927 2892 auditus
951 2849 1077 2911 quoque
1103 2833 1169 2890 iness

186 2939 316 2982 sensum.
354 2919 582 3002 edecto'operc,
607 2920 714 2982 educto
738 2921 810 3002 fetu,
834 2919 952 2982 inuictae
973 2938 1101 2982 munere
1118 2917 1181 2978 omrai

186 3011 428 3072 exercitationem
455 3018 554 3076 tamen
582 3009 755 3072 sollemnem
772 3008 908 3091 nabent,
937 3011 1136 3090 spatiataeque
1159 3007 1182 3066 u

257 3260 271 3308 1
296 3253 426 3308 diductae
444 3257 495 3310 nd
524 3254 564 3308 -to
582 3258 613 3306 Β.
646 3253 688 3307 -te
706 3270 731 3308 s.
763 3252 882 3308 deducte
899 3257 935 3306 Ι.
1037 3259 1053 3306 2
1078 3249 1179 3304 multita-

186 3324 332 3378 oinium.
365 3341 412 3379 -ne
430 3341 452 3379 r.
538 3329 630 3378 onon
647 3340 697 3378 one
716 3323 803 3378 nodi
885 3325 1127 3394 opemguntltn.

186 3395 315 3464 8pulset
331 3399 356 3447 B
373 3411 387 3448 e
405 3411 474 3450 corr.
492 3411 516 3448 v.
554 3410 595 3448 -se
613 3401 664 3449 ne.
702 3411 745 3470 sq
763 3399 788 3449 d.
825 3394 915 3452 sulcet
930 3399 966 3450 Ι.
1000 3395 1005 3463 Ι
1040 3394 1099 3448 ictu
1115 3393 1182 3448 13¹.

187 3464 242 3516 situ
260 3471 312 3518 ne.
345 3464 423 3520 sitd.
506 3469 537 3518 10
556 3465 602 3520 hic
619 3471 654 3520 1.
687 3483 738 3521 om.
757 3483 801 3521 ro.
882 3471 915 3522 12
934 3449 1182 3520 elcrementss*

187 3539 256 3586 eit.
281 3550 394 3590 mro.
468 3540 501 3588 14
520 3541 584 3590 elt.
607 3537 935 3608 om.ro.llcnguinelt.
961 3536 1040 3608 -gine
1058 3537 1100 3591 1¹.
1126 3547 1178 3601 -gw

182 3602 240 3656 dee
258 3621 283 3657 e.
368 3611 402 3660 22
422 3607 536 3660 etw.
561 3622 612 3662 om.
632 3607 669 3661 ‹1¹.
698 3610 783 3678 atque
801 3625 846 3664 re.
932 3614 966 3663 23
986 3604 1174 3663 aduersante

259 3679 293 3725 30
310 3673 423 3730 functae
441 3681 476 3729 Ι.
505 3678 545 3730 -to
564 3693 607 3730 ro.
633 3681 638 3745 Ι
662 3681 771 3734 muneri
789 3681 904 3735 wad
