2286 3938
140 178 205 252 224
486 192 519 244 c.
541 195 636 248 rursu
658 193 808 245 uacuum

142 352 219 415 inter
240 370 273 412 se
291 357 444 420 coomoaot
464 347 532 412 irinc
554 347 700 414 Nomades
723 357 756 414 et
777 350 967 416 Sauromatae
986 347 1077 410 mulus
1094 366 1133 408 no

141 435 285 514 minibus,
307 435 387 499 illino
401 433 524 496 Abzoae
542 451 600 496 non
615 434 811 514 paucioribus.
849 433 884 494 ab
907 434 1026 494 introitu
1047 432 1134 492 dextra

143 538 308 586 mucronem
330 521 424 600 ipsum
445 515 569 584 laudum
590 526 693 588 teuent
718 516 804 580 Udini
827 516 996 594 Scytharum
1017 516 1133 596 populus.

144 606 210 668 dein
225 624 279 685 per
295 622 374 670 oram
389 602 515 684 Albani,
537 612 567 669 ut
582 603 696 681 ferunt,
712 602 748 664 ab
770 601 877 671 Iasone
893 602 967 680 orti,
990 611 1056 664 ante
1076 617 1134 678 quos

93 693 127 749 au
145 689 222 768 quod
241 707 321 754 mare
350 695 395 750 est
417 687 559 750 Albanum
581 687 756 752 nominatur·
797 685 877 758 Haec
897 703 972 764 gens
1001 685 1136 764 superfusa

143 775 289 837 montibus
311 770 459 837 Caucasiis
482 770 518 834 ad
542 769 649 847 Cyrum
670 789 798 849 amnem,
820 771 978 835 Armeniae
1002 769 1137 831 confinium

108 873 133 908 u
145 869 231 938 atque
243 857 392 935 Hiberiae,
407 855 570 936 deseendit,
584 863 617 919 ut
630 855 736 919 dictum
749 865 803 920 est.
828 855 922 934 Sapra
936 855 1075 922 maritima
1089 856 1138 915 eins

145 941 361 1022 Udinorumque
380 949 497 1019 gentem
512 940 678 1018 Sarmatae,
694 939 842 1016 Utidorsi,
859 939 1005 1008 Aroteres
1022 947 1138 1020 praeter·

109 1042 133 1077 ⁸⁵
146 1027 264 1103 duntur,
285 1043 406 1106 quorum
428 1043 444 1086 a
466 1033 552 1104 tergo
571 1025 713 1092 indicatae
736 1026 791 1086 iam
812 1025 978 1090 Amazones
999 1033 1034 1086 et
1052 1023 1139 1084 Sauro-

144 1111 277 1173 matidas.
306 1109 437 1172 Flumina
458 1127 513 1189 per
527 1109 681 1174 Albaniam
694 1109 853 1172 decurrunt
872 1110 902 1172 ia
917 1127 1002 1173 mare
1020 1106 1104 1168 Casus
1118 1115 1139 1166 et

146 1195 291 1274 Albanus,
312 1193 379 1258 dein
401 1193 561 1272 Cambyses
581 1197 611 1254 in
633 1192 781 1257 Caucasiis
804 1203 885 1262 ortus
904 1193 1070 1270 montibus,
1088 1207 1140 1252 mor

111 1300 135 1334 re
149 1277 241 1356 Cyrus
256 1281 285 1340 in
301 1276 471 1360 Coraxicis,
493 1287 525 1340 ut
542 1279 675 1343 diximus.
706 1277 792 1340 Onam
809 1296 922 1346 omnem
941 1296 958 1340 a
978 1275 1055 1340 Caso
1075 1293 1140 1356 prae·

146 1365 211 1424 altis
232 1363 353 1443 rupibus
375 1382 496 1426 accessu
517 1381 620 1429 carere
635 1381 690 1444 per
706 1360 891 1428 CCCCXXV
904 1361 934 1422 ll
955 1381 1036 1442 pass.
1059 1370 1141 1422 auctor

147 1457 193 1509 est
210 1448 353 1528 Agrippa.
385 1446 507 1525 Aquo
523 1445 659 1529 Caspium
673 1465 753 1509 mare
768 1447 866 1511 vocari
883 1448 994 1527 incipit.
1027 1445 1141 1508 accolunt

95 1537 133 1588 40*
147 1531 254 1613 Caspii.
297 1528 495 1610 Corrigendus
517 1541 564 1594 est
586 1533 617 1594 in
637 1532 694 1596 hoc
711 1532 779 1594 loco
795 1549 882 1594 error
901 1531 1059 1596 multorum
1074 1531 1139 1590 etia·

147 1621 196 1698 qui
217 1621 246 1683 io
268 1617 407 1684 Armenia
428 1635 477 1680 res
520 1617 633 1683 roxime
648 1635 711 1681 cum
731 1614 900 1682 Corbulone
916 1635 1055 1696 gessere.
1084 1633 1135 1674 nan

148 1722 205 1782 que
226 1703 255 1763 hi
275 1699 396 1780 Caspias
418 1634 608 1781 appeAavere
634 1710 734 1781 portas
755 1701 895 1764 Hiberiae
916 1720 989 1781 quas
1006 1699 1141 1764 Caucasia.

110 1799 134 1834 ⁸⁰
148 1789 270 1848 diximus
293 1788 409 1864 vocari,
436 1788 587 1865 situusque
607 1785 717 1867 depicti
738 1785 856 1848 atinde
876 1787 957 1848 missi
978 1785 1038 1848 lroo
1058 1803 1130 1848 none

147 1875 316 1952 inscriptum
326 1871 445 1935 babent.
464 1879 494 1932 et
505 1869 633 1934 Neronis
646 1871 785 1950 principis
801 1872 985 1934 comminatio
997 1871 1035 1934 ad
1042 1869 1141 1948 Caspia.

147 1966 249 2040 portas
267 1955 389 2018 tendere
402 1955 564 2033 dicebatur,
576 1974 640 2018 cum
653 1963 771 2035 peteret
783 1955 848 2018 illas
860 1973 934 2035 quae
947 1955 1004 2037 per
1014 1955 1142 2016 Hiberiam

147 2045 176 2101 in
186 2041 337 2106 Sarmatas
355 2039 487 2119 tendunt,
501 2041 552 2101 vix
570 2040 629 2102 ullo
645 2049 768 2120 propter
783 2041 937 2120 oppositos
952 2049 1072 2102 montes
1085 2039 1142 2098 adiu

147 2125 183 2186 ad
201 2123 336 2204 Caspium
351 2142 440 2187 marc.
472 2132 538 2186 sunt
553 2134 648 2188 autem
662 2124 737 2186 aliae
754 2122 869 2203 Caspiis
884 2125 1025 2203 gentibus
1036 2127 1142 2184 iunctae

146 2208 225 2354 pluod
250 2209 383 2286 dignosci
413 2226 472 2270 non
503 2217 604 2292 potest
633 2209 689 2272 uisi
715 2211 852 2272 comitatu
875 2227 974 2272 rerum
1002 2207 1140 2270 Alexandr

176 2311 252 2371 agnr.

96 2389 129 2440 41
213 2375 298 2460 (16.)
320 2377 451 2460 Namque
480 2378 634 2442 Persarum
659 2397 767 2458 regna,
797 2397 871 2460 quae
896 2397 972 2442 nunc
992 2377 1128 2441 Parthum

148 2463 362 2542 intellegimus,
380 2463 525 2526 interduo
534 2465 622 2526 maria
634 2465 783 2526 Persicum
802 2473 832 2526 et
849 2463 1025 2541 Hyrcanium
1045 2462 1141 2524 Cauros

149 2549 225 2627 iugis
241 2549 420 2610 attolluntur.
447 2551 591 2628 utrimque
603 2567 657 2628 per
671 2549 784 2610 devexa
799 2548 923 2610 laterum
937 2547 1096 2612 Armeniae
1107 2543 1141 2607 n'

149 2635 206 2694 iori
223 2653 238 2696 a
254 2634 360 2696 irontis
377 2643 461 2714 parte
477 2651 552 2712 quae
567 2633 666 2711 vergit
681 2634 711 2694 in
726 2631 942 2712 Commagenen
955 2632 1116 2714 Cephenia,

113 2737 137 2774 ss
150 2719 283 2799 diximus,
296 2719 460 2799 copulatur,
474 2720 560 2798 eique
576 2716 730 2780 Adiabene
742 2717 931 2796 Assyriorum
942 2719 1068 2796 initium,
1086 2718 1139 2776 cuin

151 2824 218 2882 pars
234 2813 281 2866 est
301 2804 437 2866 Arbilitis
460 2802 509 2864 ubi
524 2802 641 2863 Darium
663 2801 833 2867 Alexander
854 2802 1016 2866 debellavit
1034 2803 1138 2882 prorin

98 2890 132 2941 42
151 2888 263 2965 Syriae.
294 2887 397 2949 Totam
415 2906 479 2950 eam
492 2885 669 2949 Macedones
684 2885 870 2966 Mygdoniam
885 2889 1140 2966 cognominaverun

151 2991 167 3032 a
193 2971 390 3034 similitudine.
437 2972 543 3052 oppida
572 2971 769 3052 Alexandria,
798 2974 869 3034 item
895 2971 1056 3034 Antiochia
1086 2985 1140 3050 quar

150 3055 283 3118 Nesebin
298 3066 412 3118 uocant.
446 3055 531 3116 abest
553 3055 589 3116 ab
606 3056 757 3119 Artaxatis
773 3055 1081 3136 DCCLlllpassuum.
1112 3055 1135 3112 lu

152 3149 183 3202 et
197 3139 290 3202 Ninos
306 3143 433 3222 inposita
450 3139 531 3219 Tigri
550 3140 586 3201 ad
605 3140 678 3203 solis
702 3160 837 3203 occasum
853 3150 1006 3222 spectans,
1025 3139 1133 3220 quondo

151 3224 320 3286 clarissima.
346 3226 460 3306 reliqua
477 3243 549 3286 vero
565 3226 675 3306 fronte,
694 3245 749 3306 qua
765 3228 859 3288 tendit
874 3225 908 3288 ad
925 3223 1064 3305 Caspium
1079 3242 1132 3283 mar

151 3309 331 3390 Atropatene
350 3310 385 3371 ab
402 3310 559 3372 Armeniae
575 3308 670 3373 Otene
685 3313 810 3389 regione
829 3311 956 3374 discreta
972 3311 1086 3372 Araxe.
1114 3325 1139 3385 op

151 3395 248 3474 pidum
264 3397 328 3458 eius
345 3393 457 3472 Canae,
476 3395 511 3456 ah
523 3395 673 3456 Artaxatis
687 3392 809 3456 CCCCL
826 3395 854 3456 ll
870 3413 1023 3477 passuum,
1045 3393 1139 3456 tutides

151 3480 187 3540 ab
202 3479 359 3542 Ecbatanis
375 3478 542 3559 bladorum,
560 3498 682 3560 quorum
697 3499 766 3560 pars
784 3489 851 3542 sunt
865 3481 1048 3562 Atrapateni.
1138 3513 1139 3516 ¹
