<?xml version="1.0" encoding="UTF-8"?>
<!DOCTYPE html PUBLIC "-//W3C//DTD XHTML 1.0 Transitional//EN"
    "http://www.w3.org/TR/xhtml1/DTD/xhtml1-transitional.dtd">
<html xmlns="http://www.w3.org/1999/xhtml" xml:lang="en" lang="en">
 <head>
  <title>
</title>
<meta http-equiv="Content-Type" content="text/html;charset=utf-8" />
  <meta name='ocr-system' content='tesseract 3.04.00' />
  <meta name='ocr-capabilities' content='ocr_page ocr_carea ocr_par ocr_line ocrx_word'/>
</head>
<body>
  <div class='ocr_page' id='page_1' title='image "./naturalishistor02plingoog_0458.png"; bbox 0 0 2340 3934; ppageno 0'>
   <div class='ocr_carea' id='block_1_1' title="bbox 161 155 833 240">
    <p class='ocr_par' dir='ltr' id='par_1_1' title="bbox 161 155 833 240">
     <span class='ocr_line' id='line_1_1' title="bbox 161 155 833 240; baseline -0.046 -1"><span class='ocrx_word' id='word_1_1' title='bbox 161 174 203 240; x_wconf 76' lang='grc'><strong>78</strong></span> <span class='ocrx_word' id='word_1_2' title='bbox 508 164 536 219; x_wconf 81' lang='lat' dir='ltr'><strong>O.</strong></span> <span class='ocrx_word' id='word_1_3' title='bbox 555 160 655 218; x_wconf 84' lang='lat' dir='ltr'>PLINI</span> <span class='ocrx_word' id='word_1_4' title='bbox 675 155 833 214; x_wconf 79' lang='lat' dir='ltr'>SECUNDI</span> 
     </span>
    </p>
   </div>
   <div class='ocr_carea' id='block_1_2' title="bbox 70 305 1162 2719">
    <p class='ocr_par' dir='ltr' id='par_1_2' title="bbox 70 305 1162 2719">
     <span class='ocr_line' id='line_1_2' title="bbox 227 305 1156 386; baseline -0.031 -4"><span class='ocrx_word' id='word_1_5' title='bbox 227 323 339 384; x_wconf 88' lang='lat' dir='ltr'><strong>Verum</strong></span> <span class='ocrx_word' id='word_1_6' title='bbox 365 322 397 380; x_wconf 89' lang='lat' dir='ltr'><strong>in</strong></span> <span class='ocrx_word' id='word_1_7' title='bbox 425 313 573 378; x_wconf 81' lang='lat' dir='ltr'><strong>crocodilo</strong></span> <span class='ocrx_word' id='word_1_8' title='bbox 602 313 698 373; x_wconf 88' lang='lat' dir='ltr'><strong>maior</strong></span> <span class='ocrx_word' id='word_1_9' title='bbox 726 314 790 370; x_wconf 88' lang='lat' dir='ltr'><strong>erat</strong></span> <span class='ocrx_word' id='word_1_10' title='bbox 815 305 910 386; x_wconf 89' lang='lat' dir='ltr'><strong>pestis</strong></span> <span class='ocrx_word' id='word_1_11' title='bbox 938 319 1027 381; x_wconf 89' lang='lat' dir='ltr'><strong>qnam</strong></span> <span class='ocrx_word' id='word_1_12' title='bbox 1056 305 1087 358; x_wconf 91' lang='lat' dir='ltr'><strong>ut</strong></span> <span class='ocrx_word' id='word_1_13' title='bbox 1109 315 1156 356; x_wconf 88' lang='lat' dir='ltr'><strong>unc</strong></span> 
     </span>
     <span class='ocr_line' id='line_1_3' title="bbox 115 387 1157 502; baseline -0.032 -24"><span class='ocrx_word' id='word_1_14' title='bbox 115 489 125 502; x_wconf 44' lang='lat'><strong>·</strong></span> <span class='ocrx_word' id='word_1_15' title='bbox 162 421 243 477; x_wconf 91' lang='lat' dir='ltr'><strong>esset</strong></span> <span class='ocrx_word' id='word_1_16' title='bbox 269 415 335 473; x_wconf 90' lang='lat' dir='ltr'><strong>eius</strong></span> <span class='ocrx_word' id='word_1_17' title='bbox 356 409 443 470; x_wconf 85' lang='lat' dir='ltr'><strong>hoste</strong></span> <span class='ocrx_word' id='word_1_18' title='bbox 470 413 575 466; x_wconf 89' lang='lat' dir='ltr'><strong>natura</strong></span> <span class='ocrx_word' id='word_1_19' title='bbox 603 407 750 462; x_wconf 89' lang='lat' dir='ltr'><strong>contenta.</strong></span> <span class='ocrx_word' id='word_1_20' title='bbox 795 399 897 474; x_wconf 91' lang='lat' dir='ltr'><strong>itaque</strong></span> <span class='ocrx_word' id='word_1_21' title='bbox 925 400 955 452; x_wconf 89' lang='lat' dir='ltr'><strong>et</strong></span> <span class='ocrx_word' id='word_1_22' title='bbox 976 388 1105 469; x_wconf 82' lang='lat' dir='ltr'>delphini</span> <span class='ocrx_word' id='word_1_23' title='bbox 1125 387 1157 445; x_wconf 89' lang='lat' dir='ltr'><strong>in·</strong></span> 
     </span>
     <span class='ocr_line' id='line_1_4' title="bbox 163 475 1158 580; baseline -0.031 -14"><span class='ocrx_word' id='word_1_24' title='bbox 163 510 296 566; x_wconf 82' lang='lat' dir='ltr'><strong>meantes</strong></span> <span class='ocrx_word' id='word_1_25' title='bbox 313 499 390 580; x_wconf 84' lang='lat' dir='ltr'><strong>Nilo,</strong></span> <span class='ocrx_word' id='word_1_26' title='bbox 413 512 541 576; x_wconf 90' lang='lat' dir='ltr'><strong>qnorum</strong></span> <span class='ocrx_word' id='word_1_27' title='bbox 564 493 652 552; x_wconf 90' lang='lat' dir='ltr'><strong>dorso</strong></span> <span class='ocrx_word' id='word_1_28' title='bbox 671 497 823 567; x_wconf 80' lang='lat' dir='ltr'><strong>tamquam</strong></span> <span class='ocrx_word' id='word_1_29' title='bbox 845 482 982 544; x_wconf 88' lang='lat' dir='ltr'><strong>adhunc</strong></span> <span class='ocrx_word' id='word_1_30' title='bbox 1005 496 1092 540; x_wconf 88' lang='lat' dir='ltr'><strong>usum</strong></span> <span class='ocrx_word' id='word_1_31' title='bbox 1112 475 1158 536; x_wconf 87' lang='lat' dir='ltr'><strong>oul-</strong></span> 
     </span>
     <span class='ocr_line' id='line_1_5' title="bbox 163 569 1159 666; baseline -0.032 -11"><span class='ocrx_word' id='word_1_32' title='bbox 163 593 263 662; x_wconf 86' lang='lat' dir='ltr'><strong>tellata</strong></span> <span class='ocrx_word' id='word_1_33' title='bbox 284 594 364 652; x_wconf 88' lang='lat' dir='ltr'><strong>inest</strong></span> <span class='ocrx_word' id='word_1_34' title='bbox 384 589 489 666; x_wconf 83' lang='lat' dir='ltr'><strong>pinna,</strong></span> <span class='ocrx_word' id='word_1_35' title='bbox 518 582 671 661; x_wconf 81' lang='lat' dir='ltr'>abigentes</span> <span class='ocrx_word' id='word_1_36' title='bbox 695 595 746 639; x_wconf 92' lang='lat' dir='ltr'><strong>eos</strong></span> <span class='ocrx_word' id='word_1_37' title='bbox 768 573 878 656; x_wconf 87' lang='lat' dir='ltr'><strong>praeda</strong></span> <span class='ocrx_word' id='word_1_38' title='bbox 905 590 939 632; x_wconf 91' lang='lat' dir='ltr'><strong>ac</strong></span> <span class='ocrx_word' id='word_1_39' title='bbox 961 569 1045 630; x_wconf 88' lang='lat' dir='ltr'><strong>velut</strong></span> <span class='ocrx_word' id='word_1_40' title='bbox 1069 569 1099 626; x_wconf 92' lang='lat' dir='ltr'><strong>in</strong></span> <span class='ocrx_word' id='word_1_41' title='bbox 1118 583 1159 624; x_wconf 88' lang='lat' dir='ltr'><strong>sno</strong></span> 
     </span>
     <span class='ocr_line' id='line_1_6' title="bbox 164 658 1160 753; baseline -0.032 -9"><span class='ocrx_word' id='word_1_42' title='bbox 164 690 280 744; x_wconf 91' lang='lat' dir='ltr'><strong>tantum</strong></span> <span class='ocrx_word' id='word_1_43' title='bbox 303 696 388 740; x_wconf 92' lang='lat' dir='ltr'><strong>amne</strong></span> <span class='ocrx_word' id='word_1_44' title='bbox 411 681 579 753; x_wconf 78' lang='lat' dir='ltr'><strong>regnantes,</strong></span> <span class='ocrx_word' id='word_1_45' title='bbox 602 669 732 748; x_wconf 89' lang='lat' dir='ltr'><strong>alioquin</strong></span> <span class='ocrx_word' id='word_1_46' title='bbox 755 669 875 745; x_wconf 89' lang='lat' dir='ltr'><strong>inpares</strong></span> <span class='ocrx_word' id='word_1_47' title='bbox 896 659 1013 722; x_wconf 88' lang='lat' dir='ltr'><strong>viribus</strong></span> <span class='ocrx_word' id='word_1_48' title='bbox 1035 658 1090 736; x_wconf 91' lang='lat' dir='ltr'><strong>ipsi</strong></span> <span class='ocrx_word' id='word_1_49' title='bbox 1110 665 1160 715; x_wconf 83' lang='lat' dir='ltr'><strong>asin</strong></span> 
     </span>
     <span class='ocr_line' id='line_1_7' title="bbox 164 747 1161 832; baseline -0.032 1"><span class='ocrx_word' id='word_1_50' title='bbox 164 773 349 832; x_wconf 89' lang='lat' dir='ltr'><strong>interimunt.</strong></span> <span class='ocrx_word' id='word_1_51' title='bbox 395 764 503 826; x_wconf 77' lang='lat' dir='ltr'><strong>callent</strong></span> <span class='ocrx_word' id='word_1_52' title='bbox 526 763 605 822; x_wconf 90' lang='lat' dir='ltr'><strong>enim</strong></span> <span class='ocrx_word' id='word_1_53' title='bbox 627 762 659 819; x_wconf 93' lang='lat' dir='ltr'><strong>in</strong></span> <span class='ocrx_word' id='word_1_54' title='bbox 680 759 738 818; x_wconf 91' lang='lat' dir='ltr'><strong>hoo</strong></span> <span class='ocrx_word' id='word_1_55' title='bbox 762 760 870 816; x_wconf 86' lang='lat' dir='ltr'><strong>cuneta</strong></span> <span class='ocrx_word' id='word_1_56' title='bbox 892 748 1044 827; x_wconf 89' lang='lat' dir='ltr'><strong>animalia,</strong></span> <span class='ocrx_word' id='word_1_57' title='bbox 1071 747 1161 805; x_wconf 89' lang='lat' dir='ltr'><strong>scimt-</strong></span> 
     </span>
     <span class='ocr_line' id='line_1_8' title="bbox 166 835 1160 940; baseline -0.032 -19"><span class='ocrx_word' id='word_1_58' title='bbox 166 879 223 940; x_wconf 90' lang='lat' dir='ltr'><strong>que</strong></span> <span class='ocrx_word' id='word_1_59' title='bbox 252 877 312 918; x_wconf 92' lang='lat' dir='ltr'><strong>non</strong></span> <span class='ocrx_word' id='word_1_60' title='bbox 339 874 393 916; x_wconf 92' lang='lat' dir='ltr'><strong>sua</strong></span> <span class='ocrx_word' id='word_1_61' title='bbox 416 852 504 914; x_wconf 92' lang='lat' dir='ltr'><strong>modo</strong></span> <span class='ocrx_word' id='word_1_62' title='bbox 531 848 686 912; x_wconf 91' lang='lat' dir='ltr'><strong>commoda</strong></span> <span class='ocrx_word' id='word_1_63' title='bbox 708 864 812 906; x_wconf 82' lang='lat' dir='ltr'><strong>venun</strong></span> <span class='ocrx_word' id='word_1_64' title='bbox 838 849 869 903; x_wconf 89' lang='lat' dir='ltr'><strong>et</strong></span> <span class='ocrx_word' id='word_1_65' title='bbox 890 841 1028 901; x_wconf 87' lang='lat' dir='ltr'><strong>hostium</strong></span> <span class='ocrx_word' id='word_1_66' title='bbox 1054 835 1160 910; x_wconf 54' lang='lat' dir='ltr'><strong>advers„</strong></span> 
     </span>
     <span class='ocr_line' id='line_1_9' title="bbox 166 925 1152 1024; baseline -0.028 -14"><span class='ocrx_word' id='word_1_67' title='bbox 166 955 278 1010; x_wconf 92' lang='lat' dir='ltr'><strong>norunt</strong></span> <span class='ocrx_word' id='word_1_68' title='bbox 300 964 354 1007; x_wconf 87' lang='lat' dir='ltr'><strong>sua</strong></span> <span class='ocrx_word' id='word_1_69' title='bbox 376 944 444 1024; x_wconf 85' lang='lat' dir='ltr'><strong>tela,</strong></span> <span class='ocrx_word' id='word_1_70' title='bbox 466 947 578 1001; x_wconf 91' lang='lat' dir='ltr'><strong>norunt</strong></span> <span class='ocrx_word' id='word_1_71' title='bbox 600 937 772 998; x_wconf 88' lang='lat' dir='ltr'><strong>occasiones</strong></span> <span class='ocrx_word' id='word_1_72' title='bbox 794 940 955 1013; x_wconf 91' lang='lat' dir='ltr'><strong>partesque</strong></span> <span class='ocrx_word' id='word_1_73' title='bbox 974 925 1152 988; x_wconf 82' lang='lat' dir='ltr'><strong>dissidenti·</strong></span> 
     </span>
     <span class='ocr_line' id='line_1_10' title="bbox 166 1010 1158 1102; baseline -0.029 -3"><span class='ocrx_word' id='word_1_74' title='bbox 166 1037 292 1099; x_wconf 90' lang='lat' dir='ltr'><strong>inbellis.</strong></span> <span class='ocrx_word' id='word_1_75' title='bbox 342 1037 373 1094; x_wconf 94' lang='lat' dir='ltr'><strong>in</strong></span> <span class='ocrx_word' id='word_1_76' title='bbox 401 1039 504 1094; x_wconf 88' lang='lat' dir='ltr'><strong>ventre</strong></span> <span class='ocrx_word' id='word_1_77' title='bbox 532 1029 629 1089; x_wconf 92' lang='lat' dir='ltr'><strong>mollis</strong></span> <span class='ocrx_word' id='word_1_78' title='bbox 657 1033 704 1087; x_wconf 86' lang='lat' dir='ltr'><strong>est</strong></span> <span class='ocrx_word' id='word_1_79' title='bbox 730 1013 891 1102; x_wconf 68' lang='lat' dir='ltr'><strong>tenuisque</strong></span> <span class='ocrx_word' id='word_1_80' title='bbox 918 1020 999 1080; x_wconf 90' lang='lat' dir='ltr'><strong>cutis</strong></span> <span class='ocrx_word' id='word_1_81' title='bbox 1028 1010 1158 1076; x_wconf 86' lang='lat' dir='ltr'><strong>crocodilo</strong></span> 
     </span>
     <span class='ocr_line' id='line_1_11' title="bbox 166 1102 1159 1198; baseline -0.029 -9"><span class='ocrx_word' id='word_1_82' title='bbox 166 1127 233 1188; x_wconf 88' lang='lat' dir='ltr'><strong>ideo</strong></span> <span class='ocrx_word' id='word_1_83' title='bbox 262 1145 294 1186; x_wconf 92' lang='lat' dir='ltr'><strong>se</strong></span> <span class='ocrx_word' id='word_1_84' title='bbox 322 1132 356 1186; x_wconf 92' lang='lat' dir='ltr'><strong>ut</strong></span> <span class='ocrx_word' id='word_1_85' title='bbox 382 1123 481 1184; x_wconf 87' lang='lat' dir='ltr'><strong>territi</strong></span> <span class='ocrx_word' id='word_1_86' title='bbox 508 1125 647 1198; x_wconf 84' lang='lat' dir='ltr'><strong>mergunt</strong></span> <span class='ocrx_word' id='word_1_87' title='bbox 675 1114 807 1194; x_wconf 85' lang='lat' dir='ltr'><strong>delphini</strong></span> <span class='ocrx_word' id='word_1_88' title='bbox 834 1110 1063 1185; x_wconf 85' lang='lat' dir='ltr'><strong>subeuntesque</strong></span> <span class='ocrx_word' id='word_1_89' title='bbox 1089 1102 1159 1162; x_wconf 88' lang='lat' dir='ltr'><strong>almo</strong></span> 
     </span>
     <span class='ocr_line' id='line_1_12' title="bbox 113 1191 1162 1292; baseline -0.031 -10"><span class='ocrx_word' id='word_1_90' title='bbox 113 1232 148 1282; x_wconf 78' lang='lat'><strong>92</strong></span> <span class='ocrx_word' id='word_1_91' title='bbox 167 1217 216 1277; x_wconf 91' lang='lat' dir='ltr'><strong>illa</strong></span> <span class='ocrx_word' id='word_1_92' title='bbox 239 1221 342 1278; x_wconf 89' lang='lat' dir='ltr'><strong>secant</strong></span> <span class='ocrx_word' id='word_1_93' title='bbox 365 1215 457 1292; x_wconf 93' lang='lat' dir='ltr'><strong>spina.</strong></span> <span class='ocrx_word' id='word_1_94' title='bbox 494 1211 567 1288; x_wconf 93' lang='lat' dir='ltr'><strong>quin</strong></span> <span class='ocrx_word' id='word_1_95' title='bbox 591 1214 621 1267; x_wconf 91' lang='lat' dir='ltr'><strong>et</strong></span> <span class='ocrx_word' id='word_1_96' title='bbox 643 1223 716 1285; x_wconf 86' lang='lat' dir='ltr'><strong>gens</strong></span> <span class='ocrx_word' id='word_1_97' title='bbox 738 1203 894 1266; x_wconf 91' lang='lat' dir='ltr'><strong>hominum</strong></span> <span class='ocrx_word' id='word_1_98' title='bbox 916 1205 963 1258; x_wconf 87' lang='lat' dir='ltr'><strong>est</strong></span> <span class='ocrx_word' id='word_1_99' title='bbox 986 1196 1061 1257; x_wconf 93' lang='lat' dir='ltr'><strong>huic</strong></span> <span class='ocrx_word' id='word_1_100' title='bbox 1082 1191 1162 1252; x_wconf 90' lang='lat' dir='ltr'><strong>belna</strong></span> 
     </span>
     <span class='ocr_line' id='line_1_13' title="bbox 169 1283 1158 1381; baseline -0.027 -14"><span class='ocrx_word' id='word_1_101' title='bbox 169 1307 291 1366; x_wconf 90' lang='lat' dir='ltr'><strong>adversa</strong></span> <span class='ocrx_word' id='word_1_102' title='bbox 317 1307 349 1366; x_wconf 92' lang='lat' dir='ltr'><strong>in</strong></span> <span class='ocrx_word' id='word_1_103' title='bbox 375 1305 441 1381; x_wconf 92' lang='lat' dir='ltr'><strong>ipso</strong></span> <span class='ocrx_word' id='word_1_104' title='bbox 463 1299 530 1359; x_wconf 90' lang='lat' dir='ltr'><strong>Nilo</strong></span> <span class='ocrx_word' id='word_1_105' title='bbox 554 1316 571 1356; x_wconf 90' lang='lat' dir='ltr'><strong>a</strong></span> <span class='ocrx_word' id='word_1_106' title='bbox 593 1295 716 1374; x_wconf 76' lang='lat' dir='ltr'><strong>Tentyri</strong></span> <span class='ocrx_word' id='word_1_107' title='bbox 737 1291 835 1353; x_wconf 86' lang='lat' dir='ltr'><strong>insula</strong></span> <span class='ocrx_word' id='word_1_108' title='bbox 861 1292 893 1350; x_wconf 94' lang='lat' dir='ltr'><strong>in</strong></span> <span class='ocrx_word' id='word_1_109' title='bbox 916 1305 976 1368; x_wconf 90' lang='lat' dir='ltr'><strong>qua</strong></span> <span class='ocrx_word' id='word_1_110' title='bbox 1000 1283 1112 1345; x_wconf 88' lang='lat' dir='ltr'><strong>habitat</strong></span> <span class='ocrx_word' id='word_1_111' title='bbox 1132 1299 1158 1358; x_wconf 87' lang='lat' dir='ltr'><strong>ap</strong></span> 
     </span>
     <span class='ocr_line' id='line_1_14' title="bbox 168 1372 1162 1474; baseline -0.023 -19"><span class='ocrx_word' id='word_1_112' title='bbox 168 1395 284 1474; x_wconf 92' lang='lat' dir='ltr'><strong>pellata.</strong></span> <span class='ocrx_word' id='word_1_113' title='bbox 329 1409 468 1452; x_wconf 87' lang='lat' dir='ltr'><strong>mensura</strong></span> <span class='ocrx_word' id='word_1_114' title='bbox 497 1405 601 1448; x_wconf 91' lang='lat' dir='ltr'><strong>eorum</strong></span> <span class='ocrx_word' id='word_1_115' title='bbox 627 1401 730 1465; x_wconf 78' lang='lat' dir='ltr'><strong>parra,</strong></span> <span class='ocrx_word' id='word_1_116' title='bbox 759 1381 812 1442; x_wconf 89' lang='lat' dir='ltr'><strong>sed</strong></span> <span class='ocrx_word' id='word_1_117' title='bbox 839 1377 1014 1459; x_wconf 88' lang='lat' dir='ltr'><strong>praesentia</strong></span> <span class='ocrx_word' id='word_1_118' title='bbox 1041 1372 1125 1436; x_wconf 87' lang='lat' dir='ltr'><strong>animi</strong></span> <span class='ocrx_word' id='word_1_119' title='bbox 1159 1398 1162 1423; x_wconf 77' lang='grc' dir='ltr'>ι</span> 
     </span>
     <span class='ocr_line' id='line_1_15' title="bbox 169 1459 1159 1544; baseline -0.027 2"><span class='ocrx_word' id='word_1_120' title='bbox 169 1485 226 1544; x_wconf 93' lang='lat' dir='ltr'><strong>hoc</strong></span> <span class='ocrx_word' id='word_1_121' title='bbox 249 1491 365 1544; x_wconf 89' lang='lat' dir='ltr'><strong>tantum</strong></span> <span class='ocrx_word' id='word_1_122' title='bbox 392 1499 449 1540; x_wconf 90' lang='lat' dir='ltr'><strong>usu</strong></span> <span class='ocrx_word' id='word_1_123' title='bbox 474 1479 556 1539; x_wconf 89' lang='lat' dir='ltr'><strong>mira.</strong></span> <span class='ocrx_word' id='word_1_124' title='bbox 602 1472 744 1535; x_wconf 89' lang='lat' dir='ltr'><strong>terribilis</strong></span> <span class='ocrx_word' id='word_1_125' title='bbox 766 1471 841 1531; x_wconf 92' lang='lat' dir='ltr'><strong>haec</strong></span> <span class='ocrx_word' id='word_1_126' title='bbox 865 1474 970 1528; x_wconf 91' lang='lat' dir='ltr'><strong>contra</strong></span> <span class='ocrx_word' id='word_1_127' title='bbox 994 1465 1113 1543; x_wconf 85' lang='lat' dir='ltr'><strong>fugaces</strong></span> <span class='ocrx_word' id='word_1_128' title='bbox 1132 1459 1159 1518; x_wconf 81' lang='lat' dir='ltr'><strong>br</strong></span> 
     </span>
     <span class='ocr_line' id='line_1_16' title="bbox 117 1553 1154 1652; baseline -0.025 -17"><span class='ocrx_word' id='word_1_129' title='bbox 117 1587 151 1636; x_wconf 81' lang='lat'><strong>93</strong></span> <span class='ocrx_word' id='word_1_130' title='bbox 169 1573 219 1633; x_wconf 91' lang='lat' dir='ltr'><strong>lua</strong></span> <span class='ocrx_word' id='word_1_131' title='bbox 247 1580 305 1652; x_wconf 83' lang='lat' dir='ltr'><strong>cst,</strong></span> <span class='ocrx_word' id='word_1_132' title='bbox 333 1571 423 1649; x_wconf 83' lang='lat' dir='ltr'><strong>fugax</strong></span> <span class='ocrx_word' id='word_1_133' title='bbox 450 1574 554 1628; x_wconf 91' lang='lat' dir='ltr'><strong>contra</strong></span> <span class='ocrx_word' id='word_1_134' title='bbox 581 1553 749 1640; x_wconf 74' lang='lat' dir='ltr'><strong>sequentes.</strong></span> <span class='ocrx_word' id='word_1_135' title='bbox 795 1559 849 1621; x_wconf 93' lang='lat' dir='ltr'><strong>sed</strong></span> <span class='ocrx_word' id='word_1_136' title='bbox 874 1557 1038 1618; x_wconf 88' lang='lat' dir='ltr'><strong>adversum</strong></span> <span class='ocrx_word' id='word_1_137' title='bbox 1063 1554 1105 1612; x_wconf 90' lang='lat' dir='ltr'><strong>irc</strong></span> <span class='ocrx_word' id='word_1_138' title='bbox 1129 1565 1154 1608; x_wconf 92' lang='lat' dir='ltr'><strong>so</strong></span> 
     </span>
     <span class='ocr_line' id='line_1_17' title="bbox 170 1642 1162 1742; baseline -0.025 -19"><span class='ocrx_word' id='word_1_139' title='bbox 170 1662 201 1722; x_wconf 92' lang='lat' dir='ltr'><strong>hi</strong></span> <span class='ocrx_word' id='word_1_140' title='bbox 225 1661 348 1742; x_wconf 76' lang='lat' dir='ltr'><strong>audent,</strong></span> <span class='ocrx_word' id='word_1_141' title='bbox 376 1661 428 1738; x_wconf 91' lang='lat' dir='ltr'><strong>qui</strong></span> <span class='ocrx_word' id='word_1_142' title='bbox 450 1664 480 1717; x_wconf 90' lang='lat' dir='ltr'><strong>et</strong></span> <span class='ocrx_word' id='word_1_143' title='bbox 502 1655 618 1716; x_wconf 90' lang='lat' dir='ltr'><strong>flumini</strong></span> <span class='ocrx_word' id='word_1_144' title='bbox 640 1655 786 1731; x_wconf 85' lang='lat' dir='ltr'><strong>innatant,</strong></span> <span class='ocrx_word' id='word_1_145' title='bbox 817 1649 967 1726; x_wconf 89' lang='lat' dir='ltr'><strong>dorsoque</strong></span> <span class='ocrx_word' id='word_1_146' title='bbox 995 1642 1162 1723; x_wconf 79' lang='lat' dir='ltr'><strong>equitando</strong></span> 
     </span>
     <span class='ocr_line' id='line_1_18' title="bbox 171 1727 1148 1829; baseline -0.025 -17"><span class='ocrx_word' id='word_1_147' title='bbox 171 1751 259 1811; x_wconf 93' lang='lat' dir='ltr'><strong>modo</strong></span> <span class='ocrx_word' id='word_1_148' title='bbox 282 1750 404 1829; x_wconf 88' lang='lat' dir='ltr'><strong>inpositi</strong></span> <span class='ocrx_word' id='word_1_149' title='bbox 420 1745 572 1806; x_wconf 90' lang='lat' dir='ltr'><strong>hiantibus</strong></span> <span class='ocrx_word' id='word_1_150' title='bbox 594 1743 737 1821; x_wconf 91' lang='lat' dir='ltr'><strong>resupino</strong></span> <span class='ocrx_word' id='word_1_151' title='bbox 758 1741 854 1819; x_wconf 92' lang='lat' dir='ltr'><strong>capite</strong></span> <span class='ocrx_word' id='word_1_152' title='bbox 878 1736 914 1797; x_wconf 92' lang='lat' dir='ltr'><strong>ad</strong></span> <span class='ocrx_word' id='word_1_153' title='bbox 933 1749 1074 1796; x_wconf 87' lang='lat' dir='ltr'><strong>morsum</strong></span> <span class='ocrx_word' id='word_1_154' title='bbox 1095 1727 1148 1789; x_wconf 92' lang='lat' dir='ltr'><strong>addi</strong></span> 
     </span>
     <span class='ocr_line' id='line_1_19' title="bbox 171 1819 1161 1919; baseline -0.023 -18"><span class='ocrx_word' id='word_1_155' title='bbox 171 1843 202 1900; x_wconf 94' lang='lat' dir='ltr'><strong>in</strong></span> <span class='ocrx_word' id='word_1_156' title='bbox 222 1859 255 1900; x_wconf 92' lang='lat' dir='ltr'><strong>cs</strong></span> <span class='ocrx_word' id='word_1_157' title='bbox 274 1839 362 1919; x_wconf 84' lang='lat' dir='ltr'><strong>clava,</strong></span> <span class='ocrx_word' id='word_1_158' title='bbox 383 1855 400 1898; x_wconf 93' lang='lat' dir='ltr'><strong>a</strong></span> <span class='ocrx_word' id='word_1_159' title='bbox 419 1837 522 1897; x_wconf 83' lang='lat' dir='ltr'><strong>dextra</strong></span> <span class='ocrx_word' id='word_1_160' title='bbox 540 1852 574 1894; x_wconf 93' lang='lat' dir='ltr'><strong>ac</strong></span> <span class='ocrx_word' id='word_1_161' title='bbox 592 1833 674 1892; x_wconf 84' lang='lat' dir='ltr'><strong>laeva</strong></span> <span class='ocrx_word' id='word_1_162' title='bbox 691 1836 830 1891; x_wconf 87' lang='lat' dir='ltr'><strong>tenentes</strong></span> <span class='ocrx_word' id='word_1_163' title='bbox 848 1835 984 1887; x_wconf 74' lang='lat' dir='ltr'><strong>extrema</strong></span> <span class='ocrx_word' id='word_1_164' title='bbox 1005 1825 1072 1884; x_wconf 89' lang='lat' dir='ltr'><strong>eins</strong></span> <span class='ocrx_word' id='word_1_165' title='bbox 1086 1819 1161 1880; x_wconf 84' lang='lat' dir='ltr'><strong>cuin</strong></span> 
     </span>
     <span class='ocr_line' id='line_1_20' title="bbox 173 1909 1158 2010; baseline -0.023 -20"><span class='ocrx_word' id='word_1_166' title='bbox 173 1947 244 2010; x_wconf 87' lang='lat' dir='ltr'><strong>que,</strong></span> <span class='ocrx_word' id='word_1_167' title='bbox 276 1936 311 1989; x_wconf 88' lang='lat' dir='ltr'><strong>ut</strong></span> <span class='ocrx_word' id='word_1_168' title='bbox 333 1928 426 1987; x_wconf 84' lang='lat' dir='ltr'><strong>frenis</strong></span> <span class='ocrx_word' id='word_1_169' title='bbox 452 1927 619 1985; x_wconf 90' lang='lat' dir='ltr'><strong>interram</strong></span> <span class='ocrx_word' id='word_1_170' title='bbox 645 1926 738 2000; x_wconf 84' lang='lat' dir='ltr'><strong>agunt</strong></span> <span class='ocrx_word' id='word_1_171' title='bbox 761 1919 905 1997; x_wconf 87' lang='lat' dir='ltr'><strong>captivos,</strong></span> <span class='ocrx_word' id='word_1_172' title='bbox 938 1931 972 1974; x_wconf 89' lang='lat' dir='ltr'><strong>ac</strong></span> <span class='ocrx_word' id='word_1_173' title='bbox 1003 1929 1078 1972; x_wconf 83' lang='lat' dir='ltr'><strong>voce</strong></span> <span class='ocrx_word' id='word_1_174' title='bbox 1104 1909 1158 1966; x_wconf 88' lang='lat' dir='ltr'><strong>eti</strong></span> 
     </span>
     <span class='ocr_line' id='line_1_21' title="bbox 173 1993 1161 2094; baseline -0.022 -16"><span class='ocrx_word' id='word_1_175' title='bbox 173 2017 235 2077; x_wconf 91' lang='lat' dir='ltr'><strong>sola</strong></span> <span class='ocrx_word' id='word_1_176' title='bbox 261 2019 383 2077; x_wconf 90' lang='lat' dir='ltr'><strong>territos</strong></span> <span class='ocrx_word' id='word_1_177' title='bbox 411 2021 521 2094; x_wconf 84' lang='lat' dir='ltr'><strong>cogunt</strong></span> <span class='ocrx_word' id='word_1_178' title='bbox 549 2029 686 2072; x_wconf 83' lang='lat' dir='ltr'><strong>evomere</strong></span> <span class='ocrx_word' id='word_1_179' title='bbox 713 2009 846 2068; x_wconf 87' lang='lat' dir='ltr'><strong>recentia</strong></span> <span class='ocrx_word' id='word_1_180' title='bbox 873 2021 1005 2084; x_wconf 90' lang='lat' dir='ltr'><strong>corpora</strong></span> <span class='ocrx_word' id='word_1_181' title='bbox 1034 2001 1071 2061; x_wconf 90' lang='lat' dir='ltr'><strong>ad</strong></span> <span class='ocrx_word' id='word_1_182' title='bbox 1096 1993 1161 2075; x_wconf 87' lang='lat' dir='ltr'><strong>sepul</strong></span> 
     </span>
     <span class='ocr_line' id='line_1_22' title="bbox 101 2087 1158 2183; baseline -0.022 -15"><span class='ocrx_word' id='word_1_183' title='bbox 101 2113 103 2118; x_wconf 83' lang='grc'>’</span> <span class='ocrx_word' id='word_1_184' title='bbox 172 2115 279 2166; x_wconf 91' lang='lat' dir='ltr'><strong>turam.</strong></span> <span class='ocrx_word' id='word_1_185' title='bbox 310 2107 410 2183; x_wconf 91' lang='lat' dir='ltr'><strong>itaque</strong></span> <span class='ocrx_word' id='word_1_186' title='bbox 428 2106 482 2164; x_wconf 93' lang='lat' dir='ltr'><strong>uni</strong></span> <span class='ocrx_word' id='word_1_187' title='bbox 505 2103 533 2163; x_wconf 91' lang='lat' dir='ltr'><strong>ei</strong></span> <span class='ocrx_word' id='word_1_188' title='bbox 551 2100 664 2162; x_wconf 92' lang='lat' dir='ltr'><strong>insulae</strong></span> <span class='ocrx_word' id='word_1_189' title='bbox 684 2095 829 2160; x_wconf 94' lang='lat' dir='ltr'><strong>crocodili</strong></span> <span class='ocrx_word' id='word_1_190' title='bbox 847 2112 908 2155; x_wconf 93' lang='lat' dir='ltr'><strong>non</strong></span> <span class='ocrx_word' id='word_1_191' title='bbox 927 2092 1052 2170; x_wconf 85' lang='lat' dir='ltr'><strong>adnant,</strong></span> <span class='ocrx_word' id='word_1_192' title='bbox 1074 2087 1158 2148; x_wconf 86' lang='lat' dir='ltr'><strong>oliact</strong></span> 
     </span>
     <span class='ocr_line' id='line_1_23' title="bbox 174 2175 1159 2277; baseline -0.019 -22"><span class='ocrx_word' id='word_1_193' title='bbox 174 2212 232 2272; x_wconf 91' lang='lat' dir='ltr'><strong>que</strong></span> <span class='ocrx_word' id='word_1_194' title='bbox 261 2196 325 2254; x_wconf 90' lang='lat' dir='ltr'><strong>eius</strong></span> <span class='ocrx_word' id='word_1_195' title='bbox 353 2195 470 2277; x_wconf 81' lang='lat' dir='ltr'><strong>generis</strong></span> <span class='ocrx_word' id='word_1_196' title='bbox 497 2191 664 2271; x_wconf 81' lang='lat' dir='ltr'><strong>hominnm,</strong></span> <span class='ocrx_word' id='word_1_197' title='bbox 678 2190 728 2249; x_wconf 88' lang='lat' dir='ltr'><strong>‘ut</strong></span> <span class='ocrx_word' id='word_1_198' title='bbox 750 2184 919 2265; x_wconf 78' lang='lat' dir='ltr'><strong>Psyllorum</strong></span> <span class='ocrx_word' id='word_1_199' title='bbox 947 2186 1117 2260; x_wconf 87' lang='lat' dir='ltr'><strong>serpentes,</strong></span> <span class='ocrx_word' id='word_1_200' title='bbox 1142 2175 1159 2233; x_wconf 68' lang='lat' dir='ltr'><strong>lo</strong></span> 
     </span>
     <span class='ocr_line' id='line_1_24' title="bbox 121 2269 1162 2361; baseline -0.017 -19"><span class='ocrx_word' id='word_1_201' title='bbox 121 2294 156 2342; x_wconf 84' lang='grc'><strong>94</strong></span> <span class='ocrx_word' id='word_1_202' title='bbox 175 2290 289 2361; x_wconf 83' lang='lat' dir='ltr'><strong>gantur.</strong></span> <span class='ocrx_word' id='word_1_203' title='bbox 317 2281 441 2342; x_wconf 91' lang='lat' dir='ltr'><strong>hebetes</strong></span> <span class='ocrx_word' id='word_1_204' title='bbox 464 2281 566 2342; x_wconf 89' lang='lat' dir='ltr'><strong>oculos</strong></span> <span class='ocrx_word' id='word_1_205' title='bbox 589 2279 646 2340; x_wconf 92' lang='lat' dir='ltr'><strong>hoc</strong></span> <span class='ocrx_word' id='word_1_206' title='bbox 669 2275 776 2341; x_wconf 92' lang='lat' dir='ltr'><strong>animal</strong></span> <span class='ocrx_word' id='word_1_207' title='bbox 794 2269 1040 2335; x_wconf 80' lang='lat' dir='ltr'><strong>dicitur-habere</strong></span> <span class='ocrx_word' id='word_1_208' title='bbox 1063 2271 1093 2329; x_wconf 93' lang='lat' dir='ltr'><strong>in</strong></span> <span class='ocrx_word' id='word_1_209' title='bbox 1110 2281 1162 2342; x_wconf 87' lang='lat' dir='ltr'><strong>aqu</strong></span> 
     </span>
     <span class='ocr_line' id='line_1_25' title="bbox 176 2361 1149 2450; baseline -0.015 -19"><span class='ocrx_word' id='word_1_210' title='bbox 176 2379 259 2430; x_wconf 84' lang='lat' dir='ltr'><strong>extra</strong></span> <span class='ocrx_word' id='word_1_211' title='bbox 286 2373 423 2431; x_wconf 88' lang='lat' dir='ltr'><strong>acerrimi</strong></span> <span class='ocrx_word' id='word_1_212' title='bbox 449 2371 543 2450; x_wconf 86' lang='lat' dir='ltr'><strong>visus,</strong></span> <span class='ocrx_word' id='word_1_213' title='bbox 573 2363 773 2448; x_wconf 81' lang='lat' dir='ltr'><strong>quattuorque</strong></span> <span class='ocrx_word' id='word_1_214' title='bbox 800 2381 919 2424; x_wconf 90' lang='lat' dir='ltr'><strong>menses</strong></span> <span class='ocrx_word' id='word_1_215' title='bbox 942 2361 1057 2422; x_wconf 91' lang='lat' dir='ltr'><strong>hiemis</strong></span> <span class='ocrx_word' id='word_1_216' title='bbox 1080 2373 1149 2432; x_wconf 88' lang='lat' dir='ltr'><strong>semp</strong></span> 
     </span>
     <span class='ocr_line' id='line_1_26' title="bbox 70 2442 1159 2556; baseline -0.017 -35"><span class='ocrx_word' id='word_1_217' title='bbox 70 2543 76 2556; x_wconf 89' lang='lat'><strong>.</strong></span> <span class='ocrx_word' id='word_1_218' title='bbox 175 2459 271 2520; x_wconf 90' lang='lat' dir='ltr'><strong>inedia</strong></span> <span class='ocrx_word' id='word_1_219' title='bbox 296 2462 463 2520; x_wconf 88' lang='lat' dir='ltr'><strong>tramittere</strong></span> <span class='ocrx_word' id='word_1_220' title='bbox 490 2461 522 2519; x_wconf 93' lang='lat' dir='ltr'><strong>in</strong></span> <span class='ocrx_word' id='word_1_221' title='bbox 550 2476 650 2537; x_wconf 91' lang='lat' dir='ltr'><strong>specu.</strong></span> <span class='ocrx_word' id='word_1_222' title='bbox 697 2454 817 2535; x_wconf 91' lang='lat' dir='ltr'><strong>quidam</strong></span> <span class='ocrx_word' id='word_1_223' title='bbox 842 2453 902 2512; x_wconf 92' lang='lat' dir='ltr'><strong>hoc</strong></span> <span class='ocrx_word' id='word_1_224' title='bbox 929 2467 1030 2511; x_wconf 90' lang='lat' dir='ltr'><strong>unum</strong></span> <span class='ocrx_word' id='word_1_225' title='bbox 1058 2442 1159 2526; x_wconf 88' lang='lat' dir='ltr'><strong>quamdi</strong></span> 
     </span>
     <span class='ocr_line' id='line_1_27' title="bbox 175 2541 1139 2620; baseline -0.013 -13"><span class='ocrx_word' id='word_1_226' title='bbox 175 2550 252 2618; x_wconf 85' lang='lat' dir='ltr'><strong>¹vivat</strong></span> <span class='ocrx_word' id='word_1_227' title='bbox 275 2567 411 2610; x_wconf 88' lang='lat' dir='ltr'><strong>crescere</strong></span> <span class='ocrx_word' id='word_1_228' title='bbox 434 2547 625 2608; x_wconf 90' lang='lat' dir='ltr'><strong>arbitrantur.</strong></span> <span class='ocrx_word' id='word_1_229' title='bbox 670 2547 866 2605; x_wconf 76' lang='lat' dir='ltr'><strong>uiritantem</strong></span> <span class='ocrx_word' id='word_1_230' title='bbox 887 2541 979 2620; x_wconf 79' lang='lat' dir='ltr'><strong>longo</strong></span> <span class='ocrx_word' id='word_1_231' title='bbox 1003 2548 1139 2618; x_wconf 84' lang='lat' dir='ltr'><strong>tempore.</strong></span> 
     </span>
     <span class='ocr_line' id='line_1_28' title="bbox 123 2628 1157 2719; baseline -0.009 -24"><span class='ocrx_word' id='word_1_232' title='bbox 123 2647 156 2695; x_wconf 82' lang='grc'><strong>95</strong></span> <span class='ocrx_word' id='word_1_233' title='bbox 244 2631 317 2719; x_wconf 85' lang='grc'>(39)</span> <span class='ocrx_word' id='word_1_234' title='bbox 363 2637 455 2697; x_wconf 88' lang='lat' dir='ltr'><strong>Maior</strong></span> <span class='ocrx_word' id='word_1_235' title='bbox 483 2635 637 2696; x_wconf 88' lang='lat' dir='ltr'><strong>altitudine</strong></span> <span class='ocrx_word' id='word_1_236' title='bbox 665 2636 697 2694; x_wconf 91' lang='lat' dir='ltr'><strong>in</strong></span> <span class='ocrx_word' id='word_1_237' title='bbox 721 2633 826 2694; x_wconf 92' lang='lat' dir='ltr'><strong>eodem</strong></span> <span class='ocrx_word' id='word_1_238' title='bbox 849 2630 916 2691; x_wconf 90' lang='lat' dir='ltr'><strong>Nilo</strong></span> <span class='ocrx_word' id='word_1_239' title='bbox 940 2629 1033 2690; x_wconf 91' lang='lat' dir='ltr'><strong>belua</strong></span> <span class='ocrx_word' id='word_1_240' title='bbox 1056 2628 1157 2706; x_wconf 77' lang='lat' dir='ltr'><strong>bippop·</strong></span> 
     </span>
    </p>
   </div>
   <div class='ocr_carea' id='block_1_3' title="bbox 171 2865 1162 3725">
    <p class='ocr_par' dir='ltr' id='par_1_3' title="bbox 171 2865 1162 3725">
     <span class='ocr_line' id='line_1_29' title="bbox 247 2865 1158 2946; baseline -0.003 -17"><span class='ocrx_word' id='word_1_241' title='bbox 247 2883 263 2929; x_wconf 88' lang='lat'>3</span> <span class='ocrx_word' id='word_1_242' title='bbox 283 2877 364 2931; x_wconf 87' lang='lat' dir='ltr'><strong>sordo</strong></span> <span class='ocrx_word' id='word_1_243' title='bbox 382 2877 447 2931; x_wconf 58' lang='lat' dir='ltr'><strong>lvd.</strong></span> <span class='ocrx_word' id='word_1_244' title='bbox 474 2880 477 2946; x_wconf 87' lang='grc' dir='ltr'>Ι</span> <span class='ocrx_word' id='word_1_245' title='bbox 502 2879 618 2932; x_wconf 69' lang='lat' dir='ltr'><strong>tamone</strong></span> <span class='ocrx_word' id='word_1_246' title='bbox 635 2882 667 2931; x_wconf 76' lang='lat' dir='ltr'><strong>n.</strong></span> <span class='ocrx_word' id='word_1_247' title='bbox 693 2894 773 2932; x_wconf 86' lang='lat' dir='ltr'><strong>-uum</strong></span> <span class='ocrx_word' id='word_1_248' title='bbox 792 2880 816 2930; x_wconf 86' lang='lat' dir='ltr'><strong>d.</strong></span> <span class='ocrx_word' id='word_1_249' title='bbox 891 2873 1031 2946; x_wconf 68' lang='lat' dir='ltr'><strong>lpillsna</strong></span> <span class='ocrx_word' id='word_1_250' title='bbox 1047 2871 1091 2926; x_wconf 68' lang='lat'><strong>12¹.</strong></span> <span class='ocrx_word' id='word_1_251' title='bbox 1116 2865 1158 2934; x_wconf 52' lang='grc' dir='ltr'><strong>ἐρ’</strong></span> 
     </span>
     <span class='ocr_line' id='line_1_30' title="bbox 175 2941 1162 3026; baseline -0.005 -26"><span class='ocrx_word' id='word_1_252' title='bbox 175 2945 219 3026; x_wconf 57' lang='lat' dir='ltr'><strong>iii.</strong></span> <span class='ocrx_word' id='word_1_253' title='bbox 237 2949 241 3014; x_wconf 80' lang='lat' dir='ltr'><strong>i</strong></span> <span class='ocrx_word' id='word_1_254' title='bbox 260 2947 365 3014; x_wconf 80' lang='lat' dir='ltr'><strong>praede</strong></span> <span class='ocrx_word' id='word_1_255' title='bbox 383 2952 407 3000; x_wconf 89' lang='lat' dir='ltr'><strong>d.</strong></span> <span class='ocrx_word' id='word_1_256' title='bbox 432 2947 495 3002; x_wconf 85' lang='lat' dir='ltr'><strong>-dac</strong></span> <span class='ocrx_word' id='word_1_257' title='bbox 514 2947 556 3000; x_wconf 69' lang='lat'><strong>1³².</strong></span> <span class='ocrx_word' id='word_1_258' title='bbox 581 2947 659 3000; x_wconf 80' lang='lat' dir='ltr'><strong>-dem</strong></span> <span class='ocrx_word' id='word_1_259' title='bbox 676 2965 699 3001; x_wconf 82' lang='lat' dir='ltr'><strong>r.</strong></span> <span class='ocrx_word' id='word_1_260' title='bbox 756 2955 772 3002; x_wconf 89' lang='grc'><strong>6</strong></span> <span class='ocrx_word' id='word_1_261' title='bbox 790 2946 959 3001; x_wconf 71' lang='lat' dir='ltr'><strong>interimunt</strong></span> <span class='ocrx_word' id='word_1_262' title='bbox 977 2943 1010 2998; x_wconf 64' lang='grc' dir='ltr'><strong>α’</strong></span> <span class='ocrx_word' id='word_1_263' title='bbox 1024 2945 1058 2998; x_wconf 79' lang='lat' dir='ltr'><strong>o&#39;n</strong></span> <span class='ocrx_word' id='word_1_264' title='bbox 1070 2956 1119 2996; x_wconf 81' lang='lat' dir='ltr'><strong>ros.</strong></span> <span class='ocrx_word' id='word_1_265' title='bbox 1131 2941 1162 2988; x_wconf 59' lang='grc' dir='ltr'><strong><em>Γ</em></strong></span> 
     </span>
     <span class='ocr_line' id='line_1_31' title="bbox 171 3015 1159 3097; baseline 0 -30"><span class='ocrx_word' id='word_1_266' title='bbox 171 3017 345 3097; x_wconf 64' lang='grc' dir='ltr'><strong>1111111110ῒο</strong></span> <span class='ocrx_word' id='word_1_267' title='bbox 363 3035 386 3071; x_wconf 83' lang='lat' dir='ltr'><strong>r.</strong></span> <span class='ocrx_word' id='word_1_268' title='bbox 460 3024 493 3071; x_wconf 77' lang='lat'><strong>12</strong></span> <span class='ocrx_word' id='word_1_269' title='bbox 514 3035 531 3072; x_wconf 82' lang='lat' dir='ltr'><strong>a</strong></span> <span class='ocrx_word' id='word_1_270' title='bbox 549 3017 665 3087; x_wconf 69' lang='lat' dir='ltr'><strong>Tentyri</strong></span> <span class='ocrx_word' id='word_1_271' title='bbox 683 3017 745 3072; x_wconf 77' lang='lat' dir='ltr'><strong>Sall.</strong></span> <span class='ocrx_word' id='word_1_272' title='bbox 775 3017 912 3088; x_wconf 80' lang='lat' dir='ltr'><strong>alintyri</strong></span> <span class='ocrx_word' id='word_1_273' title='bbox 929 3015 1023 3070; x_wconf 69' lang='lat' dir='ltr'><strong>lilid¹⁸</strong></span> <span class='ocrx_word' id='word_1_274' title='bbox 1051 3031 1092 3068; x_wconf 85' lang='lat' dir='ltr'><strong>-ro</strong></span> <span class='ocrx_word' id='word_1_275' title='bbox 1110 3023 1159 3063; x_wconf 76' lang='lat' dir='ltr'><strong>ot</strong></span> 
     </span>
     <span class='ocr_line' id='line_1_32' title="bbox 175 3083 1158 3157; baseline -0.005 -18"><span class='ocrx_word' id='word_1_276' title='bbox 175 3087 262 3154; x_wconf 78' lang='lat' dir='ltr'><strong>mtyrr</strong></span> <span class='ocrx_word' id='word_1_277' title='bbox 279 3091 310 3140; x_wconf 78' lang='lat' dir='ltr'><strong>R.</strong></span> <span class='ocrx_word' id='word_1_278' title='bbox 339 3090 367 3140; x_wconf 83' lang='lat' dir='ltr'><strong>et</strong></span> <span class='ocrx_word' id='word_1_279' title='bbox 384 3089 415 3146; x_wconf 85' lang='lat' dir='ltr'><strong>in</strong></span> <span class='ocrx_word' id='word_1_280' title='bbox 431 3088 487 3157; x_wconf 80' lang='lat' dir='ltr'><strong>tyri</strong></span> <span class='ocrx_word' id='word_1_281' title='bbox 505 3089 542 3142; x_wconf 65' lang='lat' dir='ltr'><strong>dl.</strong></span> <span class='ocrx_word' id='word_1_282' title='bbox 636 3095 667 3142; x_wconf 85' lang='lat'><strong>13</strong></span> <span class='ocrx_word' id='word_1_283' title='bbox 691 3089 779 3142; x_wconf 84' lang='lat' dir='ltr'><strong>enimi</strong></span> <span class='ocrx_word' id='word_1_284' title='bbox 802 3089 880 3144; x_wconf 59' lang='lat' dir='ltr'><strong>Fial.</strong></span> <span class='ocrx_word' id='word_1_285' title='bbox 913 3087 1026 3143; x_wconf 86' lang='lat' dir='ltr'><strong>homini</strong></span> <span class='ocrx_word' id='word_1_286' title='bbox 1048 3091 1079 3139; x_wconf 84' lang='lat' dir='ltr'><strong>B.</strong></span> <span class='ocrx_word' id='word_1_287' title='bbox 1109 3083 1158 3134; x_wconf 86' lang='lat' dir='ltr'><strong>bom</strong></span> 
     </span>
     <span class='ocr_line' id='line_1_33' title="bbox 176 3159 1162 3230; baseline -0.002 -22"><span class='ocrx_word' id='word_1_288' title='bbox 176 3173 243 3208; x_wconf 88' lang='lat' dir='ltr'><strong>num</strong></span> <span class='ocrx_word' id='word_1_289' title='bbox 261 3173 284 3210; x_wconf 77' lang='lat' dir='ltr'><strong>r.</strong></span> <span class='ocrx_word' id='word_1_290' title='bbox 372 3164 405 3212; x_wconf 84' lang='lat'><strong>14</strong></span> <span class='ocrx_word' id='word_1_291' title='bbox 427 3159 546 3228; x_wconf 76' lang='lat' dir='ltr'><strong>fugaces·</strong></span> <span class='ocrx_word' id='word_1_292' title='bbox 560 3161 588 3214; x_wconf 83' lang='lat' dir='ltr'><strong>ll.</strong></span> <span class='ocrx_word' id='word_1_293' title='bbox 617 3160 717 3214; x_wconf 81' lang='lat' dir='ltr'><strong>-ionbes</strong></span> <span class='ocrx_word' id='word_1_294' title='bbox 736 3160 798 3216; x_wconf 73' lang='lat' dir='ltr'><strong>Sili.</strong></span> <span class='ocrx_word' id='word_1_295' title='bbox 816 3178 869 3230; x_wconf 80' lang='lat' dir='ltr'><strong>per</strong></span> <span class='ocrx_word' id='word_1_296' title='bbox 887 3176 1014 3218; x_wconf 81' lang='lat' dir='ltr'><strong>errorcao.</strong></span> <span class='ocrx_word' id='word_1_297' title='bbox 1100 3159 1162 3207; x_wconf 65' lang='grc' dir='ltr'><strong>11ὶ</strong></span> 
     </span>
     <span class='ocr_line' id='line_1_34' title="bbox 176 3223 1162 3298; baseline 0 -18"><span class='ocrx_word' id='word_1_298' title='bbox 176 3229 292 3294; x_wconf 78' lang='lat' dir='ltr'><strong>quantes</strong></span> <span class='ocrx_word' id='word_1_299' title='bbox 311 3227 377 3282; x_wconf 85' lang='lat' dir='ltr'><strong>Del.</strong></span> <span class='ocrx_word' id='word_1_300' title='bbox 406 3232 548 3298; x_wconf 76' lang='lat' dir='ltr'><strong>serpentes</strong></span> <span class='ocrx_word' id='word_1_301' title='bbox 568 3232 594 3284; x_wconf 86' lang='lat' dir='ltr'><strong>ll.</strong></span> <span class='ocrx_word' id='word_1_302' title='bbox 622 3231 625 3298; x_wconf 95' lang='grc' dir='ltr'>Ι</span> <span class='ocrx_word' id='word_1_303' title='bbox 651 3231 701 3284; x_wconf 87' lang='lat' dir='ltr'><strong>sed</strong></span> <span class='ocrx_word' id='word_1_304' title='bbox 719 3247 769 3286; x_wconf 82' lang='lat' dir='ltr'><strong>om.</strong></span> <span class='ocrx_word' id='word_1_305' title='bbox 789 3237 822 3286; x_wconf 75' lang='grc' dir='ltr'><strong>Β.</strong></span> <span class='ocrx_word' id='word_1_306' title='bbox 896 3237 931 3286; x_wconf 77' lang='lat'><strong>20</strong></span> <span class='ocrx_word' id='word_1_307' title='bbox 952 3244 1083 3286; x_wconf 84' lang='lat' dir='ltr'><strong>evomere</strong></span> <span class='ocrx_word' id='word_1_308' title='bbox 1099 3223 1162 3276; x_wconf 73' lang='lat' dir='ltr'><strong>F²o²</strong></span> 
     </span>
     <span class='ocr_line' id='line_1_35' title="bbox 178 3295 1157 3370; baseline 0.002 -21"><span class='ocrx_word' id='word_1_309' title='bbox 178 3313 288 3350; x_wconf 76' lang='lat' dir='ltr'><strong>meso.</strong></span> <span class='ocrx_word' id='word_1_310' title='bbox 374 3305 407 3352; x_wconf 83' lang='lat'><strong>21</strong></span> <span class='ocrx_word' id='word_1_311' title='bbox 429 3300 478 3353; x_wconf 88' lang='lat' dir='ltr'><strong>uni</strong></span> <span class='ocrx_word' id='word_1_312' title='bbox 497 3301 523 3354; x_wconf 90' lang='lat' dir='ltr'><strong>ei</strong></span> <span class='ocrx_word' id='word_1_313' title='bbox 541 3301 571 3352; x_wconf 50' lang='grc' dir='ltr'><strong>αἳ</strong></span> <span class='ocrx_word' id='word_1_314' title='bbox 588 3302 621 3354; x_wconf 78' lang='lat' dir='ltr'><strong>o&#39;n</strong></span> <span class='ocrx_word' id='word_1_315' title='bbox 638 3317 693 3355; x_wconf 78' lang='lat' dir='ltr'><strong>ras.</strong></span> <span class='ocrx_word' id='word_1_316' title='bbox 712 3302 811 3358; x_wconf 79' lang='lat' dir='ltr'><strong>rRoo.</strong></span> <span class='ocrx_word' id='word_1_317' title='bbox 840 3303 959 3358; x_wconf 65' lang='lat' dir='ltr'><strong>unicis.</strong></span> <span class='ocrx_word' id='word_1_318' title='bbox 994 3303 998 3370; x_wconf 96' lang='grc' dir='ltr'>Ι</span> <span class='ocrx_word' id='word_1_319' title='bbox 1035 3295 1157 3355; x_wconf 64' lang='lat' dir='ltr'><strong>aduam!</strong></span> 
     </span>
     <span class='ocr_line' id='line_1_36' title="bbox 177 3365 1162 3444; baseline 0.002 -25"><span class='ocrx_word' id='word_1_320' title='bbox 177 3367 314 3420; x_wconf 69' lang='lat' dir='ltr'><strong>addetam</strong></span> <span class='ocrx_word' id='word_1_321' title='bbox 332 3369 434 3424; x_wconf 61' lang='lat' dir='ltr'><strong>aenon.</strong></span> <span class='ocrx_word' id='word_1_322' title='bbox 463 3371 579 3424; x_wconf 83' lang='lat' dir='ltr'><strong>domant</strong></span> <span class='ocrx_word' id='word_1_323' title='bbox 596 3375 620 3424; x_wconf 78' lang='lat' dir='ltr'><strong>d.</strong></span> <span class='ocrx_word' id='word_1_324' title='bbox 650 3371 758 3426; x_wconf 78' lang='lat' dir='ltr'><strong>donent</strong></span> <span class='ocrx_word' id='word_1_325' title='bbox 775 3391 799 3428; x_wconf 80' lang='lat' dir='ltr'><strong>r.</strong></span> <span class='ocrx_word' id='word_1_326' title='bbox 835 3377 840 3444; x_wconf 83' lang='grc'><strong>1</strong></span> <span class='ocrx_word' id='word_1_327' title='bbox 875 3374 1040 3442; x_wconf 74' lang='lat' dir='ltr'><strong>oldochrque</strong></span> <span class='ocrx_word' id='word_1_328' title='bbox 1058 3365 1162 3423; x_wconf 59' lang='lat' dir='ltr'><strong>ticillo</strong></span> 
     </span>
     <span class='ocr_line' id='line_1_37' title="bbox 177 3435 1115 3534; baseline -0.004 -39"><span class='ocrx_word' id='word_1_329' title='bbox 177 3435 307 3534; x_wconf 59' lang='lat' dir='ltr'><strong>sopitoque</strong></span> <span class='ocrx_word' id='word_1_330' title='bbox 325 3456 348 3520; x_wconf 68' lang='lat' dir='ltr'><strong>r.</strong></span> <span class='ocrx_word' id='word_1_331' title='bbox 430 3445 463 3492; x_wconf 77' lang='lat'><strong>25</strong></span> <span class='ocrx_word' id='word_1_332' title='bbox 482 3441 671 3496; x_wconf 74' lang='lat' dir='ltr'><strong>transmittere</strong></span> <span class='ocrx_word' id='word_1_333' title='bbox 690 3443 760 3494; x_wconf 76' lang='lat' dir='ltr'><strong>o²F²</strong></span> <span class='ocrx_word' id='word_1_334' title='bbox 778 3445 812 3498; x_wconf 76' lang='lat' dir='ltr'><strong>doc</strong></span> <span class='ocrx_word' id='word_1_335' title='bbox 829 3463 887 3500; x_wconf 82' lang='lat' dir='ltr'><strong>ras.</strong></span> <span class='ocrx_word' id='word_1_336' title='bbox 906 3445 977 3500; x_wconf 84' lang='lat' dir='ltr'><strong>Rob.</strong></span> <span class='ocrx_word' id='word_1_337' title='bbox 1005 3441 1115 3497; x_wconf 77' lang='lat' dir='ltr'><strong>bramihi</strong></span> 
     </span>
     <span class='ocr_line' id='line_1_38' title="bbox 178 3508 1121 3590; baseline 0 -28"><span class='ocrx_word' id='word_1_338' title='bbox 178 3509 222 3557; x_wconf 82' lang='lat' dir='ltr'><strong>B.</strong></span> <span class='ocrx_word' id='word_1_339' title='bbox 249 3508 472 3590; x_wconf 53' lang='lat' dir='ltr'><strong>toemoaelerlv.</strong></span> <span class='ocrx_word' id='word_1_340' title='bbox 496 3511 610 3565; x_wconf 77' lang='lat' dir='ltr'><strong>tramite</strong></span> <span class='ocrx_word' id='word_1_341' title='bbox 629 3512 711 3568; x_wconf 78' lang='lat' dir='ltr'><strong>hereb</strong></span> <span class='ocrx_word' id='word_1_342' title='bbox 728 3519 746 3566; x_wconf 89' lang='lat' dir='ltr'><strong>d</strong></span> <span class='ocrx_word' id='word_1_343' title='bbox 764 3516 798 3569; x_wconf 80' lang='lat' dir='ltr'><strong>c&#39;n</strong></span> <span class='ocrx_word' id='word_1_344' title='bbox 811 3533 868 3572; x_wconf 84' lang='lat' dir='ltr'><strong>ras.</strong></span> <span class='ocrx_word' id='word_1_345' title='bbox 894 3515 1089 3570; x_wconf 73' lang='lat' dir='ltr'><strong>memieeieret</strong></span> <span class='ocrx_word' id='word_1_346' title='bbox 1102 3527 1121 3564; x_wconf 80' lang='lat' dir='ltr'><strong>r.</strong></span> 
     </span>
     <span class='ocr_line' id='line_1_39' title="bbox 179 3575 1153 3691; baseline -0.009 -48"><span class='ocrx_word' id='word_1_347' title='bbox 179 3579 212 3691; x_wconf 52' lang='lat'><strong>{3</strong></span> <span class='ocrx_word' id='word_1_348' title='bbox 234 3575 462 3645; x_wconf 72' lang='lat' dir='ltr'><strong>mppopocarmus</strong></span> <span class='ocrx_word' id='word_1_349' title='bbox 482 3579 597 3648; x_wconf 74' lang='lat' dir='ltr'><strong>Geooes</strong></span> <span class='ocrx_word' id='word_1_350' title='bbox 614 3583 712 3649; x_wconf 66' lang='lat' dir='ltr'><strong>norror.</strong></span> <span class='ocrx_word' id='word_1_351' title='bbox 736 3588 866 3641; x_wconf 79' lang='lat' dir='ltr'><strong>xxxrr</strong></span> <span class='ocrx_word' id='word_1_352' title='bbox 875 3591 980 3656; x_wconf 63' lang='lat' dir='ltr'><strong>paco.</strong></span> <span class='ocrx_word' id='word_1_353' title='bbox 1012 3587 1063 3654; x_wconf 78' lang='lat' dir='ltr'><strong>cfr.</strong></span> <span class='ocrx_word' id='word_1_354' title='bbox 1081 3584 1117 3634; x_wconf 75' lang='lat' dir='ltr'><strong>rr</strong></span> <span class='ocrx_word' id='word_1_355' title='bbox 1129 3581 1153 3630; x_wconf 82' lang='lat' dir='ltr'><strong>n</strong></span> 
     </span>
     <span class='ocr_line' id='line_1_40' title="bbox 209 3645 1147 3725; baseline 0.003 -28"><span class='ocrx_word' id='word_1_356' title='bbox 209 3645 517 3705; x_wconf 78' lang='lat' dir='ltr'><strong>1160.XXVIJI121.</strong></span> <span class='ocrx_word' id='word_1_357' title='bbox 536 3653 863 3725; x_wconf 67' lang='lat' dir='ltr'><strong>xxxrrraoapmee.</strong></span> <span class='ocrx_word' id='word_1_358' title='bbox 884 3657 967 3714; x_wconf 75' lang='lat' dir='ltr'><strong>comi</strong></span> <span class='ocrx_word' id='word_1_359' title='bbox 981 3676 996 3713; x_wconf 77' lang='lat' dir='ltr'><strong>s</strong></span> <span class='ocrx_word' id='word_1_360' title='bbox 1009 3663 1042 3713; x_wconf 74' lang='lat' dir='ltr'><strong>n</strong></span> <span class='ocrx_word' id='word_1_361' title='bbox 1062 3657 1147 3708; x_wconf 66' lang='lat' dir='ltr'><strong>somus</strong></span> 
     </span>
    </p>
   </div>
   <div class='ocr_carea' id='block_1_4' title="bbox 0 0 1190 3924">
    <p class='ocr_par' dir='ltr' id='par_1_4' title="bbox 0 0 1190 3924">
     <span class='ocr_line' id='line_1_41' title="bbox 0 0 1190 3924; baseline 0 0"><span class='ocrx_word' id='word_1_362' title='bbox 0 0 1190 3924; x_wconf 95' lang='lat' dir='ltr'><strong> </strong></span> 
     </span>
    </p>
   </div>
  </div>
 </body>
</html>
