2396 3940
244 162 328 220 nar.
346 159 440 219 niso.
459 161 504 219 xi
517 167 623 221 ao-so
642 165 769 236 (er-os)
948 164 1014 232 265

31 314 112 378 edum
132 316 220 378 dorsa
242 315 344 400 pilosa,
366 323 487 378 ventres
509 313 612 395 glabri.
636 347 678 358 --
706 309 817 398 (linum
839 317 929 378 coriis
951 316 1014 398 glu·
1064 369 1069 374 .

32 425 98 467 num
120 408 310 489 excoquitur,
332 415 546 484 taurorumque
569 399 788 488 praecipuum.)
811 438 854 450 -

70 489 142 580 (95)
173 495 314 557 llammas
336 495 425 557 homo
453 493 534 562 solos
564 511 580 556 e
609 493 743 556 maribus
772 491 874 576 habet,
906 503 1071 558 oeterattn

31 585 136 647 nimalia
158 603 353 648 mammarum
375 591 461 646 notas
484 591 608 645 tantum.
654 583 706 645 sed
729 602 768 646 ne
795 584 922 646 feminae
950 586 1015 665 qui-

31 694 70 736 em
92 677 123 736 in
150 682 273 756 pectore
299 677 357 736 nisi
384 691 460 754 quae
487 681 615 754 possunt
641 681 745 754 partus
773 693 844 735 suos
871 673 1015 736 attollere.

31 784 55 825 ra
77 766 264 846 gignentium
286 763 369 826 nulli.
413 781 470 825 neo
492 763 552 824 laot
573 765 632 824 nisi
655 762 762 824 animal
784 765 921 844 parienti.
965 781 1015 824 vo·

31 873 118 916 iorum
140 853 343 934 vespertilioni
365 860 489 916 tantiam.
534 851 701 915 fabulosum
724 855 804 914 enim
827 852 956 914 arbitror
978 853 1019 914 de

31 943 144 1024 rigibus
171 941 265 1005 ubera
290 961 340 1004 eas
367 943 526 1004 infantium
552 941 642 1004 labris
670 942 846 1022 inmulgere.
890 960 956 1004 esse
984 943 1017 1004 in

31 1033 166 1096 alediotis
195 1035 254 1095 iam
284 1034 413 1113 antiquis
443 1033 566 1112 strigem
597 1033 752 1114 convenit,
784 1032 837 1094 sed
869 1049 945 1112 quae
977 1033 1017 1092 sit

31 1126 97 1186 aium
121 1131 259 1186 constare
282 1139 343 1184 non
366 1119 504 1184 arbitror.

67 1208 126 1275 40.
164 1212 264 1273 Asinis
286 1231 303 1274 a
326 1211 389 1273 ieta
417 1210 531 1293 dolent,
563 1210 630 1272 ideo
661 1218 745 1272 sexto
759 1229 875 1285 ,mense
903 1217 1072 1272 aroenttto

31 1312 117 1386 artus,
148 1309 217 1363 euni
242 1303 338 1381 equae
367 1319 444 1362 anno
473 1317 567 1381 prope
598 1307 661 1362 toto
691 1298 861 1381 praebeant.
907 1299 1017 1380 quibus

31 1392 93 1452 lida
114 1390 227 1472 ungula
250 1409 306 1452 neo
330 1407 420 1470 supra
442 1392 577 1470 geminos
599 1389 692 1471 letus,
714 1388 788 1451 haee
811 1391 909 1450 omnia
930 1389 1017 1452 binas

31 1481 110 1542 ibent
137 1499 293 1563 mammas,
320 1497 377 1541 noo
392 1479 495 1542 'aliubi
522 1497 611 1560 qaam
638 1481 669 1540 in
696 1477 866 1542 seminibus.
912 1479 1017 1540 eodem

33 1573 57 1632 ei
79 1569 196 1633 bisulca
219 1577 250 1631 et
272 1571 436 1651 oornigera,
459 1568 550 1630 boves
573 1577 741 1652 quaternas,
765 1587 834 1630 oves
858 1577 888 1631 et
910 1585 1017 1648 caprae

31 1679 93 1722 nas.
141 1677 217 1740 quae
240 1677 400 1720 numeroso
423 1658 551 1720 secunda
572 1667 661 1738 partu
689 1666 719 1720 et
742 1656 851 1738 quibus
874 1658 959 1738 digiti
985 1659 1017 1718 io

31 1750 137 1832 edibus,
160 1749 233 1810 haee
250 1748 353 1830 plnres
371 1747 481 1810 habent
504 1755 535 1810 et
557 1755 620 1810 toto
643 1755 747 1809 ventre
771 1746 882 1829 duplioi
903 1746 1018 1828 ordine,

31 1855 138 1922 :sues,
161 1856 322 1920 generosae
346 1837 507 1920 duodenas,
529 1837 666 1918 vulgares
683 1836 763 1898 binis
781 1839 890 1899 minus.
917 1835 1018 1898 simili·

31 1949 47 1989 r
76 1947 176 1990 onnes.
229 1927 284 1989 alia
312 1935 417 1989 ventre
446 1927 544 1989 medio
574 1935 748 2009 quaternas,
779 1934 814 1988 ut
846 1925 1017 2007 pantherae,

31 2021 55 2079 ia
77 2019 179 2100 binas,
206 2025 240 2080 ut
262 2017 390 2078 leaenae.
436 2015 577 2097 elephans
598 2023 715 2078 tantum
742 2015 798 2077 snb
821 2017 912 2077 armis
935 2014 1018 2097 duas,

31 2127 56 2169 ao
79 2111 111 2170 in
134 2114 268 2189 peotore,
290 2106 344 2168 sed
367 2108 443 2168 eitra
463 2108 496 2168 in
519 2105 573 2168 alis
596 2105 736 2167 occultas.
773 2103 847 2166 nulli
869 2107 901 2166 in
923 2105 1074 2166 femi-234
1166 2139 1167 2164 1

31 2198 89 2259 bus
113 2197 224 2277 digitos
245 2195 429 2258 habentium.
468 2197 579 2277 primis
602 2197 710 2275 genitis
733 2196 764 2255 in
788 2213 908 2274 quoquo
929 2201 1018 2274 partu

31 2307 70 2348 res
89 2289 203 2368 primas
221 2283 373 2368 praebent,
392 2303 444 2346 eae
464 2293 535 2346 sunt
553 2284 688 2346 lancibus
706 2286 867 2366 proximae,
886 2292 917 2346 et
934 2301 1018 2345 snam

31 2381 129 2457 risque
149 2377 231 2437 novit
248 2377 279 2436 in
297 2375 361 2436 fetu
379 2393 438 2454 quo
462 2377 580 2454 genitus
603 2382 650 2436 est
672 2375 786 2456 ordine,
809 2391 903 2452 eaque
922 2372 1019 2455 alitur,

31 2485 56 2527 ro
80 2467 146 2527 alia.
193 2465 326 2526 detracto
349 2463 397 2524 illa
420 2464 540 2525 alumno
563 2482 618 2526 suo
641 2463 801 2525 sterilescit
823 2462 892 2524 ilioo
915 2481 949 2522 ao
972 2480 1019 2522 re-

31 2556 76 2639 lit,
103 2573 166 2617 uno
194 2573 265 2616 vero
293 2573 329 2616 ex
353 2556 434 2616 omni
456 2552 545 2616 turba
566 2552 671 2614 relieto
695 2551 756 2613 sola
782 2551 916 2612 munifex
944 2569 1020 2630 quae

76 2827 100 2874 1.
115 2825 141 2874 2.
160 2833 246 2875 aneos
264 2833 310 2889 epo
323 2819 416 2888 posui.
512 2824 528 2873 6
550 2817 609 2873 leet
625 2823 661 2872 Π.
689 2817 739 2884 cfr.
758 2815 779 2888 §
796 2819 863 2872 236.
881 2818 947 2872 237.
974 2814 1020 2870 leo

32 2891 90 2944 n²d
104 2893 137 2946 in
150 2906 206 2946 aas.
235 2890 318 2946 laetis
335 2891 400 2946 11²2,
492 2888 720 2960 luespertilioni
737 2887 873 2944 eedGel.
904 2885 955 2942 ·lio
973 2892 1021 2942 lla

31 2965 63 3017 ld.
75 2968 141 3018 ante
151 2963 208 3018 Gal.
301 2967 333 3018 15
351 2962 409 3017 looi
426 2960 516 3015 illa²
529 2962 562 3016 in
574 2977 629 3016 roe.
644 2964 668 3014 d.
696 2961 759 3015 loco
777 2965 829 3015 Bo.
857 2959 908 3027 ofr.
922 2957 1022 3030 5136.

31 3051 54 3090 o.
66 3053 97 3104 p.
108 3039 153 3091 75.
170 3035 175 3104 1
192 3035 221 3090 et
239 3049 340 3105 caprae
358 3037 421 3088 ΠΒ.
450 3049 552 3104 oaproe
569 3033 752 3087 nseddoett.
781 3046 937 3102 capraeque
955 3031 1022 3085 (led.

32 3123 71 3161 os.
127 3112 179 3162 -1r
199 3109 230 3161 et
245 3108 306 3162 toto
324 3109 388 3159 n.
419 3106 482 3160 toto
500 3121 544 3160 ro.
622 3103 746 3159 idalias
764 3108 817 3157 Be.
896 3107 931 3156 20
950 3101 1021 3156 alias

31 3197 55 3233 a.
85 3177 186 3234 etalio
199 3183 230 3233 B.
252 3179 256 3247 Ι
276 3177 374 3233 leenae
389 3175 426 3232 αἳ.
454 3177 537 3231 lanae
550 3175 594 3230 1³¹.
622 3174 725 3230 lamiae
740 3193 764 3229 ιι.
794 3213 797 3218 -
835 3179 870 3229 21
891 3172 1021 3228 eilraro.

31 3267 68 3304 re
87 3255 122 3304 1.
151 3251 198 3306 sed
215 3250 266 3318 οἷν.
280 3249 368 3304 Arest.
386 3249 413 3304 lt.
433 3266 459 3304 a.
478 3251 513 3301 ΙΙ
521 3251 537 3303 1
552 3248 721 3318 praeda
741 3247 793 3301 οὐκ
811 3247 841 3300 ἐν
859 3251 901 3315 τῷ
920 3245 1021 3314 (τήθει,

31 3323 74 3376 tid
87 3323 158 3390 arpo<
170 3328 213 3394 τῷ
228 3323 326 3390 (τήθει.
338 3355 346 3362 -
351 3337 382 3390 p.
393 3325 448 3376 500
455 3320 492 3388 A,
499 3325 543 3376 19.
558 3321 591 3375 de
600 3324 676 3389 part.
692 3333 737 3374 an.
748 3319 797 3371 IV
798 3322 835 3372 10
844 3333 875 3386 p.
886 3315 988 3382 688Β,
996 3321 1022 3371 5.

31 3392 161 3448 oiuxta?
186 3395 191 3462 Ι
217 3393 270 3448 elio
288 3397 335 3448 dv.
357 3408 408 3448 om.
427 3397 458 3447 B.
487 3391 550 3446 aliis
567 3396 623 3446 Is.
649 3393 653 3460 Ι
677 3389 763 3444 nullis
782 3392 854 3441 Ded.
928 3392 962 3441 22
980 3387 1022 3440 in·
1047 3391 1053 3405 '

31 3465 110 3519 enitn‘s
123 3469 195 3520 nod.
213 3467 217 3534 Ι
233 3481 346 3534 quoquo
359 3469 390 3519 B.
409 3480 521 3534 quaque
534 3463 565 3517 ⁸²
574 3463 633 3518 edd.
642 3467 706 3518 onte
716 3461 773 3516 oet.
837 3465 879 3514 22.
891 3464 925 3514 23
939 3459 1023 3528 partu

31 3553 71 3590 res
87 3536 144 3592 θεῖ.
171 3538 247 3591 -tnus
264 3535 312 3590 uel
329 3540 365 3590 Ι.
391 3537 448 3594 -tus
468 3532 787 3605 (·te1l²edd.ante6el.)
807 3547 869 3586 sues
887 3534 939 3584 nd.
965 3531 1022 3584 tus

31 3625 55 3662 re
75 3626 101 3663 s.
128 3609 171 3663 du
189 3609 219 3663 et
235 3613 267 3664 a.
357 3613 392 3662 23
415 3607 553 3678 praebent
569 3605 688 3660 undet.
716 3603 863 3674 praement
879 3608 931 3656 lle.
959 3616 1022 3670 pre·

31 3682 104 3735 iente
122 3683 147 3736 d.
175 3681 268 3735 -munt
285 3680 419 3737 eddonis
427 3675 589 3737 ‚Gelflord
662 3681 696 3731 26
714 3673 815 3730 aeliota
832 3673 896 3729 1³¹2.
