<?xml version="1.0" encoding="UTF-8"?>
<!DOCTYPE html PUBLIC "-//W3C//DTD XHTML 1.0 Transitional//EN"
    "http://www.w3.org/TR/xhtml1/DTD/xhtml1-transitional.dtd">
<html xmlns="http://www.w3.org/1999/xhtml" xml:lang="en" lang="en">
 <head>
  <title>
</title>
<meta http-equiv="Content-Type" content="text/html;charset=utf-8" />
  <meta name='ocr-system' content='tesseract 3.04.00' />
  <meta name='ocr-capabilities' content='ocr_page ocr_carea ocr_par ocr_line ocrx_word'/>
</head>
<body>
  <div class='ocr_page' id='page_1' title='image "./naturalishistor02plingoog_0266.png"; bbox 0 0 2390 3938; ppageno 0'>
   <div class='ocr_carea' id='block_1_1' title="bbox 145 208 805 273">
    <p class='ocr_par' dir='ltr' id='par_1_1' title="bbox 145 208 805 273">
     <span class='ocr_line' id='line_1_1' title="bbox 145 208 805 273; baseline -0.011 0"><span class='ocrx_word' id='word_1_1' title='bbox 145 208 205 273; x_wconf 87' lang='lat'><strong>188</strong></span> <span class='ocrx_word' id='word_1_2' title='bbox 493 218 525 267; x_wconf 89' lang='lat' dir='ltr'><strong>c.</strong></span> <span class='ocrx_word' id='word_1_3' title='bbox 542 215 805 266; x_wconf 77' lang='lat' dir='ltr'><strong>ummsncunnr</strong></span> 
     </span>
    </p>
   </div>
   <div class='ocr_carea' id='block_1_2' title="bbox 36 369 1194 3489">
    <p class='ocr_par' dir='ltr' id='par_1_2' title="bbox 36 369 1194 3489">
     <span class='ocr_line' id='line_1_2' title="bbox 105 369 1146 454; baseline -0.007 -16"><span class='ocrx_word' id='word_1_4' title='bbox 105 380 248 440; x_wconf 76' lang='lat' dir='ltr'><strong>totesima</strong></span> <span class='ocrx_word' id='word_1_5' title='bbox 273 376 359 454; x_wconf 87' lang='lat' dir='ltr'><strong>iruge</strong></span> <span class='ocrx_word' id='word_1_6' title='bbox 392 373 531 454; x_wconf 73' lang='lat' dir='ltr'><strong>agricolis</strong></span> <span class='ocrx_word' id='word_1_7' title='bbox 557 374 642 434; x_wconf 82' lang='lat' dir='ltr'><strong>ianus</strong></span> <span class='ocrx_word' id='word_1_8' title='bbox 667 372 809 434; x_wconf 86' lang='lat' dir='ltr'><strong>reddente</strong></span> <span class='ocrx_word' id='word_1_9' title='bbox 834 380 922 433; x_wconf 88' lang='lat' dir='ltr'><strong>terra.</strong></span> <span class='ocrx_word' id='word_1_10' title='bbox 967 369 1020 432; x_wconf 88' lang='lat' dir='ltr'><strong>llic</strong></span> <span class='ocrx_word' id='word_1_11' title='bbox 1047 370 1146 452; x_wconf 90' lang='lat' dir='ltr'><strong>oppida</strong></span> 
     </span>
     <span class='ocr_line' id='line_1_3' title="bbox 145 451 1146 540; baseline -0.01 -16"><span class='ocrx_word' id='word_1_12' title='bbox 145 464 239 524; x_wconf 85' lang='lat' dir='ltr'><strong>libera</strong></span> <span class='ocrx_word' id='word_1_13' title='bbox 252 460 370 540; x_wconf 85' lang='lat' dir='ltr'><strong>baptis,</strong></span> <span class='ocrx_word' id='word_1_14' title='bbox 389 457 610 536; x_wconf 78' lang='lat' dir='ltr'><strong>hadrumetum,</strong></span> <span class='ocrx_word' id='word_1_15' title='bbox 624 451 772 536; x_wconf 82' lang='lat' dir='ltr'><strong>Ruspina,</strong></span> <span class='ocrx_word' id='word_1_16' title='bbox 788 455 930 535; x_wconf 90' lang='lat' dir='ltr'><strong>Thapsus.</strong></span> <span class='ocrx_word' id='word_1_17' title='bbox 964 455 1031 516; x_wconf 89' lang='lat' dir='ltr'><strong>inde</strong></span> <span class='ocrx_word' id='word_1_18' title='bbox 1044 455 1146 531; x_wconf 88' lang='lat' dir='ltr'><strong>Thena,</strong></span> 
     </span>
     <span class='ocr_line' id='line_1_4' title="bbox 130 540 1147 623; baseline -0.01 -16"><span class='ocrx_word' id='word_1_19' title='bbox 130 549 243 623; x_wconf 83' lang='lat' dir='ltr'><strong>&#39;Aves,</strong></span> <span class='ocrx_word' id='word_1_20' title='bbox 264 543 465 618; x_wconf 72' lang='lat' dir='ltr'><strong>Macomades,</strong></span> <span class='ocrx_word' id='word_1_21' title='bbox 486 541 619 621; x_wconf 79' lang='lat' dir='ltr'><strong>Tacape,</strong></span> <span class='ocrx_word' id='word_1_22' title='bbox 641 541 763 602; x_wconf 90' lang='lat' dir='ltr'><strong>Sabrata</strong></span> <span class='ocrx_word' id='word_1_23' title='bbox 784 543 960 618; x_wconf 88' lang='lat' dir='ltr'><strong>contingens</strong></span> <span class='ocrx_word' id='word_1_24' title='bbox 982 540 1090 616; x_wconf 86' lang='lat' dir='ltr'><strong>Syrtim</strong></span> <span class='ocrx_word' id='word_1_25' title='bbox 1107 541 1147 598; x_wconf 88' lang='lat' dir='ltr'><strong>mi-</strong></span> 
     </span>
     <span class='ocr_line' id='line_1_5' title="bbox 146 624 1147 708; baseline -0.01 -16"><span class='ocrx_word' id='word_1_26' title='bbox 146 649 264 706; x_wconf 88' lang='lat' dir='ltr'><strong>norem,</strong></span> <span class='ocrx_word' id='word_1_27' title='bbox 285 629 321 689; x_wconf 95' lang='lat' dir='ltr'><strong>ad</strong></span> <span class='ocrx_word' id='word_1_28' title='bbox 337 646 421 708; x_wconf 88' lang='lat' dir='ltr'><strong>quam</strong></span> <span class='ocrx_word' id='word_1_29' title='bbox 435 625 586 688; x_wconf 80' lang='lat' dir='ltr'><strong>Numidiae</strong></span> <span class='ocrx_word' id='word_1_30' title='bbox 600 635 631 686; x_wconf 91' lang='lat' dir='ltr'><strong>et</strong></span> <span class='ocrx_word' id='word_1_31' title='bbox 646 625 765 686; x_wconf 85' lang='lat' dir='ltr'><strong>Africae</strong></span> <span class='ocrx_word' id='word_1_32' title='bbox 784 625 821 686; x_wconf 91' lang='lat' dir='ltr'><strong>ab</strong></span> <span class='ocrx_word' id='word_1_33' title='bbox 838 625 987 703; x_wconf 78' lang='lat' dir='ltr'><strong>Ampsaga</strong></span> <span class='ocrx_word' id='word_1_34' title='bbox 1007 624 1147 702; x_wconf 88' lang='lat' dir='ltr'><strong>longitudo</strong></span> 
     </span>
     <span class='ocr_line' id='line_1_6' title="bbox 145 707 1192 792; baseline -0.011 -15"><span class='ocrx_word' id='word_1_35' title='bbox 145 713 280 792; x_wconf 74' lang='lat' dir='ltr'><strong>clxxx</strong></span> <span class='ocrx_word' id='word_1_36' title='bbox 294 711 325 773; x_wconf 84' lang='lat' dir='ltr'><strong>hl</strong></span> <span class='ocrx_word' id='word_1_37' title='bbox 341 731 432 792; x_wconf 77' lang='lat' dir='ltr'><strong>pass,</strong></span> <span class='ocrx_word' id='word_1_38' title='bbox 450 710 570 772; x_wconf 86' lang='lat' dir='ltr'><strong>latitudo</strong></span> <span class='ocrx_word' id='word_1_39' title='bbox 587 729 643 790; x_wconf 86' lang='lat' dir='ltr'><strong>qua</strong></span> <span class='ocrx_word' id='word_1_40' title='bbox 657 711 806 788; x_wconf 81' lang='lat' dir='ltr'><strong>cognitum</strong></span> <span class='ocrx_word' id='word_1_41' title='bbox 821 718 870 770; x_wconf 88' lang='lat' dir='ltr'><strong>cst</strong></span> <span class='ocrx_word' id='word_1_42' title='bbox 884 708 934 770; x_wconf 91' lang='lat' dir='ltr'><strong>CC</strong></span> <span class='ocrx_word' id='word_1_43' title='bbox 948 709 988 772; x_wconf 85' lang='lat' dir='ltr'><strong>bl.</strong></span> <span class='ocrx_word' id='word_1_44' title='bbox 1028 707 1071 768; x_wconf 85' lang='lat' dir='ltr'><strong>lla</strong></span> <span class='ocrx_word' id='word_1_45' title='bbox 1091 723 1167 788; x_wconf 81' lang='lat' dir='ltr'><strong>parst</strong></span> <span class='ocrx_word' id='word_1_46' title='bbox 1191 725 1192 732; x_wconf 50' lang='lat'>¹</span> 
     </span>
     <span class='ocr_line' id='line_1_7' title="bbox 146 793 1148 880; baseline -0.009 -20"><span class='ocrx_word' id='word_1_47' title='bbox 146 818 229 880; x_wconf 86' lang='lat' dir='ltr'><strong>quam</strong></span> <span class='ocrx_word' id='word_1_48' title='bbox 257 797 387 858; x_wconf 89' lang='lat' dir='ltr'><strong>Airicam</strong></span> <span class='ocrx_word' id='word_1_49' title='bbox 411 795 621 876; x_wconf 81' lang='lat' dir='ltr'><strong>appellavimus</strong></span> <span class='ocrx_word' id='word_1_50' title='bbox 648 793 785 854; x_wconf 87' lang='lat' dir='ltr'><strong>dividitur</strong></span> <span class='ocrx_word' id='word_1_51' title='bbox 813 797 843 854; x_wconf 92' lang='lat' dir='ltr'><strong>in</strong></span> <span class='ocrx_word' id='word_1_52' title='bbox 877 794 948 855; x_wconf 91' lang='lat' dir='ltr'><strong>duas</strong></span> <span class='ocrx_word' id='word_1_53' title='bbox 981 795 1148 874; x_wconf 79' lang='lat' dir='ltr'><strong>provincias,</strong></span> 
     </span>
     <span class='ocr_line' id='line_1_8' title="bbox 145 877 1148 958; baseline -0.006 -16"><span class='ocrx_word' id='word_1_54' title='bbox 145 892 278 944; x_wconf 85' lang='lat' dir='ltr'><strong>veterem</strong></span> <span class='ocrx_word' id='word_1_55' title='bbox 296 891 325 942; x_wconf 87' lang='lat' dir='ltr'><strong>et</strong></span> <span class='ocrx_word' id='word_1_56' title='bbox 345 898 464 958; x_wconf 88' lang='lat' dir='ltr'><strong>novam,</strong></span> <span class='ocrx_word' id='word_1_57' title='bbox 488 880 631 941; x_wconf 86' lang='lat' dir='ltr'><strong>discretas</strong></span> <span class='ocrx_word' id='word_1_58' title='bbox 652 879 733 939; x_wconf 84' lang='lat' dir='ltr'><strong>iossa</strong></span> <span class='ocrx_word' id='word_1_59' title='bbox 754 881 831 940; x_wconf 87' lang='lat' dir='ltr'><strong>iuter</strong></span> <span class='ocrx_word' id='word_1_60' title='bbox 847 877 1018 940; x_wconf 76' lang='lat' dir='ltr'><strong>Africanum</strong></span> <span class='ocrx_word' id='word_1_61' title='bbox 1035 896 1148 958; x_wconf 84' lang='lat' dir='ltr'><strong>sequan-</strong></span> 
     </span>
     <span class='ocr_line' id='line_1_9' title="bbox 147 959 1148 1044; baseline -0.005 -18"><span class='ocrx_word' id='word_1_62' title='bbox 147 976 205 1028; x_wconf 90' lang='lat' dir='ltr'><strong>tem</strong></span> <span class='ocrx_word' id='word_1_63' title='bbox 219 975 250 1026; x_wconf 85' lang='lat' dir='ltr'><strong>et</strong></span> <span class='ocrx_word' id='word_1_64' title='bbox 265 983 355 1043; x_wconf 85' lang='lat' dir='ltr'><strong>reges</strong></span> <span class='ocrx_word' id='word_1_65' title='bbox 371 964 499 1026; x_wconf 89' lang='lat' dir='ltr'><strong>Thenam</strong></span> <span class='ocrx_word' id='word_1_66' title='bbox 514 983 608 1043; x_wconf 88' lang='lat' dir='ltr'><strong>nsque</strong></span> <span class='ocrx_word' id='word_1_67' title='bbox 624 962 782 1042; x_wconf 91' lang='lat' dir='ltr'><strong>perducta,</strong></span> <span class='ocrx_word' id='word_1_68' title='bbox 803 963 882 1043; x_wconf 87' lang='lat' dir='ltr'><strong>quod</strong></span> <span class='ocrx_word' id='word_1_69' title='bbox 905 963 1044 1044; x_wconf 90' lang='lat' dir='ltr'><strong>oppidum</strong></span> <span class='ocrx_word' id='word_1_70' title='bbox 1059 981 1077 1022; x_wconf 90' lang='lat' dir='ltr'><strong>a</strong></span> <span class='ocrx_word' id='word_1_71' title='bbox 1092 959 1148 1022; x_wconf 90' lang='lat' dir='ltr'><strong>Car·</strong></span> 
     </span>
     <span class='ocr_line' id='line_1_10' title="bbox 96 1044 1149 1128; baseline -0.009 -15"><span class='ocrx_word' id='word_1_72' title='bbox 96 1059 130 1113; x_wconf 77' lang='lat' dir='ltr'><strong>ab</strong></span> <span class='ocrx_word' id='word_1_73' title='bbox 145 1051 263 1128; x_wconf 90' lang='lat' dir='ltr'><strong>tbagine</strong></span> <span class='ocrx_word' id='word_1_74' title='bbox 280 1050 365 1110; x_wconf 87' lang='lat' dir='ltr'><strong>abest</strong></span> <span class='ocrx_word' id='word_1_75' title='bbox 382 1047 502 1110; x_wconf 84' lang='lat' dir='ltr'>CCXVI</span> <span class='ocrx_word' id='word_1_76' title='bbox 517 1047 547 1108; x_wconf 85' lang='lat' dir='ltr'><strong>bl</strong></span> <span class='ocrx_word' id='word_1_77' title='bbox 564 1066 640 1127; x_wconf 88' lang='lat' dir='ltr'><strong>paas.</strong></span> <span class='ocrx_word' id='word_1_78' title='bbox 670 1044 732 1126; x_wconf 82' lang='lat'><strong>(4.)</strong></span> <span class='ocrx_word' id='word_1_79' title='bbox 747 1045 863 1106; x_wconf 88' lang='lat' dir='ltr'><strong>Tertius</strong></span> <span class='ocrx_word' id='word_1_80' title='bbox 880 1050 961 1108; x_wconf 89' lang='lat' dir='ltr'><strong>sinus</strong></span> <span class='ocrx_word' id='word_1_81' title='bbox 977 1047 1149 1108; x_wconf 88' lang='lat' dir='ltr'><strong>dividituriu</strong></span> 
     </span>
     <span class='ocr_line' id='line_1_11' title="bbox 146 1131 1173 1213; baseline -0.011 -18"><span class='ocrx_word' id='word_1_82' title='bbox 146 1136 296 1213; x_wconf 87' lang='lat' dir='ltr'><strong>geminos,</strong></span> <span class='ocrx_word' id='word_1_83' title='bbox 323 1134 442 1194; x_wconf 90' lang='lat' dir='ltr'><strong>duarum</strong></span> <span class='ocrx_word' id='word_1_84' title='bbox 461 1131 589 1210; x_wconf 77' lang='lat' dir='ltr'><strong>Syrtium</strong></span> <span class='ocrx_word' id='word_1_85' title='bbox 609 1132 721 1192; x_wconf 85' lang='lat' dir='ltr'><strong>uadoso</strong></span> <span class='ocrx_word' id='word_1_86' title='bbox 741 1149 776 1192; x_wconf 91' lang='lat' dir='ltr'><strong>ac</strong></span> <span class='ocrx_word' id='word_1_87' title='bbox 796 1133 954 1210; x_wconf 86' lang='lat' dir='ltr'><strong>reciproco</strong></span> <span class='ocrx_word' id='word_1_88' title='bbox 975 1133 1046 1192; x_wconf 89' lang='lat' dir='ltr'><strong>mari</strong></span> <span class='ocrx_word' id='word_1_89' title='bbox 1071 1131 1173 1191; x_wconf 81' lang='lat' dir='ltr'><strong>dirosn</strong></span> 
     </span>
     <span class='ocr_line' id='line_1_12' title="bbox 146 1213 1148 1298; baseline -0.009 -18"><span class='ocrx_word' id='word_1_90' title='bbox 146 1219 181 1280; x_wconf 91' lang='lat' dir='ltr'><strong>ad</strong></span> <span class='ocrx_word' id='word_1_91' title='bbox 198 1220 373 1298; x_wconf 84' lang='lat' dir='ltr'><strong>proximam,</strong></span> <span class='ocrx_word' id='word_1_92' title='bbox 396 1235 472 1297; x_wconf 82' lang='lat' dir='ltr'><strong>quae</strong></span> <span class='ocrx_word' id='word_1_93' title='bbox 496 1219 591 1278; x_wconf 90' lang='lat' dir='ltr'><strong>minor</strong></span> <span class='ocrx_word' id='word_1_94' title='bbox 613 1224 678 1294; x_wconf 86' lang='lat' dir='ltr'><strong>est,</strong></span> <span class='ocrx_word' id='word_1_95' title='bbox 701 1235 718 1276; x_wconf 92' lang='lat' dir='ltr'><strong>a</strong></span> <span class='ocrx_word' id='word_1_96' title='bbox 740 1213 918 1293; x_wconf 74' lang='lat' dir='ltr'><strong>Carthagine</strong></span> <span class='ocrx_word' id='word_1_97' title='bbox 939 1214 1015 1276; x_wconf 93' lang='lat' dir='ltr'><strong>CCC</strong></span> <span class='ocrx_word' id='word_1_98' title='bbox 1034 1214 1064 1276; x_wconf 81' lang='lat' dir='ltr'><strong>bl</strong></span> <span class='ocrx_word' id='word_1_99' title='bbox 1081 1233 1148 1295; x_wconf 88' lang='lat' dir='ltr'><strong>pass.</strong></span> 
     </span>
     <span class='ocr_line' id='line_1_13' title="bbox 146 1297 1193 1380; baseline -0.006 -17"><span class='ocrx_word' id='word_1_100' title='bbox 146 1303 288 1378; x_wconf 79' lang='lat' dir='ltr'><strong>Polybius</strong></span> <span class='ocrx_word' id='word_1_101' title='bbox 311 1301 411 1379; x_wconf 90' lang='lat' dir='ltr'><strong>tradit,</strong></span> <span class='ocrx_word' id='word_1_102' title='bbox 433 1303 525 1380; x_wconf 88' lang='lat' dir='ltr'><strong>ipsam</strong></span> <span class='ocrx_word' id='word_1_103' title='bbox 540 1298 564 1360; x_wconf 96' lang='grc'><strong>0</strong></span> <span class='ocrx_word' id='word_1_104' title='bbox 578 1299 608 1360; x_wconf 86' lang='grc' dir='ltr'><strong>Μ</strong></span> <span class='ocrx_word' id='word_1_105' title='bbox 623 1318 760 1380; x_wconf 84' lang='lat' dir='ltr'><strong>passuum</strong></span> <span class='ocrx_word' id='word_1_106' title='bbox 779 1299 874 1378; x_wconf 90' lang='lat' dir='ltr'><strong>aditu,</strong></span> <span class='ocrx_word' id='word_1_107' title='bbox 900 1297 976 1360; x_wconf 92' lang='grc'><strong>000</strong></span> <span class='ocrx_word' id='word_1_108' title='bbox 992 1299 1025 1360; x_wconf 84' lang='lat' dir='ltr'><strong>hl</strong></span> <span class='ocrx_word' id='word_1_109' title='bbox 1043 1300 1148 1361; x_wconf 86' lang='lat' dir='ltr'><strong>ambitu.</strong></span> <span class='ocrx_word' id='word_1_110' title='bbox 1192 1309 1193 1342; x_wconf 66' lang='lat' dir='ltr'><strong>l</strong></span> 
     </span>
     <span class='ocr_line' id='line_1_14' title="bbox 147 1383 1149 1464; baseline -0.006 -16"><span class='ocrx_word' id='word_1_111' title='bbox 147 1397 178 1448; x_wconf 92' lang='lat' dir='ltr'><strong>et</strong></span> <span class='ocrx_word' id='word_1_112' title='bbox 194 1396 273 1448; x_wconf 85' lang='lat' dir='ltr'><strong>tarra</strong></span> <span class='ocrx_word' id='word_1_113' title='bbox 287 1395 381 1446; x_wconf 90' lang='lat' dir='ltr'><strong>autem</strong></span> <span class='ocrx_word' id='word_1_114' title='bbox 398 1385 526 1446; x_wconf 90' lang='lat' dir='ltr'><strong>siderum</strong></span> <span class='ocrx_word' id='word_1_115' title='bbox 543 1385 753 1445; x_wconf 85' lang='lat' dir='ltr'><strong>observatione</strong></span> <span class='ocrx_word' id='word_1_116' title='bbox 772 1385 808 1446; x_wconf 89' lang='lat' dir='ltr'><strong>ad</strong></span> <span class='ocrx_word' id='word_1_117' title='bbox 824 1401 887 1445; x_wconf 88' lang='lat' dir='ltr'><strong>eam</strong></span> <span class='ocrx_word' id='word_1_118' title='bbox 901 1403 958 1464; x_wconf 86' lang='lat' dir='ltr'><strong>par</strong></span> <span class='ocrx_word' id='word_1_119' title='bbox 974 1385 1094 1446; x_wconf 87' lang='lat' dir='ltr'><strong>deserta</strong></span> <span class='ocrx_word' id='word_1_120' title='bbox 1110 1383 1149 1442; x_wconf 86' lang='lat' dir='ltr'><strong>ba·</strong></span> 
     </span>
     <span class='ocr_line' id='line_1_15' title="bbox 146 1467 1174 1632; baseline -0.008 -17"><span class='ocrx_word' id='word_1_121' title='bbox 146 1477 544 1632; x_wconf 65' lang='lat' dir='ltr'><strong>tltt‘lltttttttt</strong></span> <span class='ocrx_word' id='word_1_122' title='bbox 563 1478 706 1614; x_wconf 60' lang='lat' dir='ltr'><strong>tagl</strong></span> <span class='ocrx_word' id='word_1_123' title='bbox 729 1467 1174 1631; x_wconf 63' lang='lat' dir='ltr'><strong>,ltdtlt‘rltttttttl</strong></span> 
     </span>
     <span class='ocr_line' id='line_1_16' title="bbox 146 1636 1151 1718; baseline -0.005 -17"><span class='ocrx_word' id='word_1_124' title='bbox 146 1657 216 1700; x_wconf 83' lang='lat' dir='ltr'><strong>mox</strong></span> <span class='ocrx_word' id='word_1_125' title='bbox 238 1638 356 1699; x_wconf 91' lang='lat' dir='ltr'><strong>deserta</strong></span> <span class='ocrx_word' id='word_1_126' title='bbox 380 1646 462 1700; x_wconf 83' lang='lat' dir='ltr'><strong>vasta</strong></span> <span class='ocrx_word' id='word_1_127' title='bbox 482 1636 617 1718; x_wconf 86' lang='lat' dir='ltr'><strong>ultraque</strong></span> <span class='ocrx_word' id='word_1_128' title='bbox 639 1636 825 1698; x_wconf 85' lang='lat' dir='ltr'><strong>Garamantes</strong></span> <span class='ocrx_word' id='word_1_129' title='bbox 848 1637 883 1698; x_wconf 94' lang='lat' dir='ltr'><strong>ab</strong></span> <span class='ocrx_word' id='word_1_130' title='bbox 907 1637 1027 1715; x_wconf 77' lang='lat' dir='ltr'><strong>Augilis</strong></span> <span class='ocrx_word' id='word_1_131' title='bbox 1049 1638 1151 1698; x_wconf 87' lang='lat' dir='ltr'><strong>dierum</strong></span> 
     </span>
     <span class='ocr_line' id='line_1_17' title="bbox 95 1721 1151 1801; baseline -0.009 -13"><span class='ocrx_word' id='word_1_132' title='bbox 95 1735 129 1788; x_wconf 82' lang='lat'><strong>27</strong></span> <span class='ocrx_word' id='word_1_133' title='bbox 145 1723 201 1784; x_wconf 89' lang='lat' dir='ltr'><strong>Xll</strong></span> <span class='ocrx_word' id='word_1_134' title='bbox 221 1725 328 1784; x_wconf 85' lang='lat' dir='ltr'><strong>itinere</strong></span> <span class='ocrx_word' id='word_1_135' title='bbox 348 1723 501 1784; x_wconf 87' lang='lat' dir='ltr'><strong>distantes.</strong></span> <span class='ocrx_word' id='word_1_136' title='bbox 531 1722 626 1801; x_wconf 87' lang='lat' dir='ltr'><strong>Super</strong></span> <span class='ocrx_word' id='word_1_137' title='bbox 647 1721 716 1782; x_wconf 86' lang='lat' dir='ltr'><strong>illos</strong></span> <span class='ocrx_word' id='word_1_138' title='bbox 737 1723 822 1782; x_wconf 87' lang='lat' dir='ltr'><strong>iuerc</strong></span> <span class='ocrx_word' id='word_1_139' title='bbox 842 1740 918 1800; x_wconf 83' lang='lat' dir='ltr'><strong>gens</strong></span> <span class='ocrx_word' id='word_1_140' title='bbox 939 1721 1051 1801; x_wconf 88' lang='lat' dir='ltr'><strong>Psylli,</strong></span> <span class='ocrx_word' id='word_1_141' title='bbox 1072 1739 1151 1800; x_wconf 87' lang='lat' dir='ltr'><strong>super</strong></span> 
     </span>
     <span class='ocr_line' id='line_1_18' title="bbox 147 1805 1150 1888; baseline -0.006 -20"><span class='ocrx_word' id='word_1_142' title='bbox 147 1826 220 1888; x_wconf 85' lang='lat' dir='ltr'><strong>quos</strong></span> <span class='ocrx_word' id='word_1_143' title='bbox 250 1808 332 1868; x_wconf 88' lang='lat' dir='ltr'><strong>lacus</strong></span> <span class='ocrx_word' id='word_1_144' title='bbox 352 1806 524 1886; x_wconf 72' lang='lat' dir='ltr'><strong>Lycomedis</strong></span> <span class='ocrx_word' id='word_1_145' title='bbox 552 1807 680 1867; x_wconf 89' lang='lat' dir='ltr'><strong>desertis</strong></span> <span class='ocrx_word' id='word_1_146' title='bbox 704 1805 906 1867; x_wconf 88' lang='lat' dir='ltr'><strong>circumdatus.</strong></span> <span class='ocrx_word' id='word_1_147' title='bbox 949 1807 1079 1886; x_wconf 87' lang='lat' dir='ltr'><strong>Augilae</strong></span> <span class='ocrx_word' id='word_1_148' title='bbox 1104 1805 1150 1884; x_wconf 92' lang='lat' dir='ltr'><strong>ipsi</strong></span> 
     </span>
     <span class='ocr_line' id='line_1_19' title="bbox 145 1890 1194 1972; baseline -0.007 -18"><span class='ocrx_word' id='word_1_149' title='bbox 145 1893 242 1954; x_wconf 90' lang='lat' dir='ltr'><strong>medio</strong></span> <span class='ocrx_word' id='word_1_150' title='bbox 261 1893 325 1954; x_wconf 88' lang='lat' dir='ltr'><strong>iere</strong></span> <span class='ocrx_word' id='word_1_151' title='bbox 342 1894 438 1972; x_wconf 86' lang='lat' dir='ltr'><strong>spatio</strong></span> <span class='ocrx_word' id='word_1_152' title='bbox 460 1891 593 1953; x_wconf 89' lang='lat' dir='ltr'><strong>locantur</strong></span> <span class='ocrx_word' id='word_1_153' title='bbox 607 1891 643 1951; x_wconf 91' lang='lat' dir='ltr'><strong>ab</strong></span> <span class='ocrx_word' id='word_1_154' title='bbox 660 1890 821 1970; x_wconf 82' lang='lat' dir='ltr'><strong>Aethiopia</strong></span> <span class='ocrx_word' id='word_1_155' title='bbox 836 1909 911 1968; x_wconf 91' lang='lat' dir='ltr'><strong>quae</strong></span> <span class='ocrx_word' id='word_1_156' title='bbox 926 1891 964 1952; x_wconf 90' lang='lat' dir='ltr'><strong>ad</strong></span> <span class='ocrx_word' id='word_1_157' title='bbox 979 1892 1151 1954; x_wconf 87' lang='lat' dir='ltr'><strong>occidentem</strong></span> <span class='ocrx_word' id='word_1_158' title='bbox 1193 1903 1194 1942; x_wconf 81' lang='lat'>3</span> 
     </span>
     <span class='ocr_line' id='line_1_20' title="bbox 146 1975 1175 2056; baseline -0.007 -18"><span class='ocrx_word' id='word_1_159' title='bbox 146 1979 243 2056; x_wconf 82' lang='lat' dir='ltr'><strong>vergit</strong></span> <span class='ocrx_word' id='word_1_160' title='bbox 259 1986 289 2037; x_wconf 90' lang='lat' dir='ltr'><strong>et</strong></span> <span class='ocrx_word' id='word_1_161' title='bbox 303 1995 319 2036; x_wconf 91' lang='lat' dir='ltr'><strong>a</strong></span> <span class='ocrx_word' id='word_1_162' title='bbox 334 1978 459 2054; x_wconf 90' lang='lat' dir='ltr'><strong>regione</strong></span> <span class='ocrx_word' id='word_1_163' title='bbox 473 1993 547 2054; x_wconf 89' lang='lat' dir='ltr'><strong>quae</strong></span> <span class='ocrx_word' id='word_1_164' title='bbox 564 1975 633 2036; x_wconf 92' lang='lat' dir='ltr'><strong>duas</strong></span> <span class='ocrx_word' id='word_1_165' title='bbox 651 1975 745 2051; x_wconf 88' lang='lat' dir='ltr'><strong>Syrtis</strong></span> <span class='ocrx_word' id='word_1_166' title='bbox 765 1977 920 2036; x_wconf 90' lang='lat' dir='ltr'><strong>interiacet</strong></span> <span class='ocrx_word' id='word_1_167' title='bbox 935 1979 1000 2056; x_wconf 91' lang='lat' dir='ltr'><strong>pari</strong></span> <span class='ocrx_word' id='word_1_168' title='bbox 1016 1978 1175 2054; x_wconf 82' lang='lat' dir='ltr'><strong>utrimqueo</strong></span> 
     </span>
     <span class='ocr_line' id='line_1_21' title="bbox 146 2057 1151 2140; baseline -0.005 -18"><span class='ocrx_word' id='word_1_169' title='bbox 146 2061 311 2122; x_wconf 89' lang='lat' dir='ltr'><strong>intervallo.</strong></span> <span class='ocrx_word' id='word_1_170' title='bbox 342 2060 402 2121; x_wconf 87' lang='lat' dir='ltr'><strong>Sed</strong></span> <span class='ocrx_word' id='word_1_171' title='bbox 416 2060 505 2120; x_wconf 87' lang='lat' dir='ltr'><strong>litore</strong></span> <span class='ocrx_word' id='word_1_172' title='bbox 519 2062 596 2120; x_wconf 90' lang='lat' dir='ltr'><strong>inter</strong></span> <span class='ocrx_word' id='word_1_173' title='bbox 610 2059 680 2120; x_wconf 89' lang='lat' dir='ltr'><strong>duas</strong></span> <span class='ocrx_word' id='word_1_174' title='bbox 695 2059 791 2137; x_wconf 84' lang='lat' dir='ltr'><strong>Syrtis</strong></span> <span class='ocrx_word' id='word_1_175' title='bbox 809 2057 880 2120; x_wconf 84' lang='lat' dir='ltr'><strong>CCL</strong></span> <span class='ocrx_word' id='word_1_176' title='bbox 894 2059 924 2120; x_wconf 84' lang='lat' dir='ltr'><strong>bl</strong></span> <span class='ocrx_word' id='word_1_177' title='bbox 944 2079 1091 2140; x_wconf 89' lang='lat' dir='ltr'><strong>passuum.</strong></span> <span class='ocrx_word' id='word_1_178' title='bbox 1118 2060 1151 2118; x_wconf 92' lang='lat' dir='ltr'><strong>ibi</strong></span> 
     </span>
     <span class='ocr_line' id='line_1_22' title="bbox 146 2142 1151 2226; baseline -0.005 -20"><span class='ocrx_word' id='word_1_179' title='bbox 146 2147 249 2206; x_wconf 89' lang='lat' dir='ltr'><strong>civitas</strong></span> <span class='ocrx_word' id='word_1_180' title='bbox 271 2143 413 2221; x_wconf 88' lang='lat' dir='ltr'><strong>Oeensis,</strong></span> <span class='ocrx_word' id='word_1_181' title='bbox 441 2142 551 2226; x_wconf 90' lang='lat' dir='ltr'><strong>Cinyps</strong></span> <span class='ocrx_word' id='word_1_182' title='bbox 572 2143 674 2206; x_wconf 80' lang='lat' dir='ltr'><strong>durius</strong></span> <span class='ocrx_word' id='word_1_183' title='bbox 696 2162 730 2205; x_wconf 86' lang='lat' dir='ltr'><strong>ac</strong></span> <span class='ocrx_word' id='word_1_184' title='bbox 751 2147 856 2222; x_wconf 85' lang='lat' dir='ltr'><strong>regio,</strong></span> <span class='ocrx_word' id='word_1_185' title='bbox 874 2145 984 2225; x_wconf 91' lang='lat' dir='ltr'><strong>oppida</strong></span> <span class='ocrx_word' id='word_1_186' title='bbox 1007 2143 1151 2226; x_wconf 88' lang='lat' dir='ltr'><strong>Neapolis,</strong></span> 
     </span>
     <span class='ocr_line' id='line_1_23' title="bbox 146 2227 1151 2310; baseline -0.002 -22"><span class='ocrx_word' id='word_1_187' title='bbox 146 2229 277 2309; x_wconf 84' lang='lat' dir='ltr'><strong>Taphra,</strong></span> <span class='ocrx_word' id='word_1_188' title='bbox 288 2227 498 2307; x_wconf 89' lang='lat' dir='ltr'><strong>llabrotonum,</strong></span> <span class='ocrx_word' id='word_1_189' title='bbox 510 2227 611 2309; x_wconf 86' lang='lat' dir='ltr'><strong>heptis</strong></span> <span class='ocrx_word' id='word_1_190' title='bbox 622 2228 714 2290; x_wconf 86' lang='lat' dir='ltr'><strong>altera</strong></span> <span class='ocrx_word' id='word_1_191' title='bbox 726 2247 799 2307; x_wconf 87' lang='lat' dir='ltr'><strong>quae</strong></span> <span class='ocrx_word' id='word_1_192' title='bbox 811 2233 1036 2310; x_wconf 85' lang='lat' dir='ltr'><strong>cognominatur</strong></span> <span class='ocrx_word' id='word_1_193' title='bbox 1046 2229 1151 2306; x_wconf 83' lang='lat' dir='ltr'><strong>blegne.</strong></span> 
     </span>
     <span class='ocr_line' id='line_1_24' title="bbox 145 2309 1152 2392; baseline -0.004 -18"><span class='ocrx_word' id='word_1_194' title='bbox 145 2313 216 2374; x_wconf 85' lang='lat' dir='ltr'><strong>Inde</strong></span> <span class='ocrx_word' id='word_1_195' title='bbox 232 2312 326 2390; x_wconf 88' lang='lat' dir='ltr'><strong>Syrtis</strong></span> <span class='ocrx_word' id='word_1_196' title='bbox 340 2315 433 2376; x_wconf 91' lang='lat' dir='ltr'><strong>maior</strong></span> <span class='ocrx_word' id='word_1_197' title='bbox 454 2315 575 2374; x_wconf 88' lang='lat' dir='ltr'><strong>circuitu</strong></span> <span class='ocrx_word' id='word_1_198' title='bbox 594 2310 749 2392; x_wconf 87' lang='lat' dir='ltr'><strong>DCXXV,</strong></span> <span class='ocrx_word' id='word_1_199' title='bbox 771 2312 850 2374; x_wconf 92' lang='lat' dir='ltr'><strong>aditu</strong></span> <span class='ocrx_word' id='word_1_200' title='bbox 868 2323 966 2375; x_wconf 92' lang='lat' dir='ltr'><strong>autem</strong></span> <span class='ocrx_word' id='word_1_201' title='bbox 985 2309 1152 2376; x_wconf 89' lang='lat' dir='ltr'><strong>CCCXIlll</strong></span> 
     </span>
     <span class='ocr_line' id='line_1_25' title="bbox 95 2394 1177 2478; baseline -0.007 -17"><span class='ocrx_word' id='word_1_202' title='bbox 95 2407 129 2461; x_wconf 79' lang='lat'><strong>28</strong></span> <span class='ocrx_word' id='word_1_203' title='bbox 146 2416 290 2478; x_wconf 88' lang='lat' dir='ltr'><strong>passuum.</strong></span> <span class='ocrx_word' id='word_1_204' title='bbox 322 2399 389 2460; x_wconf 86' lang='lat' dir='ltr'><strong>inde</strong></span> <span class='ocrx_word' id='word_1_205' title='bbox 408 2397 516 2460; x_wconf 85' lang='lat' dir='ltr'><strong>accolit</strong></span> <span class='ocrx_word' id='word_1_206' title='bbox 530 2415 605 2476; x_wconf 86' lang='lat' dir='ltr'><strong>gens</strong></span> <span class='ocrx_word' id='word_1_207' title='bbox 624 2394 817 2476; x_wconf 80' lang='lat' dir='ltr'><strong>Cisippadum.</strong></span> <span class='ocrx_word' id='word_1_208' title='bbox 845 2397 879 2460; x_wconf 94' lang='lat' dir='ltr'><strong>In</strong></span> <span class='ocrx_word' id='word_1_209' title='bbox 901 2401 1003 2461; x_wconf 89' lang='lat' dir='ltr'><strong>intimo</strong></span> <span class='ocrx_word' id='word_1_210' title='bbox 1024 2401 1089 2461; x_wconf 90' lang='lat' dir='ltr'><strong>sinu</strong></span> <span class='ocrx_word' id='word_1_211' title='bbox 1108 2397 1177 2458; x_wconf 78' lang='lat' dir='ltr'><strong>inita</strong></span> 
     </span>
     <span class='ocr_line' id='line_1_26' title="bbox 147 2479 1152 2562; baseline -0.001 -20"><span class='ocrx_word' id='word_1_212' title='bbox 147 2499 199 2542; x_wconf 91' lang='lat' dir='ltr'><strong>ora</strong></span> <span class='ocrx_word' id='word_1_213' title='bbox 219 2479 412 2562; x_wconf 86' lang='lat' dir='ltr'><strong>Lotophagon</strong></span> <span class='ocrx_word' id='word_1_214' title='bbox 436 2499 510 2562; x_wconf 87' lang='lat' dir='ltr'><strong>quos</strong></span> <span class='ocrx_word' id='word_1_215' title='bbox 531 2481 645 2560; x_wconf 89' lang='lat' dir='ltr'><strong>quidam</strong></span> <span class='ocrx_word' id='word_1_216' title='bbox 664 2481 825 2544; x_wconf 86' lang='lat' dir='ltr'><strong>Alachroaa</strong></span> <span class='ocrx_word' id='word_1_217' title='bbox 848 2482 969 2562; x_wconf 85' lang='lat' dir='ltr'><strong>dixere,</strong></span> <span class='ocrx_word' id='word_1_218' title='bbox 990 2484 1028 2545; x_wconf 86' lang='lat' dir='ltr'><strong>ad</strong></span> <span class='ocrx_word' id='word_1_219' title='bbox 1048 2482 1152 2544; x_wconf 87' lang='lat' dir='ltr'><strong>Philae·</strong></span> 
     </span>
     <span class='ocr_line' id='line_1_27' title="bbox 146 2565 1152 2648; baseline -0.003 -21"><span class='ocrx_word' id='word_1_220' title='bbox 146 2583 247 2627; x_wconf 91' lang='lat' dir='ltr'><strong>norum</strong></span> <span class='ocrx_word' id='word_1_221' title='bbox 261 2584 336 2629; x_wconf 90' lang='lat' dir='ltr'><strong>aras.</strong></span> <span class='ocrx_word' id='word_1_222' title='bbox 366 2585 405 2628; x_wconf 83' lang='lat' dir='ltr'><strong>ex</strong></span> <span class='ocrx_word' id='word_1_223' title='bbox 419 2567 526 2627; x_wconf 86' lang='lat' dir='ltr'><strong>harena</strong></span> <span class='ocrx_word' id='word_1_224' title='bbox 541 2574 608 2626; x_wconf 92' lang='lat' dir='ltr'><strong>suut</strong></span> <span class='ocrx_word' id='word_1_225' title='bbox 623 2565 688 2627; x_wconf 89' lang='lat' dir='ltr'><strong>hae.</strong></span> <span class='ocrx_word' id='word_1_226' title='bbox 731 2566 777 2626; x_wconf 90' lang='lat' dir='ltr'><strong>Ab</strong></span> <span class='ocrx_word' id='word_1_227' title='bbox 795 2566 840 2627; x_wconf 93' lang='lat' dir='ltr'><strong>bis</strong></span> <span class='ocrx_word' id='word_1_228' title='bbox 860 2585 920 2628; x_wconf 92' lang='lat' dir='ltr'><strong>non</strong></span> <span class='ocrx_word' id='word_1_229' title='bbox 935 2568 1040 2648; x_wconf 93' lang='lat' dir='ltr'><strong>procul</strong></span> <span class='ocrx_word' id='word_1_230' title='bbox 1059 2587 1076 2628; x_wconf 90' lang='lat' dir='ltr'><strong>a</strong></span> <span class='ocrx_word' id='word_1_231' title='bbox 1093 2585 1152 2627; x_wconf 89' lang='lat' dir='ltr'><strong>eon-</strong></span> 
     </span>
     <span class='ocr_line' id='line_1_28' title="bbox 146 2648 1152 2731; baseline -0.003 -21"><span class='ocrx_word' id='word_1_232' title='bbox 146 2652 256 2712; x_wconf 87' lang='lat' dir='ltr'><strong>tinente</strong></span> <span class='ocrx_word' id='word_1_233' title='bbox 274 2651 356 2730; x_wconf 90' lang='lat' dir='ltr'><strong>palus</strong></span> <span class='ocrx_word' id='word_1_234' title='bbox 374 2660 455 2713; x_wconf 86' lang='lat' dir='ltr'><strong>vasta</strong></span> <span class='ocrx_word' id='word_1_235' title='bbox 470 2668 581 2711; x_wconf 88' lang='lat' dir='ltr'><strong>amnem</strong></span> <span class='ocrx_word' id='word_1_236' title='bbox 594 2648 743 2712; x_wconf 85' lang='lat' dir='ltr'><strong>Tritonem</strong></span> <span class='ocrx_word' id='word_1_237' title='bbox 757 2669 922 2731; x_wconf 86' lang='lat' dir='ltr'><strong>nomenque</strong></span> <span class='ocrx_word' id='word_1_238' title='bbox 937 2653 974 2713; x_wconf 95' lang='lat' dir='ltr'><strong>ab</strong></span> <span class='ocrx_word' id='word_1_239' title='bbox 991 2671 1030 2714; x_wconf 92' lang='lat' dir='ltr'><strong>eo</strong></span> <span class='ocrx_word' id='word_1_240' title='bbox 1044 2652 1152 2730; x_wconf 87' lang='lat' dir='ltr'><strong>accipit,</strong></span> 
     </span>
     <span class='ocr_line' id='line_1_29' title="bbox 145 2732 1152 2816; baseline -0.003 -21"><span class='ocrx_word' id='word_1_241' title='bbox 145 2734 300 2796; x_wconf 87' lang='lat' dir='ltr'><strong>Pallantias</strong></span> <span class='ocrx_word' id='word_1_242' title='bbox 316 2735 462 2816; x_wconf 90' lang='lat' dir='ltr'><strong>appellata</strong></span> <span class='ocrx_word' id='word_1_243' title='bbox 478 2732 655 2796; x_wconf 80' lang='lat' dir='ltr'><strong>Callimacho</strong></span> <span class='ocrx_word' id='word_1_244' title='bbox 669 2744 703 2812; x_wconf 84' lang='lat' dir='ltr'><strong>et</strong></span> <span class='ocrx_word' id='word_1_245' title='bbox 719 2737 792 2797; x_wconf 89' lang='lat' dir='ltr'><strong>citra</strong></span> <span class='ocrx_word' id='word_1_246' title='bbox 806 2739 948 2798; x_wconf 89' lang='lat' dir='ltr'><strong>minorem</strong></span> <span class='ocrx_word' id='word_1_247' title='bbox 964 2738 1074 2814; x_wconf 88' lang='lat' dir='ltr'><strong>Syrtim</strong></span> <span class='ocrx_word' id='word_1_248' title='bbox 1091 2752 1152 2796; x_wconf 87' lang='lat' dir='ltr'><strong>esse</strong></span> 
     </span>
     <span class='ocr_line' id='line_1_30' title="bbox 145 2817 1177 2900; baseline -0.005 -20"><span class='ocrx_word' id='word_1_249' title='bbox 145 2819 236 2898; x_wconf 89' lang='lat' dir='ltr'><strong>dicta,</strong></span> <span class='ocrx_word' id='word_1_250' title='bbox 258 2819 386 2880; x_wconf 86' lang='lat' dir='ltr'><strong>amultis</strong></span> <span class='ocrx_word' id='word_1_251' title='bbox 407 2839 480 2882; x_wconf 84' lang='lat' dir='ltr'><strong>vero</strong></span> <span class='ocrx_word' id='word_1_252' title='bbox 505 2821 582 2879; x_wconf 87' lang='lat' dir='ltr'><strong>iuter</strong></span> <span class='ocrx_word' id='word_1_253' title='bbox 601 2818 671 2880; x_wconf 91' lang='lat' dir='ltr'><strong>duas</strong></span> <span class='ocrx_word' id='word_1_254' title='bbox 687 2819 792 2897; x_wconf 87' lang='lat' dir='ltr'><strong>Syrtis.</strong></span> <span class='ocrx_word' id='word_1_255' title='bbox 834 2823 1065 2900; x_wconf 86' lang='lat' dir='ltr'><strong>promunturium</strong></span> <span class='ocrx_word' id='word_1_256' title='bbox 1083 2817 1177 2900; x_wconf 81' lang='lat' dir='ltr'><strong>quoda</strong></span> 
     </span>
     <span class='ocr_line' id='line_1_31' title="bbox 144 2901 1152 2986; baseline 0 -23"><span class='ocrx_word' id='word_1_257' title='bbox 144 2905 285 2964; x_wconf 89' lang='lat' dir='ltr'><strong>maiorem</strong></span> <span class='ocrx_word' id='word_1_258' title='bbox 311 2905 430 2966; x_wconf 89' lang='lat' dir='ltr'><strong>includit</strong></span> <span class='ocrx_word' id='word_1_259' title='bbox 443 2903 552 2966; x_wconf 91' lang='lat' dir='ltr'><strong>Borion</strong></span> <span class='ocrx_word' id='word_1_260' title='bbox 566 2902 739 2982; x_wconf 88' lang='lat' dir='ltr'><strong>appellatur.</strong></span> <span class='ocrx_word' id='word_1_261' title='bbox 769 2904 844 2966; x_wconf 90' lang='lat' dir='ltr'><strong>ultra</strong></span> <span class='ocrx_word' id='word_1_262' title='bbox 858 2901 1021 2983; x_wconf 87' lang='lat' dir='ltr'><strong>Cyrenaica</strong></span> <span class='ocrx_word' id='word_1_263' title='bbox 1041 2905 1152 2986; x_wconf 83' lang='lat' dir='ltr'><strong>proriu-</strong></span> 
     </span>
     <span class='ocr_line' id='line_1_32' title="bbox 93 2985 1152 3072; baseline -0.004 -22"><span class='ocrx_word' id='word_1_264' title='bbox 93 2997 128 3050; x_wconf 77' lang='lat'><strong>29</strong></span> <span class='ocrx_word' id='word_1_265' title='bbox 146 2989 200 3048; x_wconf 81' lang='lat' dir='ltr'><strong>cia.</strong></span> <span class='ocrx_word' id='word_1_266' title='bbox 236 2987 283 3048; x_wconf 90' lang='lat' dir='ltr'><strong>Ad</strong></span> <span class='ocrx_word' id='word_1_267' title='bbox 297 2987 372 3049; x_wconf 90' lang='lat' dir='ltr'><strong>hunc</strong></span> <span class='ocrx_word' id='word_1_268' title='bbox 396 2989 481 3050; x_wconf 83' lang='lat' dir='ltr'><strong>finem</strong></span> <span class='ocrx_word' id='word_1_269' title='bbox 496 2988 595 3048; x_wconf 84' lang='lat' dir='ltr'><strong>Africa</strong></span> <span class='ocrx_word' id='word_1_270' title='bbox 615 3005 632 3047; x_wconf 94' lang='lat' dir='ltr'><strong>a</strong></span> <span class='ocrx_word' id='word_1_271' title='bbox 653 2987 741 3048; x_wconf 85' lang='lat' dir='ltr'><strong>fluvio</strong></span> <span class='ocrx_word' id='word_1_272' title='bbox 756 2988 905 3068; x_wconf 87' lang='lat' dir='ltr'><strong>Ampsaga</strong></span> <span class='ocrx_word' id='word_1_273' title='bbox 919 2989 1049 3072; x_wconf 86' lang='lat' dir='ltr'><strong>populos</strong></span> <span class='ocrx_word' id='word_1_274' title='bbox 1063 2985 1152 3050; x_wconf 82' lang='lat' dir='ltr'><strong>1)th</strong></span> 
     </span>
     <span class='ocr_line' id='line_1_33' title="bbox 109 3071 1151 3164; baseline -0.001 -32"><span class='ocrx_word' id='word_1_275' title='bbox 109 3085 134 3164; x_wconf 54' lang='grc' dir='ltr'><strong>ξς</strong></span> <span class='ocrx_word' id='word_1_276' title='bbox 145 3071 232 3132; x_wconf 87' lang='lat' dir='ltr'><strong>habet</strong></span> <span class='ocrx_word' id='word_1_277' title='bbox 245 3074 293 3150; x_wconf 86' lang='lat' dir='ltr'><strong>qui</strong></span> <span class='ocrx_word' id='word_1_278' title='bbox 310 3072 440 3134; x_wconf 84' lang='lat' dir='ltr'><strong>Romano</strong></span> <span class='ocrx_word' id='word_1_279' title='bbox 453 3080 573 3150; x_wconf 88' lang='lat' dir='ltr'><strong>pareant</strong></span> <span class='ocrx_word' id='word_1_280' title='bbox 588 3073 720 3152; x_wconf 87' lang='lat' dir='ltr'><strong>imperio.</strong></span> <span class='ocrx_word' id='word_1_281' title='bbox 751 3074 781 3132; x_wconf 92' lang='lat' dir='ltr'><strong>in</strong></span> <span class='ocrx_word' id='word_1_282' title='bbox 796 3074 841 3134; x_wconf 86' lang='lat' dir='ltr'><strong>his</strong></span> <span class='ocrx_word' id='word_1_283' title='bbox 856 3073 988 3136; x_wconf 89' lang='lat' dir='ltr'><strong>colonias</strong></span> <span class='ocrx_word' id='word_1_284' title='bbox 1005 3075 1058 3152; x_wconf 92' lang='lat' dir='ltr'><strong>Vl,</strong></span> <span class='ocrx_word' id='word_1_285' title='bbox 1074 3092 1151 3154; x_wconf 88' lang='lat' dir='ltr'><strong>prae·</strong></span> 
     </span>
     <span class='ocr_line' id='line_1_34' title="bbox 145 3154 1151 3238; baseline 0 -20"><span class='ocrx_word' id='word_1_286' title='bbox 145 3166 191 3218; x_wconf 89' lang='lat' dir='ltr'><strong>tar</strong></span> <span class='ocrx_word' id='word_1_287' title='bbox 207 3156 368 3218; x_wconf 80' lang='lat' dir='ltr'><strong>iamdictus</strong></span> <span class='ocrx_word' id='word_1_288' title='bbox 389 3155 541 3233; x_wconf 89' lang='lat' dir='ltr'><strong>Uthinam,</strong></span> <span class='ocrx_word' id='word_1_289' title='bbox 565 3154 722 3220; x_wconf 89' lang='lat' dir='ltr'><strong>Thuburbi.</strong></span> <span class='ocrx_word' id='word_1_290' title='bbox 760 3157 866 3238; x_wconf 91' lang='lat' dir='ltr'><strong>oppida</strong></span> <span class='ocrx_word' id='word_1_291' title='bbox 887 3161 993 3219; x_wconf 83' lang='lat' dir='ltr'><strong>civium</strong></span> <span class='ocrx_word' id='word_1_292' title='bbox 1012 3158 1151 3220; x_wconf 86' lang='lat' dir='ltr'><strong>Rornano-</strong></span> 
     </span>
     <span class='ocr_line' id='line_1_35' title="bbox 142 3240 1177 3320; baseline 0.002 -18"><span class='ocrx_word' id='word_1_293' title='bbox 142 3259 204 3302; x_wconf 93' lang='lat' dir='ltr'><strong>rum</strong></span> <span class='ocrx_word' id='word_1_294' title='bbox 226 3240 297 3319; x_wconf 86' lang='lat' dir='ltr'><strong>XV,</strong></span> <span class='ocrx_word' id='word_1_295' title='bbox 324 3259 363 3301; x_wconf 82' lang='lat' dir='ltr'><strong>ex</strong></span> <span class='ocrx_word' id='word_1_296' title='bbox 385 3240 489 3320; x_wconf 87' lang='lat' dir='ltr'><strong>quibus</strong></span> <span class='ocrx_word' id='word_1_297' title='bbox 508 3242 538 3300; x_wconf 93' lang='lat' dir='ltr'><strong>in</strong></span> <span class='ocrx_word' id='word_1_298' title='bbox 559 3240 775 3302; x_wconf 79' lang='lat' dir='ltr'><strong>mediterraneo</strong></span> <span class='ocrx_word' id='word_1_299' title='bbox 797 3243 917 3304; x_wconf 92' lang='lat' dir='ltr'><strong>dicenda</strong></span> <span class='ocrx_word' id='word_1_300' title='bbox 938 3242 1177 3320; x_wconf 73' lang='lat' dir='ltr'><strong>Absuritanmn,tt</strong></span> 
     </span>
     <span class='ocr_line' id='line_1_36' title="bbox 36 3322 1150 3408; baseline 0.004 -25"><span class='ocrx_word' id='word_1_301' title='bbox 36 3341 39 3346; x_wconf 89' lang='lat'>·</span> <span class='ocrx_word' id='word_1_302' title='bbox 141 3325 349 3400; x_wconf 88' lang='lat' dir='ltr'><strong>Abutucense,</strong></span> <span class='ocrx_word' id='word_1_303' title='bbox 376 3323 561 3399; x_wconf 88' lang='lat' dir='ltr'><strong>Aboriense,</strong></span> <span class='ocrx_word' id='word_1_304' title='bbox 592 3322 785 3405; x_wconf 89' lang='lat' dir='ltr'><strong>Canopicum,</strong></span> <span class='ocrx_word' id='word_1_305' title='bbox 819 3325 1032 3408; x_wconf 83' lang='lat' dir='ltr'><strong>Chimavcuse,</strong></span> <span class='ocrx_word' id='word_1_306' title='bbox 1061 3327 1150 3388; x_wconf 81' lang='lat' dir='ltr'><strong>Simit</strong></span> 
     </span>
     <span class='ocr_line' id='line_1_37' title="bbox 141 3406 1149 3489; baseline 0.003 -22"><span class='ocrx_word' id='word_1_307' title='bbox 141 3418 262 3484; x_wconf 90' lang='lat' dir='ltr'><strong>tuense,</strong></span> <span class='ocrx_word' id='word_1_308' title='bbox 279 3406 527 3487; x_wconf 85' lang='lat' dir='ltr'><strong>Thunusidiense,</strong></span> <span class='ocrx_word' id='word_1_309' title='bbox 551 3407 807 3489; x_wconf 85' lang='lat' dir='ltr'><strong>Thuburnicensc,</strong></span> <span class='ocrx_word' id='word_1_310' title='bbox 828 3411 1087 3489; x_wconf 85' lang='lat' dir='ltr'><strong>Thinidrumensc,</strong></span> <span class='ocrx_word' id='word_1_311' title='bbox 1109 3411 1149 3470; x_wconf 93' lang='lat' dir='ltr'><strong>Ti-</strong></span> 
     </span>
    </p>
   </div>
   <div class='ocr_carea' id='block_1_3' title="bbox 141 3488 1150 3577">
    <p class='ocr_par' dir='ltr' id='par_1_3' title="bbox 141 3488 1150 3577">
     <span class='ocr_line' id='line_1_38' title="bbox 141 3488 1150 3577; baseline 0.005 -28"><span class='ocrx_word' id='word_1_312' title='bbox 141 3491 281 3568; x_wconf 85' lang='lat' dir='ltr'><strong>bigense,</strong></span> <span class='ocrx_word' id='word_1_313' title='bbox 303 3488 425 3552; x_wconf 90' lang='lat' dir='ltr'><strong>Ucitana</strong></span> <span class='ocrx_word' id='word_1_314' title='bbox 442 3491 517 3571; x_wconf 88' lang='lat' dir='ltr'><strong>duo,</strong></span> <span class='ocrx_word' id='word_1_315' title='bbox 543 3495 633 3554; x_wconf 87' lang='lat' dir='ltr'><strong>maius</strong></span> <span class='ocrx_word' id='word_1_316' title='bbox 655 3502 685 3554; x_wconf 90' lang='lat' dir='ltr'><strong>et</strong></span> <span class='ocrx_word' id='word_1_317' title='bbox 703 3495 813 3572; x_wconf 89' lang='lat' dir='ltr'><strong>minus,</strong></span> <span class='ocrx_word' id='word_1_318' title='bbox 838 3495 986 3576; x_wconf 86' lang='lat' dir='ltr'><strong>Vagensc.</strong></span> <span class='ocrx_word' id='word_1_319' title='bbox 1019 3495 1150 3577; x_wconf 89' lang='lat' dir='ltr'><strong>oppidum</strong></span> 
     </span>
    </p>
   </div>
   <div class='ocr_carea' id='block_1_4' title="bbox 0 0 1200 3938">
    <p class='ocr_par' dir='ltr' id='par_1_4' title="bbox 0 0 1200 3938">
     <span class='ocr_line' id='line_1_39' title="bbox 0 0 1200 3938; baseline 0 0"><span class='ocrx_word' id='word_1_320' title='bbox 0 0 1200 3938; x_wconf 95' lang='lat' dir='ltr'><strong> </strong></span> 
     </span>
    </p>
   </div>
  </div>
 </body>
</html>
