2302 3938
241 212 322 260 nar.
346 213 436 262 mor.
459 213 491 259 v.
514 210 600 264 a—e.
625 201 760 280 (at—ro.)
944 200 1003 264 193

38 367 177 441 nontliten,
192 365 341 442 Thiniten,
358 366 540 442 Phatnriten,
558 365 710 445 Coptiten,
729 365 908 443 Tentyriten
919 366 1005 426 Dios·

38 453 130 529 politen,
145 449 378 529 Antaeopoliten,
395 449 683 530 Aphroditopoliten,
700 448 900 530 Lycopoliten.
922 453 1004 526 Quae

38 537 94 594 inrta
105 535 237 594 Pelusium
254 543 300 594 est
315 536 398 612 regio
419 551 521 594 nomos
542 535 631 596 hahet
645 533 886 612 Pharbaethiten,
909 535 1002 598 Buba-

37 620 112 695 stiten,
127 618 303 694 Sethroiten,
321 617 449 679 Taniten.
487 619 600 698 reliqua
618 627 713 680 autem
730 617 902 696 Arabicum,
919 619 1003 682 llam·

23 706 162 762 moniacam
176 703 342 764 tendentem
359 703 395 764 ad
410 702 575 764 Hammonis
590 703 668 764 lovis
685 703 848 779 oraculum,
872 702 1002 781 Oxyryn-

37 787 118 862 cliten,
139 785 378 865 Leontopoliten,
402 786 583 864 Athribiten,
606 784 818 866 Cyropoliten,
842 787 1004 868 Hermopo-

36 871 97 944 tuen,
111 869 227 948 Xoiten,
244 869 439 946 Mendesium,
464 871 669 948 Sebennyten,
687 869 859 947 Gabasiten,
877 871 1003 952 Latopo-

36 954 96 1028 lien,
124 953 338 1034 Heliopoliten,
375 954 565 1034 Prosopiten,
605 953 812 1034 Panopoliten,
848 954 1002 1035 Busiriten,

36 1036 181 1116 dunphiten,
219 1039 335 1114 Saiten,
368 1038 554 1118 Ptenethum,
589 1039 774 1118 Ptemphum,
804 1037 1002 1119 Naucratiten,
1076 1086 1079 1092 ·

17 1119 173 1198 ullatelliten,
188 1121 456 1201 Gynaecopoliten,
478 1122 670 1200 Menelaiten,
694 1123 890 1185 Alexandriae
906 1126 1002 1204 regio·

35 1223 91 1280 ren,
110 1207 172 1265 item
191 1204 321 1282 Libyae,
340 1205 488 1266 Mareotis.
519 1206 775 1288 Heracleopolites
797 1216 842 1267 est
866 1209 894 1268 in
911 1209 1046 1271 insulano

35 1287 72 1346 lili
85 1289 162 1366 longa
178 1307 316 1368 passuum
328 1288 349 1349 L
360 1287 400 1368 M,
414 1291 442 1350 in
459 1309 515 1371 qua
530 1301 559 1351 et
575 1291 711 1370 oppidum
721 1289 856 1352 llerculis
871 1291 1002 1372 appella-

35 1381 79 1430 tun.
104 1373 265 1434 Arsinoitae
289 1375 346 1434 duo
363 1383 437 1438 sunt.
474 1374 503 1434 lri
521 1385 550 1435 et
566 1375 741 1455 Memphites
764 1392 856 1456 usque
877 1375 913 1438 ad
928 1395 1003 1438 sum·

33 1475 83 1514 nm
100 1456 179 1519 Delta
199 1460 391 1537 perveniunt,
420 1461 467 1518 oui
488 1468 553 1520 sunt
575 1459 744 1520 contermini
768 1477 805 1519 ex
824 1458 925 1520 Africa
947 1460 1003 1522 duo
1038 1509 1039 1512 ,

16 1536 128 1599 adustae.
168 1541 292 1615 Quidam
308 1561 346 1602 ex
369 1541 413 1602 his
432 1542 527 1622 aliqna
547 1545 662 1605 nomina
676 1552 837 1622 permutant
853 1553 882 1604 et
899 1545 1003 1606 substi-

33 1631 88 1684 tuunt
101 1624 169 1687 alios
184 1643 305 1703 nomos,
322 1635 352 1685 ut
368 1625 596 1706 Heroopoliten,
614 1625 895 1706 Crocodilopoliten.
925 1628 1004 1690 lnter

34 1705 165 1769 lrsinoiten
188 1720 287 1771 antem
309 1728 345 1770 ac
364 1709 542 1789 Memphiten
565 1711 647 1771 lacus
668 1711 722 1772 luit
748 1711 867 1771 circuitu
890 1710 1005 1772 CGLM

34 1807 134 1866 passuum
151 1803 214 1870 ant,
238 1802 270 1854 ut
284 1791 434 1855 Mucianus
449 1793 549 1871 tradit,
567 1791 690 1855 cccci
705 1793 735 1856 M
755 1803 784 1854 et
807 1794 960 1856 altitudinis
982 1794 1003 1855 L

33 1891 151 1952 passuum,
167 1895 254 1938 manu
268 1877 380 1954 iactus,
399 1895 415 1938 a
431 1896 503 1958 rege
519 1879 568 1958 qul
583 1879 703 1942 iecerat.
713 1875 852 1939 Moeridis
871 1879 1002 1958 appella·

14 1965 68 2014 utus.
96 1958 159 2020 lnde
175 1959 255 2022 LXII
269 1959 300 2021 M
316 1979 452 2040 passuum
467 1980 560 2042 prope
582 1963 666 2024 abest
680 1960 839 2041 Memphis,
863 1961 1005 2041 quondam

33 2057 65 2099 arr
74 2041 192 2125 Aegypti
203 2063 325 2122 regum,
342 2045 416 2106 unde
437 2046 473 2107 ad
487 2045 650 2108 Hammonis
663 2045 811 2107 oraculum
825 2043 879 2108 XII
894 2047 1003 2108 dierum

33 2123 68 2182 iter
80 2137 125 2186 est.
164 2129 201 2189 ad
216 2129 375 2188 scissuram
390 2139 485 2190 autem
501 2129 569 2207 Nili,
587 2131 664 2210 quod
680 2129 890 2209 appellavimus
905 2129 1003 2210 Delta,

32 2205 67 2266 lt
77 2209 101 2270 M
114 2231 259 2290 passuum.
776 2272 779 2277 .

91 2295 167 2377 (ld.)
190 2296 276 2356 Nilus
295 2297 414 2357 incertis
437 2308 516 2358 ortus
537 2299 680 2375 lontibus,
708 2308 739 2359 ut
762 2317 816 2378 per
835 2298 953 2360 deserta
975 2309 1049 2364 et51

15 2375 130 2440 tardantia
156 2390 186 2440 et
212 2383 344 2442 inmenso
364 2381 550 2460 longitudinis
572 2383 667 2461 spatio
689 2381 855 2459 ambulans,
871 2383 1004 2464 famaque

31 2467 109 2521 tantun
127 2465 229 2526 inermi
255 2463 346 2544 (quae
368 2466 439 2524 situs
464 2467 527 2528 siue
551 2465 654 2546 hellis,
682 2483 756 2544 quae
779 2476 895 2527 ceteras
914 2469 1005 2527 omnis

32 2550 112 2623 lenas,
129 2549 289 2628 inveniret)
306 2548 463 2626 originem,
480 2559 511 2608 nt
526 2547 595 2610 lnba
610 2567 665 2608 rex
679 2551 772 2628 potuit
789 2552 959 2629 exquirere,
976 2553 1005 2610 in

32 2638 100 2688 nante
114 2632 261 2692 inferioris
275 2631 471 2696 Mauretaniae
487 2649 545 2692 non
560 2631 665 2711 procul
683 2650 796 2694 oceano
814 2633 920 2709 habet,
938 2633 1004 2693 lacu
1074 2655 1083 2668 ⁶

34 2714 132 2785 protinus
147 2723 299 2795 stagnante
316 2733 401 2794 quem
415 2725 523 2776 vocant
537 2713 661 2779 Niliden.
691 2717 731 2776 ibi
744 2718 842 2796 pisces
854 2718 1003 2796 reperiun-

15 2799 62 2852 utu
73 2797 206 2876 alabetae,
224 2801 363 2876 coracini,
380 2799 470 2860 siluri.
495 2799 661 2863 crocodilus
678 2817 794 2880 quoque
809 2799 885 2862 inde.
905 2799 943 2860 ob
959 2819 1007 2862 ar·

35 2891 165 2950 gunentnm
186 2884 246 2943 hoc
270 2881 437 2944 Caesareae
460 2885 489 2944 in
511 2883 578 2945 lseo
602 2883 712 2945 dicatus
739 2884 775 2945 ab
798 2893 1006 2963 suspectatur

34 2957 102 3022 lodie.
130 2977 284 3046 praeterea
305 2965 490 3027 observatum
506 2977 568 3043 est,
587 2975 672 3047 prout
687 2969 715 3028 in
733 2965 908 3029 Mauretania
922 2970 1003 3030 nives

35 3045 147 3110 inbresve
159 3050 342 3127 satiaverint,
356 3051 396 3112 ita
406 3048 501 3111 Nilum
517 3053 695 3112 increscere.
722 3051 769 3112 Ex
782 3051 839 3113 hoo
857 3052 922 3112 lacu
936 3071 1001 3132 pro·
1012 3065 1047 3118 52

35 3125 90 3189 lusus
105 3133 262 3212 indignatur
276 3133 370 3194 iluere
386 3152 440 3213 per
453 3135 597 3195 harenosa
610 3125 643 3194 ”et
654 3136 830 3215 squalentia,
849 3135 1003 3220 conditque

16 3213 56 3268 lise
67 3214 163 3294 aliquot
177 3219 288 3279 dierum
312 3218 431 3296 itinere,
455 3235 523 3280 mox
544 3217 601 3279 alio
623 3218 689 3279 lacu
711 3221 820 3282 maiore
841 3221 869 3280 in
895 3218 1003 3282 Caesa-

35 3294 111 3357 riensis
126 3299 319 3363 Mauretaniae
337 3311 425 3380 gente
441 3301 651 3379 Massaesylum
675 3305 799 3383 erumpit
816 3314 845 3364 et
860 3304 1003 3365 hominum

36 3386 226 3446 coetunsvelnti
253 3386 465 3466 circumspicit,
500 3388 603 3448 iisdem
633 3387 793 3449 animalium
818 3390 1003 3466 argumentis.

36 3457 112 3525 iterum
125 3467 236 3530 harenis
251 3479 390 3549 receptus
409 3470 539 3532 conditur
559 3489 659 3532 rursus
678 3469 734 3534 XX
752 3473 862 3617 dierppn
879 3471 1005 3535 desertis

65 3567 121 3609 annu
133 3573 192 3614 aar.
206 3575 275 3614 nrsr.
299 3559 319 3615 l.
