2478 3936
125 201 214 250 m,
526 176 733 233 Ριιιιιιιιο

126 331 210 390 milia
227 330 259 388 iu
276 329 374 390 Plinio
392 329 456 388 fere
474 329 600 390 vulnera
613 327 807 388 librariorum
826 315 1014 400 sanavisset’,
1032 338 1144 398 aequa·

125 420 205 480 libus
225 419 361 479 omnibus
388 421 507 478 tautam
534 418 581 478 sui
610 416 840 480 admirationem
862 414 976 490 iniecit,
1003 415 1038 472 ut
1060 405 1146 472 ‘sub-

124 509 221 570 latam
243 507 375 568 Plinium
398 506 617 568 commentandi
639 499 835 568 occasionem'
858 503 1016 566 crederent
1038 504 1069 562 et
1091 499 1148 560 diu

124 598 176 658 ιιι(
198 599 358 675 quisquam
380 597 505 656 auderet
527 597 559 656 in
581 599 648 656 arte
671 597 776 657 critica
797 593 978 673 periclitari,
1001 610 1039 651 ne
1062 607 1149 650 atro-

125 688 248 765 gantiae
261 687 459 762 incusaretur,
479 686 558 763 quod
571 685 741 746 Barbarum
758 685 942 762 magistrum
958 683 1152 758 incompara·
1232 704 1234 731 ι

126 777 219 836 bilem
245 775 392 836 aemulari
417 776 519 836 vellet.
569 794 630 836 non
656 775 768 834 mirum
793 775 891 852 igitur
919 771 1001 850 quod
1030 769 1152 847 posteri

125 865 256 926 editores
279 865 312 922 in
333 865 415 924 illius
438 865 532 926 verba
554 865 731 926 iuraverunt
753 867 785 925 et
811 865 844 924 in
872 883 908 924 eo
935 863 1001 924 fere
1029 860 1154 939 aequie-
1235 938 1236 949 ,

124 957 247 1031 verunt,
273 957 310 1014 ut
332 974 369 1014 ex
391 955 545 1014 uberrima
568 972 645 1031 quae
671 957 781 1031 parata
807 955 876 1014 erat
902 951 1155 1014 emendationum
1235 962 1236 975 ¹

126 1046 230 1143 segete
249 1044 301 1120 qui
319 1044 488 1103 arriderent
505 1045 621 1104 fruetus
639 1045 838 1146 perciperent,
857 1042 889 1102 id
908 1041 991 1119 quod
1009 1041 1153 1142 plerique
1234 1060 1236 1133 q

125 1132 158 1190 in
185 1132 255 1192 edit
234 1135 350 1192 tionum
376 1134 503 1215 inscript
489 1134 659 1194 tionibus'
651 1134 710 1210 ipsi
737 1133 872 1210 professi
897 1135 977 1192 sunt.
1029 1131 1064 1190 in
1094 1129 1153 1188 hcc

125 1240 250 1282 numero
265 1225 336 1282 sunt
354 1222 500 1282 editiones
514 1223 650 1282 Venetae
668 1242 695 1284 a.
711 1225 797 1284 1498
818 1225 850 1282 et
866 1224 951 1282 1499
972 1219 1154 1296 recognitae

125 1311 278 1372 aloanne
300 1313 441 1388 Baptista
463 1312 614 1372 Palmario
638 1345 680 1354 -
708 1313 862 1389 exemplar
885 1329 911 1370 a.
938 1312 1040 1385 1499,
1072 1306 1156 1385 qnod

124 1400 172 1460 his
195 1401 310 1460 ultimis
333 1401 486 1460 mensibus
508 1403 544 1460 ut
567 1420 697 1461 emerem
719 1402 795 1460 milri
817 1400 961 1477 contigit,
991 1417 1055 1458 uno
1087 1399 1154 1458 loeo

124 1489 182 1548 XV
202 1493 264 1550 119
294 1491 385 1550 citavi
408 1521 465 1564 —-‚
497 1490 652 1550 Parisinae
678 1492 825 1567 quattuor
852 1509 879 1549 a.
906 1488 1154 1559 1511—1524,

125 1578 335 1656 Hagencensis
354 1598 380 1639 a.
401 1581 498 1659 1518,
520 1599 597 1656 quae
615 1581 714 1656 prima
736 1580 865 1640 indicem
883 1579 979 1640 habet
1002 1577 1156 1653 copiosic

124 1687 189 1727 rem
219 1687 237 1726 a
264 1668 376 1728 Ioanne
404 1667 543 1728 (lamenta
569 1669 697 1746 factum,
730 1689 821 1746 quem
846 1668 938 1728 multi
964 1670 1079 1744 postea
1109 1685 1157 1726 ex·
1236 1669 1238 1698 ι

124 1758 319 1833 scripserunt.
365 1777 401 1818 ex
424 1758 588 1818 editoribus
610 1777 689 1818 unus
711 1759 776 1818 fere
797 1757 1011 1818 Alexander
1034 1757 1157 1814 Bene-

124 1845 244 1906 dictus
267 1848 409 1924 physicus
433 1847 614 1908 Veronensis
637 1848 727 1925 paulo
752 1849 878 1908 liberius
906 1865 1012 1906 suum-
1027 1847 1156 1906 secutus

123 1935 269 1996 iudicium
286 1937 416 1996 Barbari
435 1937 619 1997 coniecturas
638 1937 792 1996 interdum
809 1937 917 1997 reiecit
939 1935 992 1996 vel
1014 1936 1047 1994 in
1074 1952 1155 1993 mar-

126 2024 197 2100 gine
211 2027 331 2083 tantum
345 2026 502 2086 adnotavit
516 2029 547 2086 et
566 2020 695 2086 ‘collatis
709 2027 823 2103 partim
840 2026 975 2088 vetustis
994 2024 1155 2085 codicibus

122 2113 238 2188 partim
259 2113 401 2174 discussis
430 2109 614 2174 auctoribus'
642 2117 760 2176 textum
788 2116 941 2192 corrigere
970 2132 1068 2174 ausus
1099 2115 1155 2189 est,

124 2201 212 2260 iniis
231 2203 390 2277 praecipue
408 2204 496 2262 libris
520 2205 571 2280 qui
593 2205 633 2262 ad
654 2204 835 2264 medicinam
851 2205 1020 2282 pertinent.
1051 2203 1157 2263 edidit

122 2291 272 2348 naturalis
295 2291 440 2351 historiae
462 2293 556 2352 libros
581 2287 810 2354 ‘emendatiores
833 2287 982 2354 redditos'
1001 2292 1156 2352 Venetiae

122 2381 560 2455 a.1507,praefationisloco
579 2381 615 2442 de
635 2383 696 2442 suis
715 2384 795 2444 curis
814 2386 846 2442 et
865 2383 903 2442 de
917 2383 1013 2442 Plinii
1031 2383 1157 2484 origine

124 2465 292 2528 Veronensi
319 2472 350 2528 et
377 2471 413 2529 de
440 2471 547 2547 lingua
573 2472 638 2532 eius
661 2473 783 2550 scripsit
805 2473 973 2548 epistulam
1000 2472 1040 2530 ad
1068 2473 1155 2532 cives

124 2574 195 2616 suos
219 2557 407 2618 Veronenses
431 2559 545 2637 datam,
574 2561 702 2622 subiecit
724 2562 879 2622 variarum
906 2563 1075 2622 lectionum
1100 2580 1155 2638 pa

127 2646 214 2722 giuas
238 2647 322 2710 duas.
358 2648 435 2708 hanc
458 2649 620 2710 editionem
643 2643 817 2731 (Rezaonieo
835 2651 991 2710 Venetam
1009 2637 1061 2731 Χ),
1085 2651 1154 2710 ubi-
1235 2713 1236 2726 ,

122 2751 249 2811 cumque
277 2738 520 2813 commemoravi,
552 2757 570 2796 a
602 2740 801 2816 typographis
829 2740 946 2800 Ioanne
975 2741 1083 2800 Rubeo
1120 2743 1153 2799 et

125 2822 312 2884 Bernardino
330 2826 537 2903 fratribusque
551 2827 793 2888 Vercellensibus
811 2849 923 2906 parum
942 2832 1027 2890 recte
1045 2831 1154 2906 appel·

125 2909 188 2972 lavi
210 2912 493 2992 Vercellensem‚
522 2935 583 2976 ncn
609 2937 668 2993 quo
691 2917 840 2978 Vercellis
868 2939 938 2980 eam
966 2921 1152 3022 impressam

121 3017 189 3060 esse
211 3002 363 3080 putarem,
387 3005 440 3063 sed
464 3005 534 3080 quia
556 3006 677 3065 brevior
700 3011 767 3068 erat
790 3010 973 3085 appellatio,
1002 3027 1097 3111 quam
1125 3008 1152 3067 si

123 3086 288 3148 Alexandri
310 3090 466 3152 Benedicti
488 3094 537 3154 vel
560 3094 705 3155 Venetiae
727 3115 838 3157 nomen
861 3117 931 3158 cum
959 3091 1033 3158 anni
1054 3099 1151 3176 signi-

122 3174 262 3236 ficatione
289 3180 465 3253 posuissem.
511 3181 615 3241 eadem
641 3186 748 3260 postea
769 3187 919 3248 Venetiae
943 3189 1077 3264 repetita
1102 3191 1150 3248 est

125 3265 335 3343 annis1510,
361 3270 460 3344 1513,
486 3272 580 3330 1516.
629 3272 756 3350 denique
783 3276 843 3335 hue
870 3277 1010 3353 pertinet
1036 3276 1149 3352 duplex

121 3416 231 3496 textum
254 3417 414 3474 adhibuisse
441 3419 565 3477 Iensonis
594 3423 725 3480 editionis
749 3427 884 3484 Venetae
932 3429 985 3484 sed
1010 3430 1148 3486 lemmata

122 3483 183 3538 eius
199 3503 415 3568 nonnumquam
438 3509 502 3547 cum
526 3495 605 3548 textu
629 3495 796 3553 lensoniano
822 3499 1024 3556 dissentientia
1048 3501 1103 3572 dep
1104 3517 1146 3555 re-

121 3555 216 3623 bandi,
234 3560 264 3612 et
282 3575 315 3612 ex
333 3561 396 3632 aliis
409 3563 480 3618 locis
498 3567 572 3620 recte
593 3567 722 3622 concludi
736 3571 830 3640 potest
848 3573 1029 3642 cumplures
1044 3573 1145 3628 editio-

120 3641 171 3678 nes
190 3626 352 3698 inspexisse.
