2572 3936
400 553 437 629 c.
465 547 599 628 emm
627 547 834 630 snorum
1081 633 1092 649 y,
1132 655 1135 660 ¹

273 681 605 773 unianimis
637 682 961 772 Hlsuuumn
1081 677 1090 737 s

520 855 655 922 LIBER
676 856 716 922 X.

178 1121 211 1189 l.
235 1120 287 1212 (1)
330 1126 472 1206 Sequitur
501 1136 607 1190 natura
636 1129 747 1208 avium,
779 1145 906 1207 quarum
935 1127 1158 1206 grandissimis

107 1225 138 1276 et
160 1234 254 1295 paene
272 1215 437 1278 bestiarum
454 1219 574 1296 generis
592 1215 817 1278 struthocameli
835 1216 928 1277 Africi
945 1217 992 1276 vel
1006 1215 1124 1276 Aethio·

106 1307 167 1386 pici
190 1305 376 1368 altitudinem
400 1307 509 1385 equitis
531 1306 689 1367 insidentis
713 1323 790 1385 equo
812 1306 968 1388 excedunt,
991 1304 1124 1367 celerita-

107 1403 169 1454 tem
187 1395 320 1476 vincunt,
343 1395 378 1457 ad
397 1394 455 1456 hoc
473 1393 594 1456 demum
612 1395 689 1456 datis
707 1397 808 1476 pinnis
826 1403 861 1457 ut
881 1402 1054 1457 currentem
1077 1393 1126 1454 ad·

80 1485 219 1544 ⁵iuvent.
265 1489 367 1544 cetero
391 1503 452 1545 non
475 1495 546 1546 sunt
567 1484 718 1568 volucres,
748 1502 804 1545 nec
828 1503 844 1544 a
867 1493 948 1548 terra
970 1483 1125 1545 tolluntur.

108 1572 237 1652 nngrdae
260 1572 308 1634 his
331 1573 459 1634 cervinis
483 1573 607 1656 similes,
631 1573 740 1654 quibus
763 1573 918 1655 dimicant,
940 1572 1071 1634 bisulcae
1096 1580 1127 1633 et

109 1660 397 1741 comprehendendis
419 1661 567 1742 lapidibus
589 1663 688 1746 utiles,
712 1681 787 1742 quos
810 1665 841 1724 in
860 1663 930 1742 iuga
953 1669 1057 1723 contra
1080 1679 1125 1722 ss·

110 1758 237 1829 quantes
261 1753 402 1830 ingerunt
426 1751 562 1832 pedibus.
616 1753 823 1832 concoquendi
850 1754 914 1813 siue
942 1749 1052 1812 dilectu
1076 1750 1160 1811 de-2

109 1846 210 1900 vorata
232 1841 308 1900 mira
329 1847 448 1922 natura,
472 1841 524 1902 sed
547 1859 608 1902 non
630 1844 729 1902 minus
752 1841 898 1903 stoliditas
920 1843 952 1901 in
976 1847 1056 1901 tanta
1079 1856 1125 1900 re·

70 1940 96 1980 1⁰
109 1927 183 2008 liqui
206 1931 341 2009 corporis
365 1929 533 2012 altitudine,
563 1948 632 1992 cum
662 1929 735 1991 colla
765 1931 874 1991 frutice
903 1929 1126 2010 occultaverint,

109 2018 202 2079 latere
226 2035 291 2080 sese
312 2021 553 2082 existimantium.
588 2021 720 2100 praemia
739 2038 775 2080 ex
791 2021 829 2080 iis
848 2037 901 2080 ova
923 2026 1048 2098 propter
1066 2035 1125 2078 am-

109 2107 286 2187 plitudinem
308 2107 486 2188 quibusdam
512 2107 612 2170 habita
638 2127 693 2189 pro
720 2111 796 2174 vasis
823 2125 974 2188 conosque
1003 2105 1126 2168 bellicos

111 2204 141 2258 et
163 2196 261 2276 galeas
284 2197 463 2260 adornantes
485 2200 602 2278 pinnae.

177 2281 210 2348 2.
234 2279 286 2368 (2)
318 2286 479 2367 Aethiopes
497 2293 586 2366 atque
605 2287 670 2348 lndi
692 2285 855 2348 discolores
878 2287 1005 2348 maxime
1028 2293 1059 2346 et
1081 2287 1161 2345 int

5 2379 7 2456 t
71 2385 97 2426 1⁵
111 2373 292 2434 enarrabiles
324 2376 426 2436 icrunt
457 2393 526 2436 aves
558 2383 589 2436 at
617 2383 685 2436 ante
718 2393 822 2437 omnes
857 2375 988 2437 nobilem
1020 2373 1126 2435 Arabia

5 2465 7 2490 ³
110 2461 296 2544 phoenicam,
317 2463 396 2525 haud
409 2466 482 2524 scio
505 2481 543 2524 an
561 2463 704 2546 fabulose,
726 2481 820 2525 unum
842 2465 873 2524 lu
891 2472 955 2526 toto
974 2463 1046 2524 orbe
1069 2481 1126 2524 nec

111 2553 208 2612 visum
233 2568 339 2632 magno
363 2567 463 2632 opere.
508 2551 623 2631 aquilae
650 2561 789 2614 narratur
816 2552 1032 2634 magnitudine,
1062 2553 1127 2612 auri

111 2639 226 2720 fulgore
241 2642 321 2702 circa
335 2640 418 2723 colla,
441 2646 542 2702 cetero
561 2659 742 2723 purpureus,
765 2640 931 2703 caeruleam
949 2642 1044 2702 roseis
1059 2657 1127 2700 cau·

113 2729 180 2790 dam
193 2731 294 2809 pinnis
312 2729 575 2812 distinguentibus,
598 2733 698 2792 cristis
715 2731 818 2792 lauces
842 2737 989 2810 caputque
1007 2728 1127 2808 plumeo

73 2829 99 2870 2⁰
112 2821 194 2898 apice
224 2819 385 2881 honestari.
440 2822 556 2900 primus
585 2827 674 2900 atque
704 2818 930 2899 diligentissime
959 2825 1163 2896 togatorumt

112 2907 148 2968 dc
171 2926 208 2968 eo
230 2908 363 2988 prodidit
384 2909 551 2971 Manilius
575 2917 695 2970 senator
717 2908 767 2970 ille
789 2909 925 2970 maximis
945 2905 1053 2968 nobilis
1076 2906 1126 2967 do·

184 3167 1126 3238 tungulaahrsa²laa1stlaams(011)rls1m1hsltd

184 3237 373 3294 ttdalaotuo
428 3245 461 3294 11
476 3255 629 3310 praecrpua
640 3239 685 3295 1t²
704 3241 755 3296 dcl.
769 3238 812 3294 1².
834 3239 1019 3310 praemiosa.
1047 3253 1127 3309 prae·

113 3308 185 3364 mira
201 3309 274 3365 Detl.
391 3315 425 3365 12
443 3311 611 3380 quibusdam
627 3311 727 3366 habita
744 3327 796 3382 pro
816 3310 893 3366 Pici
920 3325 1009 3394 proq
1009 3328 1040 3365 u·
1058 3309 1127 3364 hab·

114 3381 171 3435 tima
262 3387 297 3436 14
315 3381 435 3437 abitio
453 3399 504 3438 om.
523 3380 618 3451 rest).
710 3387 743 3438 15
761 3381 916 3438 Arabruit
944 3381 1042 3436 iuer.

115 3457 147 3506 19
170 3451 266 3508 sanem
288 3451 374 3508 Saba.
411 3453 487 3509 faces
509 3454 594 3509 1¹21.
625 3453 759 3510 iaciasr
849 3450 1126 3508 cohonestarunt.

114 3525 339 3581 Uaralracdd
365 3529 427 3581 cett
462 3524 589 3582 manisd
699 3531 732 3580 nt
758 3523 982 3580 ManilinsDetl
1001 3525 1060 3579 coll
1078 3522 1127 3594 §5

110 3597 138 3736 ἴ
154 3595 245 3723 gaggats
262 3597 335 3653 labra.
363 3596 515 3652 mamillius
533 3597 562 3653 il.
593 3596 644 3666 cfr.
665 3595 852 3653 Mammosam
868 3609 937 3651 mua.
951 3595 1038 3652 Rham
1056 3597 1133 3648 XVI
