2340 3934
211 113 317 174 'nan
337 119 428 174 nisu.
447 119 499 174 vu
517 125 624 178 ae-aa
644 123 770 191 (aa-ar)
963 123 1006 188 23

12 288 72 330 nmo
89 287 300 351 commemoro,
318 288 374 330 nec
393 267 605 332 sublimitatem
623 273 757 333 omnium
776 290 914 352 capacem
930 291 1006 353 quae

12 358 72 417 raelo
99 361 308 440 continentur,
339 359 390 419 sed
417 361 572 439 proprium
601 362 733 441 vigorem
763 361 1005 444 celeritatemque

11 447 112 526 tprrodam
132 449 203 528 igne
229 448 392 510 volucrem.
422 448 555 510 scrihere
578 457 629 511 aut
651 450 759 532 legere,
783 451 871 512 simul
893 451 1006 514 dictare

9 547 29 596 rt
47 538 138 598 audire
164 537 294 599 solitum
316 540 497 621 accepimuS,
528 539 671 620 epistulas
694 558 764 601 vero
788 548 937 602 tantarum
959 560 1005 602 re-

9 645 57 686 rum
76 629 231 707 quaternis
254 629 370 708 pariter
393 627 505 688 dictare
530 627 660 690 librariis
682 638 747 712 aut,
777 631 803 691 si
830 629 904 691 nihil
927 631 1006 692 aliud

7 726 94 796 ageret,
115 719 265 796 septenis.
304 715 384 778 idem
406 719 499 798 signis
522 719 648 780 conlatis
671 721 716 780 bis
739 727 768 781 et
789 721 1006 800 quinquagiens
1025 727 1058 777 92

7 803 139 888 dimicavit,
178 805 268 867 solus
302 805 339 866 M.
369 806 543 868 Marcellum
573 815 793 890 transgressus,
830 805 897 888 qni¹
912 809 1005 870 unde-

6 896 175 974 quadragiens
205 896 371 956 dimicavit.
416 914 485 956 nam
511 905 631 978 praeter
658 896 759 958 civiles
786 899 924 959 victorias
951 917 1005 960 un-

6 981 97 1045 deciens
123 993 264 1048 centeno
296 993 326 1046 et
348 988 507 1065 nonaginta
533 985 591 1047 duo
620 985 700 1047 milia
726 987 881 1048 hominum
908 990 1006 1050 occisa

5 1075 97 1152 proeliis
123 1075 160 1135 ab
191 1093 232 1136 eo
263 1092 327 1134 non
356 1075 494 1154 equidem
521 1077 553 1136 in
579 1074 673 1155 gloria
699 1078 865 1158 posuerim,
895 1083 1006 1138 tantam

5 1167 68 1223 etiam
93 1171 235 1225 coactam
266 1162 393 1224 humani
421 1167 541 1244 generis
570 1167 722 1245 iniuriam,
759 1164 839 1244 quod
868 1167 910 1226 ita
939 1184 1005 1226 esse

5 1255 128 1324 roolesms
147 1262 198 1315 est
218 1256 292 1334 ipse
306 1252 454 1314 bellorum
473 1241 603 1315 civilium
621 1261 830 1334 stragemuon
843 1253 1004 1334 prodendo.

48 1338 112 1426 (26)
142 1343 269 1404 Iustius
289 1341 432 1423 Pompeio
450 1342 555 1422 hlaguo
578 1342 729 1404 tribuatur
751 1355 932 1404 ncccxnvr
954 1362 1005 1405 na·
1024 1354 1058 1402 93

6 1449 35 1492 res
58 1435 157 1512 piratis
189 1432 363 1514 ademisse,
396 1431 516 1494 Caesari
543 1434 699 1514 proprium
730 1441 761 1494 et
787 1432 937 1513 peculiare
968 1435 1006 1494 sit

5 1531 91 1583 ureter
112 1541 210 1603 supra
237 1522 324 1582 dicta
348 1520 521 1582 elementiae
543 1523 660 1602 insigne
683 1539 742 1602 qua
764 1540 860 1600 usque
884 1522 920 1582 ad
938 1540 1005 1602 pae-

6 1615 125 1674 iteutiam
147 1631 266 1674 omnes
295 1607 453 1691 superavit.
483 1611 562 1672 idem
585 1611 833 1691 magnanimitatis
855 1609 1007 1692 perhibuit

5 1702 150 1785 exemplum,
187 1704 244 1763 cui
283 1702 452 1780 comparari
483 1719 543 1761 uon
572 1702 669 1780 possit
700 1699 788 1760 aliud.
838 1699 1007 1780 spectacula
1025 1709 1060 1762 94

5 1793 54 1852 nim
74 1792 152 1854 edita
176 1792 363 1869 effusasque
387 1808 459 1870 opes
482 1797 533 1850 aut
556 1807 682 1870 operum
703 1789 952 1870 magnificentiam
975 1790 1007 1850 in

4 1896 34 1940 ao
52 1888 129 1960 parte
159 1897 356 1944 enumerare
379 1877 514 1939 luxuriae
538 1877 664 1939 laventis
687 1886 742 1940 est.
786 1877 836 1939 illa
858 1878 915 1940 luit
936 1895 1007 1938 vera

4 1969 291 2052 imcomparabilis
324 1969 425 2028 invicti
457 1969 548 2028 animi
580 1967 760 2048 sublimitas,
801 1969 895 2048 captis
928 1967 1006 2048 apud

2 2057 148 2124 lirarsaliam
176 2059 321 2137 Pompei
343 2055 441 2136 Magni
468 2057 586 2118 scriniis
615 2056 810 2137 epistularum
836 2057 1006 2136 iterumque

3 2149 51 2228 pud
67 2150 223 2232 Thapsum
246 2147 405 2228 Scipionis
422 2163 635 2208 ¹concremasse
659 2164 694 2206 ea
712 2147 823 2227 optima
840 2145 898 2207 lide
917 2153 1005 2226 atque

2 2257 37 2298 roo
55 2240 78 2301 le
98 2243 167 2302 ‘sse

44 2260 107 2392 265¹
122 2323 201 2414 (27)
256 2323 377 2386 Verum
399 2323 436 2385 ad
459 2324 551 2385 decus
574 2325 693 2404 imperii
715 2323 852 2405 Romani,
876 2341 936 2384 non
959 2342 1005 2383 so·
1025 2331 1058 2382 95

2 2435 40 2476 um
57 2421 88 2480 ad
105 2423 163 2480 riri
188 2419 295 2480 unius
314 2415 448 2494 pertinet
466 2415 628 2494 victoriam,
651 2412 774 2493 Pompei
787 2412 884 2492 lllagni
903 2410 1007 2474 titulos

1 2523 73 2568 omres
94 2507 344 2588 triumphosque
366 2503 424 2564 hoc
447 2505 478 2563 iu
501 2502 567 2563 loco
591 2503 770 2582 nuncupari,
798 2509 923 2580 aequato
946 2518 1007 2562 nou

1 2598 59 2658 uodo
79 2597 247 2660 Alexandri
273 2593 379 2671 Magni
401 2610 505 2654 rerum
526 2591 656 2671 fulgore,
682 2591 734 2650 sed
758 2592 847 2650 etiam
869 2589 1006 2650 Herculis

11 2706 63 2765 ope
90 2708 123 2750 ac
150 2685 266 2748 Liberi
302 2683 407 2762 patris.
456 2683 548 2760 igitur
579 2678 678 2740 Sicilia
707 2685 895 2759 recuperata,
927 2677 1006 2739 unde
1026 2687 1060 2740 9⁶

3 2778 96 2839 dmum
118 2777 273 2840 Sullanus
307 2773 342 2832 in
369 2768 573 2851 reipublicae
601 2787 689 2830 causa
714 2769 851 2828 exoriens
875 2767 1007 2846 auspica-

47 2875 97 2948 est,
125 2869 234 2928 Africa
261 2879 344 2922 vero
368 2867 429 2920 tota
452 2858 574 2920 subacta
602 2865 633 2918 et
655 2859 686 2917 in
710 2856 858 2918 dicionem
880 2854 1009 2938 redacta,

0 2959 121 3038 agnique
144 2957 281 3018 nomine
310 2952 345 3010 in
369 2949 496 3028 spolium
518 2947 587 3008 inde
611 2955 710 3028 capto,
734 2965 826 3025 eques
848 2945 1009 3030 Romanus,

4 3068 13 3093 r
33 3048 99 3124 quod
121 3055 213 3107 antea
239 3057 358 3120 nemo,
386 3057 478 3099 curru
500 3035 672 3116 triumphali
694 3043 832 3097 revectus
855 3043 885 3096 et
909 3037 1009 3098 statim

75 3188 182 3195 ..—...—-.

48 3271 221 3342 squammis
237 3266 322 3323 Rob.
345 3263 395 3330 cfr.
409 3279 471 3318 noo.
486 3263 538 3316 lue.
549 3278 579 3330 p.
589 3265 627 3317 72
640 3277 669 3314 a.
676 3265 724 3316 29.
747 3277 809 3315 -uas
828 3259 856 3316 ll.
876 3264 883 3330 l
902 3260 1009 3317 dicteae

0 3337 90 3399 lhrams
102 3345 144 3400 1²,
167 3343 242 3398 libr·
259 3337 310 3394 di·
326 3334 395 3388 nm.
417 3333 484 3388 libr-
499 3347 549 3388 om.
564 3330 699 3402 a(?)o1t¹.
723 3331 763 3386 di·
778 3348 828 3386 om.
843 3332 881 3385 ⁸¹.
897 3333 902 3399 Ι
919 3334 1008 3385 aui-

4 3417 121 3482 septenis
134 3413 263 3470 121²st
292 3423 351 3464 om.
365 3423 390 3461 r.
445 3403 523 3460 obis
542 3405 571 3458 el
588 3419 635 3472 ego
653 3404 760 3458 inaerari
777 3403 897 3458 oselini
909 3407 1009 3468 1,107.

4 3505 17 3523 ’κ
30 3529 34 3539 .
49 3486 71 3542 ll.
124 3493 140 3542 9
160 3487 297 3542 centena
318 3495 345 3534 o.
365 3475 454 3532 Scito.
473 3480 573 3541 1,106.
596 3476 709 3529 eenham
727 3475 755 3530 ll.
813 3479 846 3528 17
865 3475 961 3543 posset
977 3479 1009 3530 B.

37 3564 62 3612 21
78 3559 223 3630 pharsalia
242 3555 332 3608 Ded.
389 3554 423 3602 25
442 3545 591 3602 uictoriam
604 3549 676 3600 rac.
701 3545 753 3600 -aie
766 3562 790 3601 r.
815 3561 854 3600 aas
867 3543 1009 3614 gloriam?

2 3626 36 3690 ill·
50 3634 113 3694 599.
185 3635 223 3685 29
246 3625 368 3682 silanus
387 3625 418 3676 B.
491 3624 524 3673 32
545 3619 588 3673 esi
606 3620 635 3672 el
651 3623 683 3672 B.
