2302 3938
267 227 363 275 rursu.
376 227 458 274 usu.
475 227 508 274 u.
521 221 568 277 aa.
587 213 740 293 (aa—an.)
946 213 1006 274 207

30 382 150 458 risdictio,
173 381 407 460 conveniuntque
423 383 452 442 iu
468 397 531 442 eam
545 389 629 442 extra
647 381 814 460 praedictos
830 379 1007 442 Macedones

31 465 139 542 dadieui,
161 463 388 546 Philadelphini,
414 473 443 524 et
462 466 517 544 ipsi
538 463 566 524 in
582 461 681 526 radice
699 463 792 526 Tmoli
809 463 939 544 Gogamo
955 465 1006 526 llu-

29 550 80 610 uiui
98 549 214 628 adpositi
234 547 380 626 Maeonii,
404 547 590 627 Tripolitani,
614 547 700 610 iidem
722 559 752 610 et
767 549 1006 630 Antoniopolitae

29 633 158 694 llaeandro
174 632 344 710 adluuntur,
368 631 647 713 hpolldnmieritae,
672 632 898 710 mysotimolitae
915 635 1007 696 etalii

12 717 155 795 signabiles.

92 801 170 883 (31.)
197 797 277 864 Ionia
297 803 335 864 ab
361 797 439 864 lusio
457 799 519 862 sinu
543 803 686 882 incipieus
707 805 908 864 numerosiore
931 815 1049 868 am-llt

27 887 69 946 bitu
82 877 192 947 litorniu
204 887 344 948 flectitur.
377 888 406 948 in
422 905 457 948 ea
471 887 579 966 primus
592 888 671 948 sinus
682 885 835 964 Basilicus,
852 887 1007 950 Posideum

27 971 230 1048 promuntorium
251 980 281 1031 et
304 971 442 1052 oppidum
464 969 614 1033 oraculum
631 970 854 1033 Branchidarum
876 972 1006 1051 appella·

25 1063 81 1129 tum,
101 1063 175 1115 nanc
189 1055 342 1132 Didymael
357 1051 518 1134 Apollinis,
542 1075 559 1115 a
575 1055 661 1116 lltdre
676 1056 778 1118 studiis
793 1054 865 1132 XX,
897 1067 926 1116 et
941 1056 1006 1116 inde

1 1161 17 1198 a
25 1136 133 1200 MXXX
144 1137 264 1200 ‘lliletus
280 1138 383 1200 'lumba
403 1150 507 1218 caput,
522 1137 665 1219 'lelegeis
680 1150 765 1200 autea
787 1149 816 1199 et
837 1139 955 1218 Pityusa
978 1150 1007 1200 et

24 1221 157 1298 lnaotoria
174 1225 339 1306 nominata,
359 1238 449 1303 super
462 1221 515 1284 XO
531 1223 644 1285 urbium
666 1242 719 1302 per
735 1233 838 1284 cuncta
853 1227 942 1285 maria
954 1242 1005 1302 ge-

21 1309 110 1384 netrix,
131 1325 187 1368 neo
204 1307 364 1369 fraudanda
385 1303 573 1382 cirassadrno
596 1309 644 1387 qui
662 1309 771 1386 primus
792 1324 924 1386 prorsam
941 1326 1005 1370 ora·

21 1394 107 1452 liorem
129 1392 258 1452 condere
280 1393 408 1452 instituit.
447 1393 536 1454 amuis
552 1391 708 1453 Maeander
732 1401 813 1452 ortus
835 1411 852 1452 e
874 1393 939 1454 lacu
960 1395 1048 1458 lulld

19 1484 96 1536 monte
116 1477 287 1536 Aulocrene
318 1473 507 1556 plurimisque
534 1476 654 1538 adfusus
679 1477 795 1556 oppidis
819 1486 850 1536 et
874 1479 1006 1557 repletus

1 1559 162 1624 ialuuinibus
186 1559 315 1638 crebris,
341 1562 380 1620 ita
403 1563 537 1621 sinuosus
561 1560 686 1622 flexibus
710 1571 741 1621 ot
756 1579 847 1640 saepe
871 1563 1007 1622 credatur

19 1647 123 1721 reverti,
146 1645 327 1725 Apamenam
343 1645 462 1722 primurn
480 1651 657 1724 peruagatus
670 1647 840 1724 regionem,
861 1663 930 1707 mox
948 1646 1004 1706 Eu·
1042 1717 1045 1722 y

18 1731 181 1806 neneticam,
199 1745 235 1790 ao
249 1729 316 1790 dein
329 1727 538 1807 llyrgaletlcos
554 1747 690 1809 campos,
712 1741 861 1810 postremo
880 1727 1004 1805 Cariam,

17 1812 130 1888 placidus
147 1815 300 1892 omnisque
318 1825 371 1873 eos
387 1829 475 1891 agros
490 1813 669 1874 fertilissimo
689 1817 787 1892 rigans
803 1815 886 1890 limo,
903 1815 940 1875 ad
955 1815 1004 1875 de-

18 1913 110 1956 cumam
125 1915 143 1956 a
158 1895 259 1957 Mileto
276 1897 399 1959 stadium
415 1898 489 1958 leuis
504 1898 639 1959 inlabitur
652 1901 731 1959 mari.
760 1899 826 1960 inde
842 1916 925 1958 mous
941 1897 1004 1959 Lat·

1 1995 77 2055 anas,
93 1981 203 2060 oppida
217 1979 364 2042 lleraclea
379 1982 484 2044 montis
500 1983 562 2042 eius
578 1981 889 2060 cognominis,Garice,
902 1981 1004 2059 Myuus

16 2065 74 2140 quod
98 2068 194 2144 primo
222 2066 387 2127 condidisse
418 2066 506 2127 lones
536 2076 688 2127 narrantur
714 2067 837 2128 Athenis
866 2067 1003 2146 proiecti,

15 2145 189 2225 Naulochum,
208 2149 321 2210 Priene.
358 2151 386 2211 in
404 2169 455 2211 ora
474 2169 547 2230 quae
566 2150 694 2228 Troglea
711 2152 876 2230 appellatur
896 2151 1005 2211 (lessus

14 2235 94 2292 annis.
121 2236 209 2312 regio
227 2231 482 2295 omuibuslonibus
499 2253 582 2296 sacra
598 2245 627 2295 et
643 2236 710 2296 ideo
723 2234 860 2295 Panionia
876 2235 1005 2314 appella-

13 2325 39 2374 ta.
72 2321 153 2378 iuxta
171 2337 188 2378 a
209 2319 339 2396 fugitivis
357 2319 501 2380 conditum
517 2321 574 2398 (uti
589 2335 693 2380 nornen
713 2319 819 2380 indicio
838 2322 898 2398 est)
915 2319 1047 2394 Phylli

1 2402 64 2476 treta
82 2403 136 2462 luit
164 2412 194 2462 et
217 2401 423 2468 Marathesium
445 2405 592 2483 oppidum.
637 2421 725 2482 supra
754 2404 829 2464 haec
854 2403 1004 2480 Magnesia

12 2481 145 2547 Maeandri
166 2489 342 2566 cognomine
362 2489 501 2566 insignis,
524 2507 541 2548 a
564 2487 734 2548 Thessalica
752 2487 903 2564 Magnesia
929 2497 1002 2546 orta.

11 2569 80 2629 abest
94 2572 132 2632 ab
149 2569 271 2650 llpheso
286 2571 341 2631 XV
358 2571 388 2632 M
402 2586 549 2652 passuum,
565 2571 710 2633 Trallibus
723 2588 759 2630 eo
772 2573 894 2650 amplius
905 2569 1001 2630 MMM.

11 2663 78 2715 autea
100 2655 306 2716 Thessaloche
322 2665 353 2716 et
368 2655 532 2717 Androlitia
553 2658 697 2716 nominata
712 2664 741 2715 et
757 2655 847 2716 'litori
870 2655 1003 2732 adposita

12 2733 154 2800 berasidas
167 2741 280 2800 insulas
295 2751 397 2820 secum
413 2739 532 2800 abstulit
548 2741 627 2799 mari.
650 2739 728 2800 lutus
741 2748 770 2799 et
781 2739 919 2815 Thyatira
934 2739 984 2799 ad·
995 2749 1046 2802 115

1 2819 79 2882 eluitur
96 2823 197 2900 Lyco,
211 2823 335 2902 Pelopia
352 2824 506 2904 aliquando
525 2831 554 2883 et
569 2823 712 2903 Euhippia
730 2826 941 2901 cognominata.
975 2825 1004 2882 in

13 2916 168 2968 traaucem
193 2898 326 2984 Matium,
348 2906 483 2987 Ephesus
493 2908 674 2969 Amazonum
689 2925 779 2986 opus,
802 2908 901 2968 multis
919 2916 1003 2966 antea

14 2995 124 3069 expetita
147 2992 330 3071 nominibus,
365 2991 495 3071 ¹Alopes,
523 3008 587 3052 cum
614 3001 771 3070 pugnatum
792 2992 868 3069 apud
888 2991 1003 3051 Troiam

13 3086 52 3153 at,
62 3095 132 3139 mox
142 3074 297 3153 Ortygiae,
306 3073 463 3154 Amorgos.
486 3083 587 3136 vocata
599 3083 646 3136 est
657 3079 687 3134 et
695 3071 819 3148 Zmyrna
831 3071 1004 3150 cognomine

12 3155 168 3240 Trachia,et
178 3156 363 3238 Haemonion
374 3155 520 3221 etPtelea.
539 3157 680 3218 attollitur
691 3165 789 3218 monte
801 3155 904 3232 Pioue,
917 3157 1004 3216 adlui-

1 3251 43 3302 tur
56 3245 182 3323 Caystro
196 3245 227 3303 in
241 3239 384 3304 (lilbiauis
399 3245 474 3322 iugis
485 3251 553 3304 orto
565 3242 730 3321 multosque
741 3258 838 3300 amnes
851 3241 1004 3301 deferente

12 3335 32 3382 et
43 3339 172 3409 stagnum
188 3325 356 3406 Pegaseum
379 3327 456 3405 quod
476 3322 613 3401 Phyrites
631 3327 720 3386 amnis
739 3324 872 3404 expellit.
903 3323 938 3383 ab
959 3323 1004 3384 his

12 3413 142 3475 uultitudo
157 3414 219 3475 limi
240 3420 288 3472 est
304 3427 360 3490 qua
379 3419 474 3472 terras
489 3419 633 3492 propagat
649 3409 810 3486 mediisque
826 3410 881 3468 iarn
897 3409 1004 3485 campis

11 3493 94 3570 Syrien
114 3497 242 3560 insulam
264 3495 380 3556 adiecit.
418 3495 485 3598 iops
506 3497 535 3556 iu
553 3494 627 3556 urbe
649 3492 791 3572 Callippia
818 3501 847 3552 et
868 3491 1005 3570 templum
