2286 3938
362 199 568 256 PRAEFATIO
901 223 977 272 xxv

22 351 115 410 editionis
128 350 289 410 Dresdense
313 354 464 429 exemplar
482 353 675 432 magnifieum
698 355 765 412 eta
787 353 977 412 rubricatere

21 440 167 500 sollertissime
194 443 372 501 aromatum
400 460 418 500 a
445 461 494 502 me
521 443 664 503 collatum
692 461 758 502 ease
785 460 876 520 supra
904 442 975 502 diri.

21 529 95 590 duur
108 531 196 589 autem
208 529 319 591 Ienson
336 533 575 608 typographicae
593 532 783 609 potissimum
803 532 974 609 elegantiae

21 619 94 678 tuden
109 620 280 696 quaesivisse
298 637 354 680 nee
371 621 483 700 eruditi
505 621 643 698 hominis,
667 621 719 698 qui
736 623 854 680 tentum
877 639 976 680 emen·

21 709 74 782 tarot
91 727 168 784 opem
184 724 352 786 nemeaea,
374 712 410 768 ut
428 711 492 770 eius
516 711 609 771 editio
632 711 822 786 superiorum
845 711 975 768 duarum

21 797 130 858 ottonum
152 799 216 858 loeo
243 799 351 858 haberi
377 801 458 859 reete
485 801 588 877 possit.
639 818 737 876 neque
767 801 847 859 enim
877 799 913 858 de
943 817 977 858 ee

21 905 86 962 noque
107 887 223 948 oonsilio
251 889 409 965 quiequam
439 889 503 966 ipse
530 889 728 965 premiserit,
756 888 808 949 sed
831 889 978 949 Iohannis

21 977 97 1036 &eoo
115 980 233 1052 ariocopi
255 979 407 1038 aleriam
428 981 469 1039 ool
485 981 653 1054 pontificem
679 995 825 1038 sommam
846 977 978 1038 Paolum

21 1068 119 1128 wotos
130 1071 260 1128 metam
278 1068 428 1142 epiowlem
445 1068 484 1127 ad
502 1069 614 1128 ealoem
632 1068 793 1128 voluminis
813 1068 976 1127 subiunxit.

21 1149 121 1214 lennem
132 1175 198 1216 mox
212 1157 382 1216 aemulatus
396 1159 443 1216 ast
456 1156 628 1235 Stephanus
643 1155 780 1220 Coralius
795 1155 978 1233 Lugdunen-

21 1241 148 1304 isoditione
166 1265 192 1305 a.
214 1247 299 1306 1476
319 1245 469 1307 Parmae
488 1247 631 1322 ueniente,
655 1265 731 1324 quae
745 1246 880 1306 Venetae
900 1245 975 1304 adeo

21 1329 77 1391 insilis
91 1336 142 1408 est,
163 1337 199 1394 ot
221 1353 282 1394 non
304 1337 425 1394 tantum
442 1338 565 1398 chartae
584 1340 615 1397 et
632 1339 776 1415 typorum
793 1336 898 1410 forma
923 1334 978 1393 sed

21 1421 66 1479 un
81 1424 252 1501 paginarum
275 1427 306 1484 et
327 1443 470 1486 versuum
487 1427 696 1504 magnitudine
719 1428 750 1485 et
768 1443 894 1485 numere
911 1424 976 1500 pla

21 1509 88 1576 tsine
97 1514 173 1572 inter
185 1533 219 1574 se
233 1517 410 1590 congruant.
432 1517 508 1575 nihil
521 1516 656 1592 profecto
674 1517 754 1575 inter
772 1534 804 1576 se
819 1513 978 1573 differrent

21 1581 155 1682 idmdique
176 1603 269 1663 faeile
289 1607 421 1680 possent,
444 1605 508 1686 nisit
525 1605 695 1665 Parmensis
718 1605 873 1681 recognita
896 1603 980 1662 esset

21 1685 166 1768 illilippo
189 1693 371 1753 Beroaldo
394 1694 589 1768 Bononiensi,
613 1693 665 1770 qui
687 1693 779 1752 Plinii
804 1693 977 1752 naturalem

60 1781 118 1840 dam
134 1783 165 1842 in
183 1783 344 1860 gymnasio
363 1783 484 1859 publiea
503 1783 659 1843 Parmensi
678 1802 712 1842 eo
731 1784 867 1859 tempore
884 1782 976 1840 inter·

42 1870 144 1931 abatur.
188 1873 223 1931 in
242 1871 375 1949 epistula
397 1871 436 1930 ad
453 1871 612 1932 Nicolaum
630 1871 834 1933 Ravaealdum
858 1871 976 1930 eanoni-

63 1958 244 2022 Permensem
266 1961 339 2019 data
367 1962 492 2021 selectas
520 1962 636 2038 aliquot
663 1961 850 2022 coniecturas
878 1960 978 2019 causis

44 2047 114 2110 lieatis
135 2051 359 2112 commendavit
381 2051 413 2110 et
434 2051 549 2127 tn'pliei
570 2051 688 2110 ratione
711 2051 787 2109 dixit
816 2067 848 2108 se
877 2067 975 2108 emen-

42 2135 111 2198 ‘nom
127 2143 299 2201 assecutum
318 2140 376 2199 sibi
393 2140 504 2201 videri:
522 2143 638 2215 partim
650 2141 829 2212 fidelioribus
842 2141 979 2214 inspeetis

57 2229 60 2240 '
89 2232 292 2292 isendieo'bus:
308 2232 423 2305 partim
444 2235 575 2290 oeteam
596 2232 769 2304 serapionem
793 2231 979 2289 eaeteritoie:

23 2385 25 2400 s
52 2317 55 2328 '
91 2319 187 2394 Plyaii
208 2322 304 2395 ipnaas
326 2322 503 2380 testimonio:
526 2323 576 2396 quoi
598 2321 674 2393 qaod
694 2337 753 2378 oeno
775 2321 808 2378 io
830 2320 890 2378 loeo
913 2319 978 2377 bre-

23 2401 267 2484 irotsatotseare
286 2411 416 2468 olearon:
439 2410 512 2470 aubi
530 2410 650 2482 effaetas
667 2412 775 2468 narret
792 2407 821 2466 ot
838 2409 977 2481 apertius.

23 2493 168 2557 tteditn'one
190 2498 241 2558 usi
263 2500 334 2558 sunt
357 2497 525 2572 Pintianus,
548 2498 768 2574 Daleeampius‚
791 2496 975 2568 Harduinua

24 2579 189 2647 lBabarus
213 2605 282 2648 eam
304 2588 471 2666 inspexisse
492 2588 595 2663 putari
621 2587 673 2648 vix
699 2588 812 2663 potest,
839 2603 911 2643 nam
938 2585 979 2642 ad

24 2665 118 2744 lll161
141 2678 229 2737 nulla
252 2676 396 2738 Beroaldi
417 2677 568 2736 mentione
590 2676 672 2736 faeta
695 2675 935 2734 emendationem
957 2693 978 2732 e

24 2749 104 2840 &out
129 2785 217 2826 suam
247 2767 406 2843 proposuit
433 2765 541 2826 iisdem
571 2767 679 2843 quibus
706 2765 759 2823 ille
789 2762 977 2840 argumentis

25 2841 197 2933 *eidemque
216 2857 285 2916 aliis
304 2873 423 2932 queque
440 2856 514 2916 loeis
527 2855 642 2914 fautum
661 2873 727 2914 esse
745 2852 815 2914 vidi.
842 2852 980 2929 reliquae

25 2919 81 3002 tna
92 2946 197 3006 aetatis
217 2945 364 3005 editiones
382 2946 495 3004 nullius
513 2945 658 3004 momenti
676 2961 750 3021 esse,
769 2943 823 3002 sed
836 2942 980 3002 Beroaldi

25 3029 201 3094 laudationum
220 3053 281 3112 eas,
305 3053 382 3112 qnae
400 3035 465 3094 veri
488 3034 617 3110 speeiem
634 3051 708 3111 prae
732 3051 763 3093 se
786 3032 909 3105 ferrent,
932 3051 980 3090 re-

26 3113 96 3200 tiae,
112 3125 218 3185 ueteris
237 3125 311 3185 loris
329 3123 489 3201 vulgatum
507 3125 624 3183 textum
642 3141 778 3184 seruasse
797 3122 946 3182 videntur.

26 3213 28 3246 ³
50 3208 189 3274 Secunda
213 3217 317 3275 aetas
341 3215 408 3272 orta
426 3216 473 3273 est
491 3213 529 3272 ab
549 3230 575 3272 a.
597 3215 691 3290 1492,
715 3231 773 3289 quo
793 3229 870 3271 anno
889 3210 980 3269 Her-

26 3297 102 3360 solaus
117 3303 301 3364 Barbarus
320 3303 433 3364 Romae
452 3302 546 3362 edidit
564 3296 789 3379 ‘castigationes
803 3293 981 3376 Plinianas',

27 3391 148 3452 taedarum
165 3394 245 3452 illud
263 3411 340 3469 opus
363 3393 395 3451 et
416 3391 599 3452 incredibilis
623 3391 799 3451 eruditionis
823 3394 854 3448 et
877 3390 979 3464 siugu-

27 3471 57 3532 ιι
77 3484 241 3559 sagacitatis
270 3474 526 3563 plenissimum).
580 3482 612 3540 sn
642 3500 700 3558 quo
730 3499 798 3539 oum
832 3472 981 3554 ‘euinque

27 3599 173 3622 ‘'Q-—

57 3663 256 3732 ''lRenaonieus
282 3672 312 3726 et
335 3688 399 3726 cum
422 3685 456 3724 eo
481 3669 607 3740 Silligius
629 3667 784 3721 Barbarum
809 3665 981 3734 putaverunt
