2286 3938
229 231 312 280 mem.
332 233 423 280 mrsu.
442 233 490 278 vr.
512 217 632 278 16—17.
653 215 794 297 [le-21.)
958 213 1021 280 227
1135 279 1136 282 ,

44 405 94 448 esse
112 395 138 466 qt
151 387 318 448 Alexander
336 387 456 466 Magnus
479 387 608 466 prodidit
625 385 708 448 ethi.
732 385 828 448 Varro
846 385 933 448 talem
956 403 1022 465 per-

42 473 106 532 latum
121 471 254 552 Pompeio
275 475 355 534 iuxta
377 492 426 534 res
444 473 559 550 gerenti
580 471 775 534 Mithridatico
791 470 889 549 bello,
915 473 1023 548 magni·

43 556 116 618 tudine
129 557 192 618 hamt
203 558 293 618 dubie
307 557 487 618 induentium
502 558 623 618 amnium
636 559 715 617 victo
730 557 802 618 sele.
832 555 931 618 Adicit
948 555 1023 616 idem
1039 566 1074 616 52

41 642 133 720 Pompei
158 643 243 702 ductu
267 643 448 722 exploratum
477 645 507 702 in
526 641 649 702 Bactros
673 641 728 701 Vll
752 642 855 702 diebus
880 660 918 701 ex
942 640 1023 702 India

20 729 160 804 tperremiri
178 728 212 788 ad
230 727 360 788 lacbrum
377 727 482 788 ilurncn
501 726 577 806 quod
592 729 620 786 in
638 725 729 786 Oxum
745 725 860 801 induat,
884 734 969 787 etex
985 743 1023 786 eo
1080 801 1085 811 Ι

40 829 77 888 per
90 809 214 892 Caspium
235 815 264 872 im
281 811 386 890 Cyrum
403 813 579 888 subvectos,
602 811 673 874 etV
695 829 754 872 nom
775 811 896 892 amplius
912 811 1024 872 dierum

39 907 131 958 terreno
150 899 256 958 itinere
279 898 315 958 ad
337 897 452 958 Phasim
474 899 503 958 iu
527 897 649 958 Pontum
667 895 780 958 lndicas
802 915 893 976 posse
917 895 1022 956 devehi

39 1000 133 1042 merces.
168 981 285 1044 insulae
307 991 371 1044 toto
396 985 425 1043 in
447 983 574 1044 comari
599 981 722 1058 multae,
748 981 866 1060 volgata
891 999 945 1041 una
966 999 1023 1041 ma·

39 1065 216 1128 mmebezata.

7 1163 31 1210 it
83 1149 157 1232 (20.)
172 1153 199 1212 A
217 1150 326 1233 Caspio
343 1155 413 1213 mari
430 1152 628 1232 Scythicoque
645 1170 756 1213 oceano
771 1153 801 1212 im
816 1151 909 1213 Eoum
921 1169 1023 1212 cursus
1038 1158 1075 1213 td

38 1235 166 1298 inflectitur
182 1237 219 1298 ad
235 1241 379 1300 orientem
396 1255 539 1298 conversa
554 1237 671 1297 litorum
686 1238 792 1298 fronte.
822 1235 1023 1298 lnhabitabilis

39 1323 83 1378 eius
102 1324 187 1401 prima
211 1341 280 1402 pars
301 1322 470 1399 aScythico
493 1324 692 1401 promunturio
709 1322 747 1382 ob
768 1323 868 1400 nives,
891 1323 1024 1400 proxima

38 1405 118 1466 inculta
144 1411 268 1468 saevitia
290 1411 429 1486 gentium.
472 1407 718 1486 Anthropophagi
743 1405 869 1484 Scythae
897 1405 1025 1466 insident

38 1488 142 1552 humanis
158 1493 336 1572 corporibus
353 1501 516 1553 vescentes.
552 1491 619 1552 ideo
638 1494 718 1552 iuxta
731 1500 833 1552 vastae
850 1489 1027 1552 solitudines

16 1573 195 1656 tirrarumquc
220 1577 373 1638 multitudo
396 1576 464 1636 haut
478 1577 649 1638 dissimilem
670 1576 815 1638 bominum
832 1577 1025 1637 immanitatem

39 1659 156 1721 obsidens.
199 1661 309 1722 Iterum
339 1661 444 1722 deinde
476 1661 601 1739 Scythae
632 1663 795 1740 iterumque
820 1661 1026 1722 desertarum

39 1741 122 1822 helois,
147 1765 243 1825 usque
265 1746 300 1806 ad
316 1747 412 1824 iugum
433 1745 572 1806 incubans
595 1748 666 1807 meari
688 1747 765 1826 quod
788 1755 893 1806 vocant
914 1743 1024 1806 Tabim.

37 1825 81 1888 lieo
97 1839 158 1891 ante
174 1830 320 1892 dimidiam
336 1833 427 1891 ierme
449 1831 660 1908 longitudinem
684 1834 746 1891 eius
770 1849 841 1892 orac
862 1848 936 1909 quae
959 1846 1026 1908 spe·

38 1919 78 1970 ctat
99 1918 239 1976 aestivorn
264 1917 408 1976 orientem
432 1915 609 1976 inhabitatur
634 1915 683 1975 illa
710 1917 804 1994 regio.
847 1914 933 1976 Primi
962 1921 1078 1994 suntdd

16 1993 152 2058 therminum
168 2003 217 2080 qui
236 2009 391 2060 noscantur
411 1999 502 2060 Seres
523 1999 628 2062 lanicio
651 1999 788 2060 silvarum
804 1997 936 2076 nobiles,
958 2015 1026 2078 per·

38 2081 104 2141 lusan
127 2103 201 2163 aqua
229 2083 422 2166 depectentes
447 2085 591 2145 frondium
616 2085 767 2163 canitiem,
792 2085 867 2145 unde
893 2085 1026 2163 gemimus

37 2165 125 2228 leminis
150 2172 264 2230 nostris
294 2169 379 2230 labos
407 2169 594 2230 redordiendi
625 2169 674 2230 iila
705 2188 863 2249 rursusque
896 2170 1026 2230 texendi.

38 2253 238 2333 tammultiplici
262 2273 373 2334 opere,
395 2263 451 2314 tam
472 2253 633 2334 longinquo
652 2253 726 2314 orbe
746 2257 856 2334 petitur
878 2263 908 2314 ut
929 2256 959 2313 in
976 2271 1027 2332 pu·

40 2332 96 2396 blico
113 2347 243 2398 matrona
264 2339 415 2400 traluceat.
457 2340 548 2400 Seres
569 2341 655 2400 mites
678 2339 810 2418 quidem,
838 2337 890 2400 scd
915 2347 944 2399 et
968 2340 1025 2417 ipsi

16 2417 89 2478 siens
112 2423 220 2483 similes
252 2432 368 2484 coetum
393 2423 572 2502 reliquorum
600 2423 763 2484 mortalium
789 2425 921 2500 lugiunt,
950 2440 1026 2482 com-

38 2507 119 2564 mercia
130 2516 315 2586 exspectant.
344 2507 468 2568 Primum
481 2526 582 2568 eorum
600 2511 731 2568 noscitur
748 2508 854 2568 ilumem
865 2507 1025 2586 Psitharas,
1042 2515 1076 2568 55

38 2591 170 2660 proximum
198 2591 352 2669 Cambari,
379 2595 496 2653 tertium
525 2591 638 2670 banos,
668 2611 683 2653 a
713 2610 771 2671 quo
799 2593 1027 2670 promunturium

33 2667 141 2752 Chryse,
161 2677 243 2736 sinus
261 2675 413 2752 Cyrnaba,
436 2677 542 2738 ilumen
557 2677 701 2754 Atianos,
725 2679 804 2736 simus
823 2685 853 2736 et
879 2695 952 2754 gens
975 2676 1027 2735 bo·

39 2755 117 2819 nimum
140 2760 326 2840 Attacorum,
353 2764 459 2840 apricis
488 2762 524 2822 ab
559 2763 634 2822 ommi
660 2761 750 2821 noxio
780 2759 885 2820 adllatu
912 2759 1027 2821 seclusa

20 2839 147 2904 brollibus.
189 2847 293 2906 eedem
316 2864 371 2924 qua
393 2845 580 2924 Hyperborei
603 2846 712 2924 degunt
734 2847 888 2923 temperie.
925 2844 961 2904 de
982 2845 1026 2904 bis

41 2925 143 2996 privatim
169 2930 299 2990 condidit
327 2930 463 2990 volumen
486 2930 674 3008 Amometus,
701 2933 776 2990 sicut
802 2929 967 2990 llecntaeus
990 2931 1027 2990 da

41 3004 223 3085 Hyperboreis.
256 3014 303 3074 Ab
322 3013 473 3074 Attacoris
488 3024 595 3093 gentes
616 3013 708 3074 Thumi
726 3024 756 3075 et
777 3013 898 3092 Focari,
921 3023 951 3075 et
972 3017 1028 3076 iam

42 3087 146 3155 indorum
174 3097 268 3158 Casiri
299 3101 444 3160 introrsus
481 3099 517 3160 ad
545 3099 668 3177 Scythes
691 3101 778 3160 uersi
804 3099 934 3162 humanis
964 3119 1029 3161 cor·

43 3179 137 3249 poribus
154 3193 330 3261 vescuntur,
351 3182 498 3244 Nomades
518 3202 634 3263 quoque
657 3183 756 3246 lndiae
774 3195 923 3262 vagantur.
957 3184 1029 3244 Sunt

21 3263 75 3333 btui
93 3265 122 3324 ab
141 3269 277 3345 aquilone
294 3269 425 3346 contingi
447 3267 482 3328 ab
504 3271 576 3348 ipsis
598 3279 627 3328 et
651 3267 776 3330 Ciconas
795 3269 898 3330 dixere
920 3278 949 3330 et
967 3268 1029 3329 Bri·

44 3361 111 3410 sams.

88 3431 157 3514 (21.)
184 3437 244 3498 Sed
268 3439 344 3499 unde
368 3439 454 3518 plane
477 3447 613 3505 constent
638 3449 744 3518 gentes
766 3439 889 3501 Hemodi
915 3447 1029 3500 montes
1045 3447 1079 3500 56

45 3508 186 3600 adsurgunt,
214 3521 409 3602 indorumque
430 3543 503 3602 gens
526 3525 627 3602 incipit
657 3542 714 3584 mon
735 3523 800 3670 Epp
824 3533 931 3584 tantum
957 3525 1026 3583 mari

806 3609 822 3642 ’A'
