2396 3940
155 153 221 218 236
447 209 449 214 ,
504 144 828 204 e.1³nm1secunn1

104 311 154 358 113
177 315 188 326 ‘·
222 295 281 363 33.
306 293 388 383 (38),
410 299 459 360 Sic
483 297 628 378 quaedam
643 315 687 356 -ex
711 294 799 356 imhri
822 299 1008 373 generantur
1033 293 1068 351 in
1091 299 1172 370 terra,

155 390 300 471 quaedam
322 397 353 450 et
375 391 406 449 in
429 388 517 468 ligno.
561 404 619 447 nec
643 387 723 446 enim
746 385 824 444 cossi
847 389 965 444 tantum
987 383 1023 442 in
1053 399 1104 462 eo,
1126 380 1172 440 sed

156 482 245 540 etiam
263 478 362 538 tahani
379 496 418 538 ex
437 495 472 538 eo
491 481 656 538 nascuntur
680 482 710 534 et
732 473 788 533 elia
811 471 993 550 ubicumque
1018 488 1110 530 umor
1132 481 1173 529 est

155 570 273 630 nimina.
320 561 394 650 (39)
423 569 502 628 sicut
523 569 602 626 intra
625 563 777 624 hominem
799 564 914 622 taeniae
943 561 1100 622 tricenum
1126 577 1173 638 pe-

103 658 250 738 114dum,
279 657 436 736 aliquando
466 664 497 716 et
526 655 659 735 plurium
688 651 881 732 longitudine.
934 653 994 710 iam
1024 652 1058 710 in
1088 661 1192 710 carno·

155 749 290 807 exanima
313 753 343 807 et
365 747 528 806 viventium
551 761 670 824 quoque
694 742 849 802 hominum
875 739 995 822 capillo,
1027 757 1088 820 qua
1117 740 1175 800 loe-

155 835 245 896 ditate
269 843 299 896 et
323 833 404 895 Sulla
426 834 553 895 dictator
576 841 606 894 et
628 831 750 894 Alcman
774 850 810 894 ex
834 829 1007 892 clarissimis
1032 829 1176 890 Graeciae

157 925 253 1004 poetis
284 923 395 984 obiere.
446 922 504 984 hoc
535 921 656 1003 quidem
686 930 718 984 et
747 939 816 982 aves
845 920 982 1001 infestat,
1016 919 1177 999 phasianas

102 1020 153 1069 115
163 1031 234 1074 vero
252 1015 405 1074 interemit
423 1013 481 1074 nisi
503 1012 693 1092 pulverantes
712 1029 787 1075 sese.
823 1009 900 1090 pilos
917 1008 1100 1070 habentium
1125 1011 1176 1068 asi·

154 1121 227 1164 num
245 1109 361 1164 tantum
378 1104 532 1164 inmrmem
550 1101 608 1162 hoe
627 1101 703 1161 malo
728 1100 856 1162 credunt
878 1109 909 1161 et
931 1117 1012 1160 oves.
1046 1101 1176 1178 gignun-

154 1200 204 1253 tnr
218 1199 318 1254 autem
332 1200 362 1252 et
375 1193 467 1252 vestis
485 1209 604 1274 genere,
622 1192 783 1270 praecipue
797 1190 904 1250 lanicio
922 1190 1177 1268 interemptarum

154 1300 171 1342 a
199 1281 278 1361 lupis
306 1283 414 1344 ovium.
460 1299 551 1361 aquas
581 1296 701 1360 quoque
730 1279 871 1360 quasdam
899 1277 1009 1358 quihus
1041 1277 1179 1338 lavemur

154 1370 315 1432 fertiliores
333 1372 399 1433 eius
417 1372 537 1450 generis
555 1371 675 1432 invenio
694 1369 773 1450 apud
792 1376 943 1449 auctores,
966 1369 1086 1448 quippe
1111 1387 1177 1429 cum

154 1462 244 1520 etiam
266 1478 352 1522 cerae
375 1459 406 1520 id
429 1461 552 1540 gignant
579 1459 659 1539 quod
687 1458 855 1520 animalium
883 1459 1043 1534 minimum
1072 1459 1176 1518 existi·

153 1557 259 1610 matur.
314 1548 370 1610 alia
399 1567 506 1610 rursus
536 1557 719 1628 generantur
749 1547 887 1609 sordibus
917 1566 934 1608 a
962 1545 1058 1608 radiis
1099 1547 1179 1614 solis,

152 1640 354 1726 posteriorum
366 1637 485 1700 lascivia
499 1657 623 1700 crurum
637 1641 829 1718 petauristoe.
858 1637 913 1698 alia
926 1636 1052 1717 pulvere
1075 1637 1180 1698 umido

153 1729 184 1788 iu
208 1729 343 1790 cavernis
365 1726 505 1789 volucria.

102 1825 152 1874 116
222 1811 277 1879 34.
298 1810 372 1900 (40)
396 1816 450 1878 Est
473 1815 581 1878 animal
603 1817 738 1878 eiusdem
762 1819 914 1898 temporie,
935 1816 1029 1878 infixo
1054 1835 1179 1896 semper

152 1908 289 1986 sanguini
312 1908 408 1987 capite
432 1909 533 1968 vivens
557 1916 646 1986 atque
674 1909 715 1968 ita
742 1909 958 1988 intumescens,
985 1923 1089 1968 unum
1119 1909 1179 1967 ani-

151 1995 273 2057 malium
296 1999 345 2058 cui
368 1995 427 2056 cihi
450 2014 511 2056 non
534 1997 573 2057 sit
602 1997 709 2058 exitus.
743 1995 884 2060 *dehiscit
910 2013 978 2057 cum
1006 1998 1108 2059 nimia
1137 2017 1179 2056 sa·

151 2087 263 2166 tietate,
282 2085 425 2166 alimento
444 2088 510 2165 ipso
533 2087 673 2148 moriens,
709 2103 871 2166 numquam
894 2086 950 2148 hoc
973 2087 1006 2146 in
1030 2087 1181 2148 iumentis

150 2175 291 2254 gignitur,
313 2176 345 2234 in
367 2173 465 2236 huhns
484 2176 635 2256 frequens,
657 2177 690 2236 in
713 2175 836 2239 canibus
860 2163 1029 2256 aliquando,
1052 2177 1090 2236 in
1116 2179 1180 2256 qui-

149 2261 207 2324 hus
230 2265 336 2324 omnia.
382 2266 414 2323 in
437 2259 541 2326 ovibus
564 2272 595 2326 et
618 2267 716 2345 capris
739 2263 796 2326 hoc
823 2265 929 2326 solnm.
975 2283 1076 2344 aeque
1104 2269 1180 2326 mira

150 2353 303 2431 sanguinis
327 2353 357 2412 et'
379 2351 553 2416 hirudinum
575 2357 606 2415 in
629 2353 757 2434 palustri
779 2373 856 2434 aqua
879 2357 953 2416 sitis.
985 2372 1127 2434 namque
1151 2367 1179 2416 et

150 2437 205 2502 hae
224 2449 287 2502 toto
311 2443 406 2521 capite
431 2443 610 2504 conduntur.
656 2453 703 2506 est
725 2445 846 2506 voluere
870 2443 993 2505 canibus
1017 2445 1180 2524 peculiare

150 2549 238 2592 suum
257 2531 376 2612 malum,
399 2550 487 2592 aures
510 2535 636 2594 maxime
654 2533 808 2596 lancinaus
828 2553 903 2614 quae
922 2533 1045 2598 deformi
1070 2553 1179 2596 morsu

149 2638 210 2680 non
234 2629 352 2700 queant.

96 2717 147 2766 117
218 2704 277 2773 35.
301 2703 376 2792 (41)
403 2709 486 2771 ldem
508 2713 605 2791 pulvis
628 2713 660 2772 in
683 2711 758 2774 lenis
786 2720 816 2774 et
839 2721 921 2775 veste
948 2713 1048 2774 tineas
1081 2727 1179 2796 creat,

148 2801 308 2878 praecipue
328 2801 354 2860 si
373 2818 499 2861 araneus
518 2819 578 2862 una
595 2800 774 2863 includatur.
812 2805 875 2864 sitit
893 2803 973 2864 enim
991 2810 1025 2864 et
1049 2821 1178 2866 omnem

147 2903 285 2948 umorem
308 2886 471 2950 absorbens
495 2891 663 2952 ariditatem
687 2891 814 2971 ampliat.
860 2891 916 2953 hoe
945 2893 1033 2952 etin
1055 2892 1177 2956 chartis

220 3075 314 3158 iinde
328 3095 353 3133 e.
371 3077 455 3134 imbri
466 3097 491 3136 r.
554 3081 702 3136 3eliado.
723 3081 827 3138 alins.
846 3087 942 3138 omli.
1008 3083 1177 3140 sexenium

145 3147 191 3203 2².
211 3165 299 3204 ome.
372 3155 469 3206 deese
487 3169 511 3206 o.
535 3168 582 3208 ese
595 3152 640 3209 12².
664 3169 767 3209 esser.
840 3159 875 3208 14
892 3152 1064 3214 animalium
1082 3172 1107 3210 o.
1134 3157 1175 3210 -nl

145 3219 176 3274 id
194 3219 222 3274 ll.
314 3225 347 3275 15
371 3229 554 3278 rursus-16
573 3225 746 3294 petauristas
769 3241 819 3280 om.
838 3231 870 3280 R.
907 3225 1009 3286 addita
1028 3233 1118 3284 crant
1144 3231 1175 3282 in

145 3292 278 3372 morpioe,
295 3293 342 3347 sed
355 3294 501 3374 peplorum
513 3301 626 3363 praeter
643 3297 835 3357 altimontis.
913 3302 946 3351 15
965 3313 983 3352 e
1001 3297 1093 3352 radiis
1110 3301 1175 3354 eod.

144 3361 210 3416 Dal.
239 3361 328 3444 3d1n.
359 3363 418 3418 -dro
436 3363 553 3420 eHord.
582 3367 654 3421 oridi
673 3367 747 3438 (soli)
766 3369 925 3424 decidente
934 3367 1031 3424 Hard.
1139 3379 1174 3424 to

144 3433 314 3498 petauristas
332 3433 425 3489 Hard.
454 3434 598 3490 -risierum
615 3438 703 3494 Borb.
731 3439 782 3496 ·ris
801 3441 828 3496 ll.
914 3445 949 3498 19
968 3441 1102 3511 sangnini
1121 3447 1173 3494 dr.

144 3517 191 3553 -ne
209 3518 231 3555 r.
322 3509 357 3558 20
376 3521 441 3560 cum
459 3511 504 3560 do.
533 3509 580 3562 cui
596 3525 620 3564 r.
710 3517 743 3568 21
763 3529 974 3581 nonnumquam
991 3513 1066 3568 coni.
1086 3511 1171 3568 Pint.

214 3577 248 3622 23
268 3589 283 3624 e
301 3573 373 3628 mira
390 3582 442 3630 nu.
475 3579 607 3633 estmira
625 3582 764 3640 cddoute
778 3583 870 3642 Hord.
961 3589 994 3640 27
1015 3587 1122 3653 queant
1144 3589 1170 3638 d.

143 3641 206 3690 -uut
223 3656 267 3694 ro.
340 3651 374 3698 29
394 3647 454 3701 sitit
471 3664 496 3702 o.
526 3648 620 3704 sititur
638 3653 666 3706 ll.
724 3659 727 3663 '
930 3654 941 3664 ⁵
