2572 3936
359 195 443 250 Nou.
462 193 555 249 Htsr.
575 195 738 252 1x1e-1r
758 198 890 266 (ιι-ιι),
1067 197 1128 262 127

115 345 212 406 tilium
235 345 345 406 silanus
374 343 524 406 caniculae
548 352 656 406 exortu
679 346 836 428 sideratur,
864 355 895 408 et
917 347 988 408 alias
1012 366 1130 428 semper
1153 405 1155 410 ,

114 434 232 514 fulgure
256 436 379 514 sopitur.
422 433 480 494 hoe
504 441 534 494 et
556 437 588 494 in
612 437 686 495 mari
709 436 844 496 accidere
869 439 991 517 cyprino
1014 444 1129 517 putant.

114 532 145 584 et
168 523 277 629 alioqui
299 531 396 584 totum
419 541 500 584 mare
529 525 620 584 sentit
647 533 784 586 exortum
813 528 876 586 eius
900 525 1020 608 sideris,
1050 525 1130 605 quod

114 615 240 674 maxime
267 615 299 674 in
322 613 456 718 Bosporo
480 621 610 718 apparet.
657 613 720 694 alga
743 617 822 675 enim
851 623 881 676 et
903 617 1001 713 pisces
1025 633 1128 695 super·

85 703 262 786 ⁵,ieruntur
285 705 441 782 omniaque
466 701 533 762 ab*
524 721 585 762 rmo
608 721 701 764 versa.

184 785 241 855 lt.
252 751 340 876 (26)
363 790 507 871 Mugilum
524 799 631 854 natura
654 793 732 854 ridet
719 801 769 854 tur
792 795 824 854 in
842 802 904 855 met
904 813 925 855 ιι
944 796 1039 874 capite
1064 793 1128 854 abs·
1148 800 1185 850 ιι

115 881 234 942 condito
257 888 337 943 totos
356 899 388 942 se
408 881 552 942 occultari
573 881 768 943 credentium.
808 883 915 944 iisdem
933 890 994 944 tam
1012 885 1130 944 incauta

114 970 253 1032 salacitas
276 977 311 1031 ut
333 972 364 1030 in
382 969 532 1038 Phoenice
550 973 613 1032 “et
604 989 636 1031 ru
654 969 840 1032 Narbonensi
862 972 1015 1052 provincia
1033 975 1130 1033 coitus

115 1069 249 1139 tempore
273 1079 290 1121 e
308 1061 427 1120 vivariis
445 1077 558 1120 marem
580 1059 658 1120 linea
678 1059 839 1139 longinqua
861 1079 916 1140 per
935 1079 969 1121 os
988 1062 1024 1122 ad
1042 1061 1129 1122 bran·

72 1161 100 1202 10
114 1149 196 1210 chias
219 1148 342 1229 religata
365 1151 508 1210 emissum
530 1151 562 1209 in
585 1167 666 1210 mare
691 1149 853 1228 eademque
871 1149 949 1210 linea
967 1158 1131 1212 retractum

114 1239 246 1317 feminae
265 1245 428 1318 sequantur
451 1238 487 1298 ad
505 1238 576 1299 litus
599 1256 766 1318 rursusque
785 1239 925 1300 feminam
948 1257 1045 1300 mares
1063 1258 1129 1320 par-

114 1335 164 1388 tus
186 1336 329 1408 tempore.

182 1411 256 1499 (27)
287 1417 373 1498 Apud
396 1419 534 1498 antiquos
557 1419 685 1498 piscium
713 1416 916 1480 nobilissimus
938 1417 1057 1479 habitus
1082 1437 1128 1479 ae·
1148 1426 1184 1476 60
1282 1421 1283 1428 ’

114 1509 261 1588 ripenser‚
284 1525 363 1568 unus
382 1509 515 1568 omnium
534 1508 665 1611 squamis
685 1506 721 1567 ad
740 1525 773 1568 os
792 1507 895 1589 versis,
919 1515 1130 1587 contraquam

74 1607 101 1648 15
115 1599 146 1656 in
169 1596 267 1657 nando
291 1603 400 1678 meant,
421 1595 504 1657 nullo
527 1613 608 1658 nunc
631 1598 662 1656 in
685 1595 870 1656 honoret
824 1603 870 1657 est
873 1595 986 1678 ‚quod
1010 1596 1130 1675 quidem

114 1688 216 1768 miror,
236 1705 305 1747 cum
323 1687 362 1747 sit
380 1704 467 1746 rarus
485 1687 617 1746 inventu.
654 1685 774 1764 quidam
793 1675 862 1746 enm
882 1685 997 1766 elopem
1015 1693 1129 1747 vocant

182 1735 256 1858 (28)
288 1773 396 1837 Postea
422 1777 614 1856 praecipuam
641 1777 848 1836 auctoritatem
877 1775 970 1836 luisse
1001 1775 1180 1855 lupoete1

116 1864 214 1926 asellis
240 1863 358 1945 Nepos
382 1864 574 1926 Cornelius
597 1871 628 1925 et
650 1862 827 1924 Laberius
853 1871 943 1944 poeta
970 1865 1130 1926 mimorum

116 1953 273 2016 tradidere.
341 1953 482 2035 luporum
513 1953 708 2016 laudatissimi
740 1955 792 2032 qui
824 1951 1011 2033 appellantur
1041 1953 1131 2014 lanati

75 2057 132 2104 roa
155 2042 287 2108 candore
306 2043 489 2124 mollitiaque
512 2045 619 2105 earnis,
665 2042 824 2104 asellorum
848 2043 906 2104 duo
930 2060 1048 2124 genera,
1071 2042 1130 2104 col-

115 2133 174 2212 lyri
195 2137 327 2195 minores
357 2141 387 2195 et
414 2133 530 2216 bacchi,
561 2131 613 2213 qui
640 2151 701 2193 non
729 2133 787 2193 nisi
813 2133 844 2192 in
873 2131 931 2192 alto
962 2133 1130 2213 capiuntur,

115 2223 181 2284 ideo
204 2222 328 2304 praelati
352 2223 511 2302 prioribus.
557 2230 588 2284 at
614 2224 646 2282 in
669 2221 747 2302 lupis
776 2223 807 2281 in
831 2239 916 2282 amne
940 2224 1018 2302 eapti
1044 2235 1128 2302 prae·

17 2317 24 2378 j
116 2314 261 2374 leruntur.

184 2396 257 2484 (29)
280 2400 367 2461 Nunc
389 2403 574 2481 principatus
597 2418 683 2462 scaro
702 2401 798 2482 datur,
822 2402 874 2480 qui
897 2400 978 2460 solus
1001 2401 1129 2479 piscium
1148 2415 1181 2466 62

75 2491 225 2552 esdrelon
248 2492 399 2551 ruminare
422 2488 583 2569 herbisque
602 2492 683 2550 vesci
704 2497 793 2569 atque
817 2507 878 2550 non
901 2489 965 2550 aliis
987 2487 1129 2572 piscibus,

116 2579 273 2660 Carpathio
297 2581 423 2640 maxime
446 2581 521 2640 mari
544 2579 695 2658 frequens.
739 2580 982 2658 promunturium
1005 2577 1130 2638 Troadis

115 2669 239 2750 Lectum
268 2687 432 2748 numquam
460 2674 565 2748 sponte
593 2669 709 2728 transit.
754 2667 823 2728 inde
847 2667 985 2728 advectos
1002 2665 1129 2726 ‘Tiberio

116 2759 237 2822 Claudio
256 2761 391 2840 principe
416 2757 543 2838 Optatus
566 2777 582 2818 e
603 2756 720 2818 libertis
747 2759 811 2818 eius
834 2756 1003 2836 praelectus
1027 2754 1129 2834 classis

115 2852 193 2910 inter
217 2847 386 2910 Ostiensem
414 2855 444 2908 et
467 2845 642 2926 Campaniae
666 2864 749 2907 oram
772 2863 891 2925 sparsos
919 2841 1130 2926 disseminavit,

76 2951 103 2992 ³⁰
117 2941 322 3020 quinquennio
344 2939 406 2998 lere
428 2955 499 2998 cura
522 2935 652 2998 adhibita
675 2943 710 2998 ut
728 2936 806 3018 capti
829 2934 1028 2996 redderentur
1046 2936 1129 2996 mari.
1149 2951 1181 3001 ea

115 3070 328 3081 ...-.-.—-.

186 3128 363 3199 «lbosphoro
381 3134 413 3182 Β.
482 3125 656 3194 bomniali.
724 3126 817 3182 itam
834 3124 944 3180 intanta
961 3125 1005 3179 11¹.
1033 3127 1130 3180 tamen

115 3199 237 3253 tantae.
310 3199 478 3255 audacitas
496 3199 535 3254 ed.
554 3198 623 3253 Bas.
647 3197 867 3265 efr.Arieth..a
883 3199 965 3280 Vdp.
976 3196 1076 3262 551A,
1084 3199 1128 3251 19.

115 3269 237 3325 facilitas
251 3271 279 3326 ll.
309 3272 314 3339 l
342 3271 399 3326 ιιιΙ
391 3289 421 3326 m
439 3270 476 3324 ⁸⁹
508 3271 580 3324 uir.
607 3269 834 3340 lphoenicoec.
860 3269 864 3338 Ι
889 3268 943 3322 et
934 3285 965 3322 m
983 3267 1020 3322 ei.
1057 3268 1129 3322 eid.

115 3341 170 3396 et
161 3358 213 3397 ιι
286 3336 470 3398 9branchias
496 3357 521 3396 ιι
552 3340 670 3396 brechio
695 3339 740 3394 12².
768 3339 894 3395 braniics
920 3337 996 3392 Μ’.
1024 3338 1129 3393 renhies

114 3413 246 3468 lt1i¹ii¹d
274 3413 399 3468 draniias
417 3415 455 3468 ι’.
534 3417 568 3467 15
586 3414 664 3466 meat
682 3411 766 3466 Soloe.
849 3416 883 3466 20
902 3409 1044 3492 collyrio.
1073 3410 1129 3465 cal-

114 3485 161 3542 liri
174 3490 205 3540 e.
226 3484 293 3541 coll·
312 3502 335 3539 r.
391 3491 423 3539 21
442 3483 586 3540 bacchio.
610 3483 708 3538 brachi
726 3483 754 3538 ll.
802 3488 838 3537 24
856 3482 939 3536 datur
956 3481 1130 3552 principebus

115 3575 195 3614 scoto
213 3563 245 3612 R.
358 3561 392 3612 ιι
417 3559 501 3625 atque
523 3570 574 3610 orn.
597 3558 650 3610 nd.
762 3559 797 3608 28
817 3571 832 3610 e
850 3553 959 3609 libertis
978 3553 1037 3609 eius
1059 3554 1129 3608 coni.

115 3630 173 3686 θεῖ.
193 3628 338 3686 elibertina
351 3634 383 3682 lt.
412 3625 557 3698 elipertius
570 3642 592 3682 r.
702 3631 736 3680 30
751 3641 818 3681 euro
836 3630 861 3680 ιι.
894 3641 959 3681 cure
972 3630 1004 3680 lt.
1033 3641 1092 3682 -rae
1105 3642 1126 3680 n

115 3719 159 3756 -re
177 3704 256 3758 estc.
