2308 3936
205 217 445 267 muu.111su.11.
468 215 622 272 rol-lot.
639 207 825 286 (104-106.)
987 211 1046 275 117

69 373 160 438 insulas
174 380 201 432 et
210 371 336 434 Aradum
350 381 381 432 et
395 373 424 432 im
442 370 581 437 Gaditano
598 391 720 435 oceano.
747 374 948 438 Patavinorum
963 380 1045 458 aquia

69 458 152 521 calidis
166 456 270 526 herbae
284 458 414 520 vlrentes
429 458 624 534 innascuntur,
640 458 808 522 Pisanorum
823 478 922 536 ranae,
938 461 975 523 ad
987 461 1044 522 Ve-

67 543 174 603 tulouios
195 543 222 600 iu
243 537 358 604 Etruria
379 559 437 602 nou
456 543 561 620 procul
583 563 599 604 a
622 544 692 604 mari
715 545 824 622 pisces.
855 545 887 607 lu
909 542 1044 608 Casinate

67 627 152 688 durius
166 625 328 704 appellatur
343 625 494 702 Scatebra,
511 626 644 704 frIgidus,
662 626 853 692 abundantior
868 637 990 693 actuale.
1017 632 1045 693 ia

49 730 96 774 seo
113 719 138 769 ut
157 711 184 767 in
206 709 351 772 Arcadiae
374 710 534 788 Stymphali
561 721 716 776 nascuntur
742 713 884 792 aquatiles
911 714 1043 776 musculi.

64 795 210 856 uhodone
227 791 307 854 Iovis
323 794 389 856 lons
407 812 470 857 cum
482 795 520 856 sit
536 795 651 873 gelidus
669 803 698 856 et
720 797 860 859 inmersas
885 803 1024 864 lacesex·
1035 809 1086 864 aas

63 879 169 954 tinguat,
201 877 228 938 si
255 879 406 940 extinctae
423 880 646 956 admoveantur,
663 881 806 942 accendit.
836 882 913 944 idem
924 883 1044 945 meridie

63 981 161 1042 semper
175 967 291 1038 nehem,
308 981 364 1042 qua
380 963 417 1024 de
432 981 521 1027 causa
536 953 764 1042 ἀναπαυόμενον
777 976 893 1028 vocant.
919 983 988 1030 mox
1004 968 1044 1028 ln·

63 1065 182 1109 crescens
205 1047 254 1116 ad.
269 1048 392 1109 medinm
413 1049 508 1118 noctis
532 1048 689 1124 armarat,
716 1049 752 1114 ab
769 1067 806 1112 eo
821 1069 921 1112 rursus
937 1052 1044 1122 sensim

38 1132 151 1192 sodalicii.
182 1129 215 1190 Ia
234 1128 362 1208 Illyricis
382 1150 471 1212 supra
491 1133 602 1202 iontem
622 1133 755 1210 frigidum
770 1153 920 1214 expansae
944 1144 1044 1194 uestes

60 1216 247 1277 accenduntur.
280 1214 359 1284 Iovis
373 1215 538 1278 Hammonis
553 1226 685 1295 stagnum
701 1219 826 1280 interdiu
843 1219 977 1297 fulgidum
993 1236 1043 1278 no·

60 1299 136 1360 atlhus
152 1299 259 1360 ferret.
290 1299 322 1360 In
340 1299 517 1379 Trogodytis
537 1301 602 1362 fons
623 1302 702 1364 Solis
715 1303 883 1380 appellatur
906 1303 1045 1364 dulciret

59 1385 123 1444 cuca
136 1385 285 1444 meridiem
300 1386 422 1449 maxime
440 1385 572 1463 frigidus.
594 1403 664 1449 mox
681 1387 817 1466 paulatim
832 1396 991 1466 tepescens
1009 1387 1045 1448 ad

58 1469 135 1533 nuche
156 1468 253 1530 media
276 1467 393 1530 fervore
414 1479 446 1542 et
466 1471 653 1539 amaritudine
674 1471 833 1542 infestatur.
864 1471 933 1532 Padi
956 1471 1086 1536 tonsam

34 1553 144 1612 remediis
159 1553 264 1618 diebus
281 1555 400 1620 aestivis
422 1555 502 1625 velut
519 1556 750 1635 interquiescens
771 1573 889 1635 semper
910 1565 983 1616 aret.
1016 1557 1044 1614 in

58 1632 161 1698 Tenedo
174 1637 273 1713 *insula
287 1637 352 1698 lons
366 1656 485 1718 semper
500 1658 516 1700 a
535 1641 620 1706 tertia
635 1641 730 1702 noctis
744 1641 817 1702 hora
835 1643 864 1702 in
879 1651 991 1702 sextam
1008 1639 1043 1698 ah

57 1723 153 1782 aestivo
166 1719 294 1784 solstitio
311 1723 447 1801 exundat,
463 1732 493 1784 et
508 1724 536 1792 in
547 1723 624 1784 Delo
637 1724 729 1788 insula
740 1723 846 1803 Inopus
862 1725 927 1786 lons
939 1723 1044 1784 eodem

57 1823 103 1884 quo
113 1804 193 1866 Nilus
204 1805 292 1867 modo
305 1825 340 1876 aa
351 1809 460 1886 pariter
476 1826 539 1876 cum
551 1825 587 1868 eo
604 1808 750 1875 decrescit
782 1815 954 1885 augeturve.
965 1878 966 1881 Ἴ
977 1824 1043 1868 con·

56 1899 90 1948 tra
106 1889 251 1952 Timavum
274 1909 386 1960 amnem
400 1891 493 1960 insula
513 1911 603 1971 parra
625 1893 654 1954 in
674 1895 744 1954 mari
763 1903 808 1954 est
832 1911 897 1956 cum
916 1891 1045 1954 lontibus

34 1973 153 2049 adelidis,
170 1977 220 2054 qui
235 1977 344 2056 pariter
356 1995 420 2040 cum
432 1985 514 2040 aestu
526 1978 613 2040 maris
626 1979 997 2057 crescuntmInuunturque.
1015 1977 1044 2038 iu

57 2076 114 2134 agro
125 2057 248 2129 Pitinate
261 2068 339 2123 trans
353 2060 556 2140 Appenninum
570 2061 673 2122 fluuius
686 2062 822 2124 Nouanus
839 2059 971 2130 omnibus
984 2060 1041 2119 sol-

56 2144 126 2202 stitiis
146 2151 264 2204 torrens
280 2143 381 2206 bruma
399 2147 534 2209 siccatur.
565 2145 597 2208 In
619 2145 735 2210 Falisco
753 2149 845 2208 omnis
861 2163 935 2224 aqua
952 2154 1021 2224 pota
1032 2151 1085 2208 230

56 2227 178 2288 candidos
200 2225 295 2298 boues
316 2229 394 2294 facit.
424 2231 452 2290 in
473 2230 595 2293 Boeotia
619 2233 708 2298 amnia
730 2230 823 2295 lIelas
847 2248 918 2294 oves
933 2231 1042 2306 nigras,

56 2307 185 2390 Cephisus
202 2331 241 2372 ex
257 2313 362 2374 eodem
383 2314 449 2374 lacu
467 2313 615 2392 profluens
633 2314 730 2390 albas,
755 2333 855 2376 rursus
877 2316 975 2392 ulgras
990 2313 1042 2374 Pe-

33 2395 120 2471 resius,
137 2397 275 2476 rufasque
291 2398 369 2466 iurata
385 2397 467 2460 Ilium
482 2397 622 2475 Xanthus,
638 2399 714 2464 unde
733 2407 762 2460 et
776 2415 880 2461 nomen
896 2400 978 2460 amni.
1012 2395 1044 2456 Iu

55 2478 130 2540 Ponto
152 2481 257 2542 lluvius
273 2479 398 2545 Astaces
423 2483 498 2560 rIgat
521 2499 639 2561 campos
661 2483 689 2544 io
712 2483 815 2563 quibus
839 2493 941 2561 pastae
959 2482 1042 2557 nigro

55 2563 116 2623 lacte
131 2583 225 2644 equae
242 2573 360 2644 gentem
376 2566 463 2631 alunt.
495 2566 527 2628 Iu
542 2566 664 2634 Reatino
681 2567 746 2634 lons
761 2566 893 2629 Neminie
913 2563 1042 2644 appella·

55 2656 89 2706 tus
102 2648 156 2710 alio
174 2659 264 2730 atque
287 2650 344 2720 alio
363 2649 430 2711 loco
454 2653 585 2718 exoritur
604 2667 735 2713 aurorae
753 2653 939 2716 mutationem
955 2648 1042 2724 signi·

56 2731 137 2792 hears.
166 2733 304 2802 Brundisi
319 2735 348 2794 iu
363 2744 449 2817 portu
464 2735 529 2804 fons
547 2736 730 2814 incorruptas
744 2743 873 2814 praestat
889 2751 979 2812 aquas
993 2748 1042 2790 na·

34 2817 211 2893 erigentibus,
243 2817 396 2894 Lyncestis
418 2838 491 2899 aqua
511 2838 584 2900 quaa
608 2829 729 2888 vocatur
749 2819 861 2888 acidula
881 2818 939 2878 vini
955 2815 1041 2878 modo

56 2902 213 2962 temulentos
228 2902 309 2964 lacit.
326 2903 395 2964 item
407 2905 435 2962 in
447 2903 643 2984 Paphlagonia
657 2913 686 2969 et
696 2906 724 2970 tn
736 2921 807 2982 agro
821 2901 941 2970 Caleno.
964 2900 1022 2962 An·
1033 2909 1084 2967 231

57 2983 94 3044 iro
110 2987 136 3046 in
156 2987 269 3063 insula,
296 2987 407 3066 templo
424 2987 520 3048 hiberi
543 2989 650 3066 patris,
674 2987 783 3048 fontem
804 2989 887 3047 nonis
904 2987 1042 3048 Ianuariis

57 3085 154 3148 semper
175 3071 236 3132 vini
262 3089 369 3148 sapore
387 3071 479 3132 fluere
495 3071 644 3133 Mucianus
665 3081 710 3132 ter
732 3072 833 3132 consul
850 3073 951 3132 credit.
980 3071 1043 3130 dies

54 3150 194 3218 Θεοδαισία
206 3163 340 3222 uocatur.
354 3155 435 3222 luxta
449 3153 604 3224 Nonacrim
616 3158 644 3216 in
655 3155 780 3216 Arcadia
793 3157 866 3232 Styx
878 3174 934 3216 nec
950 3155 1042 3214 odore

35 3235 173 3300 ediderens
189 3258 249 3300 nec
265 3241 368 3300 colore
384 3250 470 3322 epota
495 3239 564 3300 ilico
583 3249 677 3301 necat.
693 3242 761 3301 item
775 3242 803 3300 in
814 3239 956 3302 Liberoso
970 3238 1042 3298 Tau·

58 3337 133 3384 rorum
149 3325 228 3386 colle
249 3333 310 3386 tres
327 3324 422 3386 fontes
439 3327 501 3386 sine
517 3326 664 3402 remedio,
691 3327 752 3386 sine
769 3324 872 3386 dolore
890 3322 1041 3385 mortiferi.

58 3402 79 3462 ln
97 3405 260 3470 Carrinensi
276 3409 431 3488 Hispaniae
451 3428 523 3488 agro
546 3410 602 3470 duo
623 3409 720 3470 fontes
741 3409 819 3470 iuxta
842 3409 946 3484 fluunt,
969 3405 1043 3465 alter
1128 3456 1130 3460 ,

58 3493 132 3554 annia
145 3512 304 3574 respuens,
324 3493 398 3554 alter
413 3494 584 3556 absorbens.
609 3494 638 3554 in
653 3495 754 3554 eadem
770 3504 858 3571 gente
875 3494 946 3553 alius
962 3489 1043 3552 aurei
