2286 3938
125 210 188 282 236
477 229 507 279 o.
524 229 620 277 rnrnr
638 225 788 279 seconnr

128 397 211 464 etae,
234 385 402 465 Zarangae,
425 383 565 460 Gedrosi,
589 385 696 464 oppida
717 381 869 461 Peucolis,
890 381 1066 462 Lyphorta,
1088 377 1139 470 lte

127 472 262 550 thargum
283 472 417 548 deserta,
440 472 531 531 amnis
552 469 679 546 Manais,
710 468 814 528 Acutri
838 485 930 546 gens,
957 467 1070 528 {lumen
1093 465 1139 525 llo*

128 575 206 632 rum,
228 575 302 635 gens
318 555 406 630 orbi,
430 553 535 615 damen
554 553 720 632 navigabile
740 552 884 614 Pomanus
899 551 1065 612 Pandarum
1090 551 1139 610 iim·

128 641 200 718 bns,
231 644 300 701 item
332 639 454 700 Gabinus
485 641 641 700 Suarornm
672 639 750 699 ostio
780 646 971 717 portuosum,
1010 636 1140 878 oppidu]

1124 741 1136 778 Ιι

129 722 363 803 Condigramma,
392 724 497 784 llomen
522 721 650 802 Cophes.
681 723 804 784 inlinunt
824 724 853 783 irr
881 734 946 782 eum
967 719 1121 800 navigabil

76 817 111 870 95
128 809 290 886 Saddaros,
305 808 464 888 Parospus,
481 808 632 869 Sodamus.
655 807 782 868 Arianae
797 816 908 887 partem
923 825 993 867 esse
1008 799 1134 866 Darrhin

129 893 179 954 tim
200 893 289 971 aliqui
306 893 426 968 volunt,
447 911 667 972 mensuransque
690 894 817 972 produnt
841 892 995 969 utriusque
1017 890 1140 969 longitni

130 978 225 1040 dinem
242 979 355 1060 ιῑιῇιῖι
370 976 392 1037 h
406 975 436 1038 li
450 995 540 1057 pass,
566 977 746 1038 latitudinem
761 975 878 1038 dimidio
899 977 1047 1036 minorem
1072 993 1140 1054 qnan

128 1061 236 1124 Indiae.
271 1062 320 1122 alii
341 1061 491 1123 Gedrusos
512 1071 541 1122 et
564 1061 646 1122 Sires
666 1079 796 1140 posuere
816 1079 871 1141 per
887 1056 1079 1120 CXXXVIII
1098 1062 1138 1120 nrii

129 1163 281 1226 passuum,
302 1163 371 1208 mox
392 1146 628 1224 Ichthyophagos
653 1143 750 1206 Oritas
770 1147 906 1226 propria,
930 1162 991 1206 non
1010 1143 1125 1206 Indoro

4 1239 7 1244 '
129 1231 227 1310 liogua
242 1232 398 1311 loquentes
412 1249 467 1311 per
480 1229 528 1290 CO
542 1231 600 1290 mil.
616 1249 760 1310 passuum.
785 1227 1031 1309 ichthyophagos
1051 1247 1137 1289 omne

129 1315 300 1377 Alexander
314 1319 406 1376 vetuit
421 1316 552 1395 piscibus
570 1317 683 1378 vivere.
718 1315 822 1376 deiode
840 1329 966 1395 posuere
988 1313 1141 1375 Arbiorum

130 1409 248 1478 gentem
268 1419 322 1479 per
344 1399 392 1460 CO
406 1401 464 1460 mll.
487 1418 566 1480 pass.
597 1399 672 1460 ultra
692 1399 826 1478 deserta,
850 1399 917 1462 dein
940 1395 1107 1459 GarmanIa
1124 1417 1141 1458 a

129 1483 231 1544 Persis
244 1494 331 1563 atque
347 1484 466 1546 Arabia.

78 1577 113 1632 96
193 1565 278 1648 (26.)
310 1569 368 1628 Sed
390 1571 556 1650 priusquam
581 1571 745 1648 generatim
774 1569 847 1630 haec
871 1585 1098 1648 persequamur
1118 1571 1140 1628 ir

131 1654 220 1714 dicari
237 1655 375 1713 convenit
390 1669 465 1731 quae
486 1654 584 1732 prodit
600 1653 782 1715 Onesicritus
800 1653 896 1731 classe
913 1651 1089 1713 Alexandri
1106 1656 1130 1713 ei

131 1746 298 1798 cumvectus
316 1739 346 1797 in
356 1737 569 1798 mediterranea
580 1738 709 1800 Persidis
720 1757 759 1800 ex
771 1738 868 1815 lndia,
884 1747 1000 1798 narrata
1014 1741 1142 1816 prordm

131 1841 148 1884 a
163 1821 251 1899 luha,
267 1819 372 1882 deinde
384 1837 447 1882 eam
459 1824 672 1900 navigationem
684 1841 759 1902 quae
771 1823 816 1882 his
831 1824 912 1883 annis
927 1831 1084 1900 conperta
1099 1841 1142 1882 ser

131 1916 216 1968 vatur
231 1905 326 1969 hodie.
358 1905 512 1967 Onesicriti
529 1906 697 1967 etNaarchi
720 1907 867 1986 navIgatio
885 1924 939 1966 neo
959 1907 1090 1968 nomina
1113 1907 1141 1966 hu

131 1991 184 2052 bet
201 1993 380 2050 mansionum
395 2007 451 2052 nec
466 1992 575 2070 spatia,
596 1992 775 2071 primumque
792 1989 980 2072 Xylinepolis
1003 1991 1045 2051 ab
1066 1991 1136 2051 Ale.

133 2073 224 2134 andro
239 2074 371 2154 condita,
394 2074 470 2134 unde
485 2085 627 2154 ceperunt
646 2077 814 2152 exordium,
838 2078 917 2136 iuxta
939 2075 1021 2154 qnod
1048 2076 1140 2136 hume

81 2165 114 2217 97
133 2165 182 2218 aut
197 2157 246 2218 sbi
267 2158 356 2218 luerit
374 2177 432 2219 non
456 2161 526 2220 satis
547 2160 729 2240 explanatur.
765 2159 845 2220 llaec
867 2169 961 2220 tamen
985 2161 1085 2238 digna
1102 2179 1143 2220 ma

132 2250 245 2302 moratu
266 2242 442 2322 produntur:
471 2243 562 2304 Arbis
593 2245 730 2324 oppidum
752 2263 768 2305 ιι
793 2244 928 2305 Nearcho
948 2244 1111 2305 conditum
1135 2250 1140 2304 i

132 2328 319 2404 navigatione
341 2336 371 2388 et
398 2327 503 2388 lumen
528 2329 630 2388 Arbim
657 2329 770 2389 navium
794 2339 902 2408 capax,
925 2335 1032 2390 'contra
1062 2331 1143 2391 insu

133 2409 242 2470 distans
265 2409 344 2472 LXX
370 2413 476 2490 stadia,
507 2412 684 2473 Alexandria
707 2413 824 2474 condita
849 2428 865 2473 a
889 2411 1049 2474 Leonnato
1078 2417 1140 2474 ius.

132 2491 293 2556 Alexandri
309 2497 338 2556 in
356 2497 460 2556 finibus
475 2499 589 2575 gentis,
614 2498 771 2575 Argenuus
787 2505 874 2576 portu
889 2497 1018 2574 salobrI,
1047 2498 1138 2558 llum

133 2579 299 2651 Tonberum
317 2579 499 2659 navigabile,
519 2585 597 2642 circa
619 2581 696 2660 quod
717 2581 845 2643 Porinas.
883 2581 989 2642 deinde
1009 2581 1141 2660 tehrhyr

133 2665 220 2745 phagi
245 2674 302 2726 tanr
323 2665 412 2744 longo
438 2674 531 2726 tractu
555 2675 585 2726 ut
604 2663 689 2727 XXX
703 2665 815 2726 dierum
837 2669 933 2746 spatio
954 2671 1127 2744 praenavi

131 2752 244 2826 veriat,
269 2749 362 2810 insula
386 2767 460 2829 quae
487 2749 565 2810 Solis
588 2751 752 2830 appellatur
773 2759 806 2811 et
829 2750 929 2812 eadem
949 2749 1143 2831 Nympharo

132 2834 246 2912 cubile,
268 2833 392 2911 rubens,
415 2836 444 2894 iu
460 2851 515 2912 qna
530 2835 637 2894 nullum
656 2853 714 2896 non
732 2833 836 2896 anImal
852 2835 1011 2895 absumitur
1024 2837 1136 2898 iecert

77 2919 116 2978 ’98
131 2919 235 2978 causis.
274 2918 324 2978 Ori
345 2937 437 2996 gens,
459 2919 564 2980 llumen
583 2917 752 2981 Carmaniae
772 2919 911 2995 llyotanis
928 2928 1116 2999 portuosum

133 3019 204 3062 auro
230 3001 338 3063 iertile.
383 3003 418 3063 ab
445 3021 483 3062 eo
509 3005 630 3082 primurn
656 3007 876 3083 septentriones
901 3006 1083 3083 apparuisse
1116 3025 1143 3066 a

133 3093 292 3164 notavere,
313 3095 457 3147 arcturum
476 3106 571 3166 neque
593 3089 724 3148 omnibus
745 3091 825 3149 cerni
843 3088 980 3148 noctibus
1005 3107 1067 3150 nec
1087 3101 1137 3152 tot

132 3187 273 3250 umquam.
303 3170 533 3232 Achaemenides
554 3189 648 3251 nsque
669 3173 720 3232 illo
744 3175 884 3234 tenuisse.
921 3175 1000 3236 aeris
1022 3183 1059 3234 et
1084 3177 1141 3236 ier

132 3253 249 3315 metalla
261 3263 291 3314 et
303 3255 446 3316 arrhenici
459 3273 494 3316 ac
506 3257 573 3316 mini
586 3258 731 3319 exerceri.
753 3257 824 3318 lude
838 3259 1073 3336 promuntorium
1085 3259 1136 3319 Ca

132 3341 242 3400 maniae
259 3349 319 3416 est,
348 3358 383 3400 ex
408 3359 465 3420 quo
487 3342 516 3400 in
544 3342 694 3402 adversam
719 3361 798 3402 oram
819 3343 855 3403 ad
878 3351 997 3421 gentem
1018 3344 1139 3404 Arabia

131 3422 229 3486 lilaoas
252 3426 391 3484 traiectus
415 3427 502 3485 distat
527 3425 555 3484 V
575 3425 604 3484 II
624 3445 767 3505 passuum.
810 3428 922 3488 insulae
944 3426 1002 3504 Ill,
1029 3445 1137 3506 quarn

41 3527 45 3538 ·
132 3506 235 3569 Oracla
254 3518 360 3570 tantum
372 3509 517 3570 habitator
531 3529 641 3590 aquosa
653 3529 669 3572 a
685 3513 853 3572 continente
866 3509 987 3572 XXVII
1001 3529 1134 3590 passuur
