2408 3934
170 225 232 290 140
512 241 543 294 c.
565 241 661 290 annm
683 239 833 290 saeorum

126 401 159 454 85
173 393 294 467 Quidam
309 395 378 458 baut
393 395 495 476 procul
516 397 552 458 ab
574 414 609 458 ea
630 404 661 458 et
677 395 813 458 Berclida
829 403 941 476 ponunt
967 403 998 458 et
1013 391 1132 454 Callode
1144 401 1164 453 et

169 498 252 560 qnam
267 489 373 543 vocant
388 481 481 543 Heras
498 481 583 542 lutra.
601 481 787 542 celeberrimi
803 482 833 540 in
849 499 884 542 ea
901 479 1080 560 populorum
1093 476 1164 538 Ilien-

168 565 370 730 traditi:
386 563 829 728 itlntltlttltllh
839 561 1164 724 illtltnlltttt

168 752 291 812 renses,
308 735 424 796 colonia
439 743 535 796 autern
551 753 606 796 nna
622 752 697 814 quac
711 743 833 794 vocatur
851 733 887 796 ad
903 729 1182 794 turrembibisonis.t

170 818 334 878 Sardiniam
351 821 443 898 ipsam
461 818 595 880 Timaeus
621 818 809 880 sandaliotim
829 817 992 898 appellarit
1017 816 1055 876 ab
1080 815 1163 890 eifigie

170 901 281 980 soleae,
292 901 429 981 Myrsilus
443 903 594 965 Ichnusam
610 922 627 965 a
644 902 830 964 similitudine
842 903 961 980 uestigi.
987 898 1098 961 Contra
1108 898 1164 959 Pae·

170 995 282 1046 stanum
302 990 394 1048 sinum
415 987 556 1050 bencasia
580 997 626 1049 est
652 1005 669 1048 a
689 987 793 1049 Sirene
816 987 857 1048 ibi
884 984 1003 1064 sepulta
1024 983 1162 1062 appellata,

170 1078 271 1132 contra
286 1071 400 1134 Veliam
414 1071 519 1134 Pontia
538 1081 568 1134 et
583 1071 693 1150 Isacia,
714 1079 855 1151 ulnaeque
871 1089 930 1131 uno
947 1071 1067 1130 nornine
1085 1067 1164 1128 Ceno·

119 1157 121 1162 ’
170 1155 278 1233 trides,
296 1165 495 1235 argumentum
516 1175 675 1237 possessae
696 1155 732 1216 ab
749 1154 899 1217 Oenotriis
920 1153 1035 1216 ltaliae.
1080 1159 1184 1214 oontrnn

170 1238 316 1302 Vibonem
330 1259 439 1320 parvae
454 1259 529 1322 quae
544 1249 685 1302 vocantur
700 1239 862 1300 Ithacesiae
883 1239 920 1299 ab
937 1235 1038 1300 Ulixis
1053 1237 1163 1318 specula.

128 1331 161 1385 86
236 1323 266 1387 8.
282 1325 367 1405 (14.)
389 1325 500 1388 Verum
520 1334 588 1387 ante
610 1343 710 1386 omnes
733 1323 866 1386 claritate
886 1322 1005 1402 Sicilia,
1031 1321 1164 1383 Sicaniaa

171 1408 338 1486 Thucydide
353 1409 440 1488 dicta,
453 1409 601 1472 Trinacria
615 1428 631 1471 a
643 1408 775 1488 pluribus
790 1417 839 1468 ant
854 1407 988 1468 Trinacia
1006 1427 1023 1468 a
1039 1404 1164 1484 triangula

171 1496 291 1572 specie,
309 1496 431 1555 circuitu
446 1503 567 1574 patens,
584 1503 616 1556 ut
632 1502 735 1555 auctor
753 1501 799 1554 est
814 1491 966 1573 Agrippa,
984 1488 1165 1552 DXXVlllM

173 1595 268 1658 pass,
284 1579 426 1657 quondam
442 1579 557 1640 Bruttio
572 1596 644 1656 agro
663 1578 844 1654 cohaerens,
862 1595 931 1638 mox
948 1578 1096 1638 interfuso
1110 1576 1184 1634 marin

172 1663 273 1724 avolsa
287 1662 343 1723 XV
356 1662 385 1724 M
403 1665 433 1724 in
448 1663 658 1742 longitudinem
672 1662 762 1738 freto,
779 1662 809 1721 in
825 1661 1009 1722 latitudinem
1021 1657 1165 1722 antelil

171 1763 250 1824 pass.
269 1750 349 1808 iuxta
365 1745 533 1812 Columnam
546 1747 676 1826 Regiam.
700 1745 807 1808 abhoc
822 1745 996 1807 dehiscendi
1011 1752 1165 1824 argumento

171 1829 316 1909 Rhegium
329 1830 433 1896 Graeci
445 1852 549 1894 nomen
564 1832 674 1893 dedere
691 1830 800 1910 oppido
812 1831 842 1890 in
852 1831 986 1908 margine
998 1829 1102 1892 ltaliae
1111 1831 1163 1892 sito.

129 1922 161 1975 87
173 1916 205 1977 ln
223 1935 259 1977 eo
275 1919 353 1980 ireto
369 1929 415 1978 cst
433 1917 571 1997 scopulus
587 1915 702 1993 Scylla,
716 1917 787 1976 item
802 1912 978 1994 Charybdis,
997 1932 1079 1976 mare
1097 1913 1165 1974 verti·

121 1993 123 2000 ’
173 2018 290 2080 cosum,
308 2001 392 2062 ambo
414 2003 492 2062 clara
511 2002 642 2062 saevitia.
678 1999 773 2080 Ipsius
795 1999 974 2077 triquetrae,
998 2009 1030 2060 nt
1050 1999 1184 2072 dinianica

171 2087 401 2162 promunturium
416 2085 551 2146 Pelorum
567 2092 688 2144 vocatur
704 2083 844 2162 adversus
862 2081 991 2159 Scyllam
1010 2102 1132 2162 vergens
1144 2083 1164 2139 in

172 2167 298 2248 ltaliam,
314 2168 478 2250 Pachynum
494 2170 523 2228 in
540 2166 705 2246 Graeciam,
728 2164 878 2228 CCCCXL
896 2165 925 2226 Μ
946 2167 983 2228 ab
1002 2186 1043 2230 eo
1060 2169 1165 2228 distante

172 2252 394 2334 Peloponneso,
416 2253 583 2332 Lilybaeum
599 2255 629 2313 in
648 2252 776 2314 Africam
792 2250 924 2314 CLXXX
939 2251 970 2313 M
986 2251 1136 2314 intervallo
1154 2266 1165 2307 a

172 2335 298 2400 Mercuri
315 2341 515 2420 promunturio
532 2347 563 2399 at
578 2357 594 2398 a
612 2335 775 2398 Caralitano
788 2335 939 2398 Sardiniae
953 2335 1034 2400 CXC
1045 2337 1083 2399 M.
1106 2339 1166 2396 inter

174 2439 207 2481 se
224 2431 320 2484 autem
335 2425 408 2486 baec
423 2423 622 2504 promunturia
638 2439 671 2482 ac
685 2423 778 2483 latera
797 2421 905 2484 distant
923 2421 969 2482 his
987 2425 1106 2503 spatiis:
1122 2429 1187 2480 ter-n

173 2523 246 2568 reno
268 2509 374 2570 itinere
398 2527 414 2570 a
438 2508 546 2569 Peloro
562 2506 726 2581 Pachynum
746 2504 920 2567 CLXXXVI
944 2506 975 2567 M
997 2526 1095 2586 pass,
1114 2503 1166 2565 inde

131 2595 165 2652 88
176 2589 345 2669 Lilybaeum
363 2590 412 2654 CC
426 2592 471 2670 M,
494 2591 561 2652 inde
576 2591 713 2651 Pelorum
734 2587 846 2651 CXLll.
883 2591 1022 2654 coloniae
1046 2593 1086 2653 ibi
1103 2589 1164 2670 quin·

173 2695 248 2754 que,
266 2676 355 2738 urbes
376 2696 410 2738 ac
431 2678 566 2738 civitates
581 2673 682 2736 lell.
727 2674 754 2734 A
773 2674 881 2736 Peloro
902 2693 985 2738 mare
1001 2676 1165 2738 lonicorum

174 2769 327 2841 spectante
343 2763 479 2842 oppidum
490 2759 624 2820 Messana
636 2760 740 2820 civium
750 2759 947 2831 Romanorum
959 2763 1011 2842 qui
1023 2758 1164 2824 Mamertini

174 2853 332 2923 vocantur,
357 2845 584 2924 promunturium
605 2845 787 2923 Drepanum,
816 2845 935 2908 colonia
961 2845 1187 2908 Tauromeniuna

175 2947 249 3008 quae
265 2937 351 2990 antea
365 2929 477 3006 Naxos,
495 2927 601 2989 flumen
617 2928 741 3006 Asines,
757 2945 840 2989 mons
854 2929 953 2991 Aetna
969 2931 1117 2992 nocturnis
1127 2927 1165 2986 ni·

174 3031 224 3073 rus
240 3014 392 3074 incendiis.
409 3023 506 3074 crater
522 3013 584 3072 eius
597 3022 679 3092 patet
690 3013 797 3073 ambitu
813 3015 906 3076 stadia
916 3013 986 3093 XX,
1002 3011 1165 3077 favillaTru·

175 3099 340 3159 romaninm
355 3104 384 3158 et
392 3094 521 3158 Catinam
536 3113 629 3176 usqne
645 3099 781 3177 pervenit
796 3097 928 3177 fervens,
943 3101 1051 3180 iragor
1063 3115 1126 3162 vero
1138 3092 1166 3154 ad

131 3187 164 3242 89
172 3179 341 3243 Maroneum
356 3189 387 3242 et
399 3179 547 3243 Gemellos
562 3181 664 3243 colles.
686 3181 798 3260 scopuli
817 3192 879 3244 tres
892 3181 1070 3264 Cyclopum,
1083 3189 1165 3264 portns

175 3265 289 3344 Ulixis,
318 3264 435 3327 colonia
456 3264 573 3343 Catina,
602 3266 717 3328 flumina
738 3265 941 3346 Symaetbum,
965 3268 1089 3346 Terias,
1102 3265 1187 3326 innsa

173 3349 380 3426 Laestrygonii
397 3350 499 3428 campi.
532 3351 639 3432 oppida
656 3350 801 3428 Leontini,
815 3349 959 3431 Megaris,
978 3356 1071 3414 amnis
1084 3351 1165 3411 Panta-

147 3471 151 3479 κ
173 3435 256 3511 gies,
274 3431 391 3492 colonia
408 3433 570 3509 Syracusae
592 3453 655 3495 cum
675 3435 756 3496 ionte
771 3434 938 3514 Arethusa,
964 3453 1124 3518 quamquam
1141 3439 1166 3489 et

173 3517 333 3580 Temenitis
346 3516 566 3580 etArchidemia
580 3527 609 3580 et
619 3517 741 3598 Magaea
753 3517 889 3597 etCyane
903 3529 934 3581 et
945 3521 1076 3585 Milichie
1086 3522 1166 3582 iontcs
