2392 3946
285 163 370 220 nnn.
388 163 481 222 11181.
502 166 568 225 xiv
586 173 621 224 aa
640 168 767 239 (eo-ao)
970 168 1036 235 385

32 316 180 376 comitatur
198 322 231 374 ut
248 313 371 376 bibendi
390 319 575 379 consuetudo
594 327 699 397 augeat
717 317 895 398 aviditatem,
915 320 1036 380 scitum-

32 421 82 482 que
100 411 145 464 est
159 401 335 483 Scytharum
353 404 451 488 legati,
474 415 585 486 quanto
603 406 671 487 plus
690 405 820 468 biberint
838 409 920 468 tanto
944 410 1037 487 magis

31 494 105 554 sitim
127 491 261 553 Parthos.
360 532 364 548 ,

89 574 161 663 (29)
184 579 238 642 Est
256 589 287 642 et
304 583 469 646 occidentis
485 584 605 666 populis
628 603 682 645 sua
705 583 834 645 ebrietas
858 585 942 664 fruge
966 602 1026 646 ma·
1039 594 1089 643 149

9 670 102 750 odda,
122 667 258 750 pluribus
282 671 380 736 modis
399 691 455 753 per
478 671 584 738 Gallias
607 671 838 754 Hispaniasque,
866 672 1036 735 nominibus

30 758 99 838 aliis,
130 758 183 819 scd
212 761 327 821 rationo
358 762 468 827 eadem.
520 761 679 846 Hispaniae
706 764 764 823 iam
797 770 827 823 ct
859 769 1037 824 vetustatem

31 847 100 908 lerre
124 865 157 908 ea
175 866 286 934 gqncra
308 848 484 913 docuerunt.
512 852 662 932 Aegyptus
686 868 805 931 quoque
829 869 846 911 e
869 851 955 930 fruge
979 850 1037 912 sibi

30 943 109 1014 potus
131 935 244 998 similes
267 941 455 1020 excogitavit,
484 939 624 1020 nullaque
651 941 683 1000 in
705 947 790 1020 parte
812 939 917 1000 mundi
939 949 1037 1001 cessat

31 1023 162 1108 ebrietas,
185 1043 285 1086 meros
309 1030 419 1108 quippe
442 1029 586 1112 hauriunt
608 1027 682 1089 tales
705 1046 794 1090 sucos
816 1046 873 1089 neo
896 1027 1036 1090 diluendo

9 1121 56 1174 out
82 1116 147 1175 rina
176 1117 321 1194 mitigant.
366 1125 396 1178 at
417 1117 563 1179 Hercules
592 1117 652 1178 illic
682 1116 770 1178 tellus
800 1117 902 1196 fruges
918 1133 1035 1198 'parere

28 1202 180 1266 ndobatur.
234 1203 294 1266 heu
330 1209 405 1267 mira
436 1208 577 1268 vitiorum
609 1204 752 1268 sollertia!
802 1207 957 1268 inventum
990 1215 1036 1268 est

29 1291 267 1371 quemadmodum
290 1313 383 1375 aquae
407 1313 526 1376 quoque
549 1294 741 1357 inebriarent.

85 1379 148 1443 buo
167 1391 239 1460 sunt
256 1382 390 1464 liquores
403 1383 541 1446 humanis
560 1383 737 1465 corporibus
755 1383 925 1466 gratissimi,
944 1385 1025 1445 intus
1036 1391 1088 1443 150

29 1471 92 1553 vini,
119 1471 193 1533 loris
222 1471 293 1555 olei,
321 1472 462 1535 arborum
490 1491 639 1554 egenere
667 1471 753 1535 ambo
785 1475 952 1555 praecipui,
984 1473 1036 1535 scd

9 1559 78 1620 tolci
94 1561 291 1623 necessarius.
328 1579 383 1624 nec
403 1565 534 1642 segniter
551 1566 584 1624 in
602 1581 638 1624 eo
656 1565 716 1625 vita
734 1561 902 1624 elaboravit.
926 1569 1036 1642 quanto

29 1652 171 1711 tamenin
194 1657 268 1730 potu
285 1649 475 1731 ‘ingeniosior
498 1653 603 1734 inerit,
630 1651 784 1733 apparebit
810 1651 846 1712 ad
873 1650 1037 1712 bibendum

29 1738 178 1815 generibus
198 1747 319 1802 centum
338 1743 488 1822 octoginta
507 1743 649 1822 quinque,
671 1743 697 1802 sl
716 1743 832 1822 species
854 1757 926 1801 vero
949 1742 1036 1802 aesti-

29 1835 150 1911 mentur,
182 1846 278 1910 paene
301 1827 413 1911 duplici
440 1849 566 1892 numero
594 1831 768 1910 excogitatis
795 1836 937 1909 tantoque
964 1847 1035 1909 pau-

29 1915 149 1979 cioribus
173 1916 241 2000 olel,
264 1918 301 1980 de
325 1937 384 1999 quo
408 1921 547 2000 sequenti
569 1917 718 1980 volumine
741 1918 883 1980 dicemus.

30 2074 233 2086 —-—.—--.-.

89 2159 261 2231 effugias
352 2160 740 2220 submonendum.
830 2158 1035 2230 telirngcd.

90 2237 105 2285 9
123 2231 259 2288 diluemda
275 2237 312 2289 Ι.
395 2240 428 2290 10
446 2249 546 2308 parare
564 2233 678 2290 owen.
765 2237 798 2288 ta
817 2247 906 2302 aqum
924 2237 961 2288 tt
988 2248 1037 2286 -ua

29 2317 65 2355 ro.
80 2303 84 2371 Ι
98 2303 252 2360 inebriaret
268 2319 294 2358 o.
403 2311 436 2362 16
455 2304 541 2360 fuerit
557 2303 633 2360 11³¹.
651 2321 703 2360 om.
717 2321 762 2359 ro.
871 2307 904 2358 1a
924 2305 1039 2358 centum

30 2371 163 2444 ocloginto
182 2378 302 2445 (nonog-
322 2377 374 2445 ao)
393 2377 517 2446 quinque
535 2381 613 2432 leo.
646 2375 770 2430 CLXXX
787 2379 863 2429 nur.
954 2380 988 2429 19
1007 2374 1037 2430 in

30 2448 146 2512 requam
164 2463 211 2501 no.
