2572 3936
355 174 440 230 ΝΑΤ.
458 173 551 229 HIST.
570 173 610 228 xl
631 179 700 229 1—4
719 174 810 242 (1-3)
1035 171 1098 236 211

88 324 173 385 desit.
218 323 300 384 unde
316 342 475 386 numerosa
494 326 702 404 quaestionum
725 324 819 384 series
838 324 979 384 exoritur.
1011 323 1101 384 iidem
1121 333 1137 383 6

88 416 168 474 enim
191 421 341 474 atrocem
365 432 431 475 esse
453 411 501 476 his
524 421 633 493 negant
656 415 687 474 in
710 421 792 474 tanto
816 430 971 473 murmure
993 415 1102 494 apium,

52 494 56 501 ’
87 502 255 565 cicadarum
285 521 372 585 sono,
404 510 434 564 et
466 503 520 564 alia
550 521 625 583 quae
658 505 720 564 suis
753 501 989 563 aestimabuntur
1020 501 1102 564 locis.

87 611 156 654 nam
178 592 250 654 mihi
274 594 427 668 contuenti
450 609 568 673 semper
591 595 685 654 suasit
707 609 810 654 rerum
832 599 939 652 natura
961 590 1035 651 nihil
1057 594 1101 653 in·

59 681 233 756 acredihile¹
252 683 421 743 existimare
445 682 481 743 de
505 688 547 743 ea.
592 699 649 744 nec
671 683 770 765 video,
793 699 848 744 cur
870 683 964 761 magis
986 683 1103 760 possint

86 791 146 833 non
177 771 296 834 trahere
326 775 454 834 animam
482 771 551 834 talia
581 781 611 834 et
639 775 737 835 vivere
768 789 857 852 quam
889 773 1003 852 spirare
1036 773 1101 832 sine

85 861 264 945 visceribus,
292 862 372 943 quod
396 865 484 924 etiam
506 865 538 924 in
561 865 682 924 marinis
709 862 865 924 docuimus
893 862 1026 942 quamvis
1054 846 1155 950 unffi

86 960 173 1013 cente
196 955 335 1032 spiritum
354 949 499 1013 densitate
524 959 554 1013 et
577 952 732 1013 altitudine
755 953 878 1014 umoris.
914 951 1013 1012 volare
1033 952 1133 1031 qui-t

86 1041 155 1102 dem
184 1041 282 1123 aliqua
312 1051 343 1104 et
372 1044 502 1104 animatu
532 1059 636 1103 carere
666 1043 697 1102 in
727 1043 792 1121 ipso
823 1042 931 1120 spiritu
962 1043 1099 1123 viventia,

38 1131 197 1192 .1ohabere
227 1149 349 1193 sensum
380 1133 490 1214 victus,
520 1133 735 1214 generationis,
765 1132 865 1210 operis
895 1138 983 1208 atque
1011 1132 1100 1190 etiam

84 1220 241 1283 defuturo
265 1239 376 1302 curam,
399 1228 430 1282 ct
452 1223 585 1301 quamvis
608 1238 669 1281 non
692 1221 752 1281 sint
769 1217 903 1280 membra
925 1236 1000 1298 quae
1019 1217 1101 1279 velut

85 1313 185 1371 carina
208 1329 314 1372 sensus
337 1309 486 1392 invehant,
509 1329 575 1371 esse
598 1318 698 1371 tamen
721 1311 758 1370 iis
781 1307 927 1390 auditum,
950 1307 1100 1388 olfactum,

85 1406 249 1481 gustatum,
272 1402 377 1460 eximia
399 1408 554 1478 praeterea
577 1408 701 1471 naturae
724 1399 813 1479 dona,
837 1395 1011 1478 sollertiam,
1038 1398 1099 1456 ani·

84 1507 180 1571 mum,
203 1496 311 1569 artem,
338 1490 405 1569 quis
428 1488 513 1550 iacile
537 1485 722 1550 crediderit?
753 1489 928 1566 sanguinem
950 1503 1010 1546 non
1033 1502 1099 1546 esse
1118 1491 1136 1541 8

43 1591 70 1632 1⁵
84 1580 122 1638 iis
145 1578 253 1658 fateor,
277 1581 355 1639 sicut
377 1577 572 1640 terrestribus
596 1579 730 1659 quidem,
758 1578 874 1638 cunctis
901 1577 981 1636 inter
1004 1592 1036 1636 se
1060 1575 1099 1636 si·

84 1665 193 1728 milem.
238 1685 342 1728 verum
364 1676 399 1729 ut
426 1669 542 1746 saepiae
569 1669 600 1728 in
627 1670 702 1728 mari
732 1666 885 1745 sanguinis
913 1666 993 1724 vires
1022 1671 1098 1724 atra·

84 1764 219 1816 mentum
242 1759 369 1839 optinet,
398 1773 601 1835 purpurarum
628 1757 732 1835 generi
761 1754 889 1816 infector
918 1752 968 1814 ille
999 1770 1099 1836 sucus„

85 1847 128 1905 sie
151 1852 182 1905 et
203 1847 326 1906 insectis
349 1847 485 1926 quisquis
508 1853 555 1906 est
576 1845 673 1906 vitalis
696 1862 792 1926 umor,
815 1844 865 1904 hic
888 1844 946 1902 erit
969 1844 1098 1921 sanguis.

84 1934 213 2013 denique
237 1936 414 1996 existimatio
438 1951 492 1996 sua
515 1935 623 2014 cuique
647 1937 699 1997 sit:
727 1933 814 1995 nohis
836 1932 1024 2013 propositum
1052 1939 1099 1992 est

43 2036 70 2076 2⁰
84 2031 206 2084 naturas
234 2041 336 2086 rerum
363 2024 535 2086 manifestas
562 2023 707 2106 indicare,
737 2041 798 2084 non
826 2039 930 2082 causas
958 2019 1099 2100 indagare

84 2111 198 2174 dubias.

150 2195 184 2262 4.
204 2195 255 2284 (3)
278 2201 403 2284 insecta,
425 2210 460 2264 ut
477 2201 610 2282 intellegi
627 2203 731 2283 possit,
754 2218 814 2261 non
831 2199 971 2262 videntur
988 2195 1099 2258 habere
1117 2205 1133 2256 9

84 2308 201 2371 nervos,
223 2307 279 2350 nec
302 2309 369 2352 ossa
391 2309 447 2352 nec
470 2293 570 2370 spinas
593 2309 649 2352 nec
673 2289 876 2375 cartilaginem
897 2305 955 2349 nec
976 2289 1098 2368 pinguia

83 2397 140 2439 uec
159 2396 273 2460 carnes,
296 2397 334 2439 ne
352 2388 483 2441 crustam
506 2379 626 2458 quidem
648 2379 792 2461 fragilem,
816 2386 848 2439 ut
871 2377 1015 2457 quaedam
1038 2394 1098 2436 ma-

43 2479 70 2522 so
84 2469 163 2550 rina,
190 2485 246 2528 nec
274 2485 350 2547 quae
373 2471 439 2529 iure
462 2469 578 2529 dicatur
597 2457 696 2550 cutis,
726 2467 779 2528 sed
806 2467 920 2528 mediae
944 2465 1099 2528 cuiusdam

84 2559 163 2617 inter
195 2558 293 2616 omnia
324 2557 398 2618 haec
431 2565 555 2618 naturae
587 2575 697 2636 corpus
730 2557 827 2616 arenti
858 2555 969 2637 simile,
1005 2572 1097 2616 nervo

154 2823 171 2871 3
191 2815 254 2870 aliis
272 2832 345 2886 quae
358 2832 382 2872 o.
410 2832 483 2886 quae
501 2816 559 2871 alia
577 2817 648 2872 coni.
662 2816 723 2872 Sili.
742 2816 788 2870 sed
802 2815 851 2883 cfr.
865 2831 927 2870 noo.
942 2815 994 2872 loc.
1009 2821 1097 2884 p.20.

156 2893 173 2941 4
191 2904 301 2957 semper
323 2886 412 2942 suasit
429 2892 471 2940 dl·
493 2889 552 2943 edd.
566 2893 627 2942 vett.
656 2903 685 2942 se
703 2903 798 2957 percu·
812 2904 835 2941 r.
860 2887 911 2954 cfr.
925 2887 978 2942 luc.
994 2891 1097 2954 p.106.

155 2963 171 3012 8
187 2959 316 3028 spiritum
329 2958 395 3011 11³²
408 2959 467 3014 edd.
483 2964 546 3014 ante
560 2959 651 3013 Hard.
671 2960 738 3012 -uat
753 2958 867 3013 rHard.
886 2958 937 3025 cfr.
952 2959 1004 3012 loe.
1015 2975 1045 3027 p.
1054 2963 1098 3013 71.

157 3035 189 3083 15
209 3030 282 3084 sicut
298 3035 333 3084 ll.
366 3030 439 3084 sicut
455 3045 508 3084 nec
525 3030 567 3084 1².
601 3029 674 3084 sicut
690 3046 726 3084 ne
744 3046 789 3084 ro.
822 3029 872 3097 cfr.
887 3028 998 3084 Felsina
1011 3046 1043 3098 p.
1053 3035 1096 3084 11.

84 3101 137 3154 loc.
151 3117 182 3168 p.
192 3105 239 3156 23.
254 3105 301 3156 24.
374 3106 416 3155 15.
428 3107 461 3156 16
480 3101 600 3156 similem
613 3118 712 3156 uerum
725 3106 759 3157 ll.
784 3100 852 3155 ·lem
866 3100 915 3169 qui
928 3101 1041 3156 demum
1054 3101 1097 3154 1³¹.

83 3187 181 3225 uerum
200 3171 291 3226 simile
311 3171 390 3242 (iem
404 3174 430 3241 d)
449 3173 563 3241 quidem
580 3177 632 3227 nd.
649 3172 782 3231 'similem
800 3172 914 3240 quidem
931 3173 1020 3226 redd.
1035 3177 1098 3226 arete

83 3242 171 3296 Barla.
207 3259 304 3296 verum
327 3243 419 3298 simile
441 3243 575 3313 quiddam
598 3245 686 3298 Barla.
782 3249 814 3298 17
839 3243 948 3314 optinet
970 3244 1010 3297 cd.
1028 3243 1097 3298 Bao.

84 3314 263 3368 -neantlid¹.
293 3314 419 3369 obtineat
433 3317 514 3384 (1ου-
529 3316 560 3383 n)
575 3332 598 3370 r.
672 3319 705 3369 18
724 3314 838 3370 insectis
851 3319 907 3368 nto.
935 3313 1055 3368 infectus
1072 3331 1096 3370 r.

156 3390 189 3439 19
208 3385 327 3454 denique
340 3391 376 3440 11.
404 3386 492 3442 donec
506 3403 529 3442 r.
547 3387 551 3456 Ι
566 3403 601 3442 ne
621 3404 671 3440 sua
683 3391 718 3442 Π,
748 3403 798 3440 cua
815 3403 859 3441 ro.
888 3385 937 3454 cfr.
953 3385 1098 3454 Sauppius

84 3473 128 3526 op.
148 3455 272 3510 Felsinam
288 3473 317 3524 p.
328 3462 361 3511 11
380 3474 407 3511 n.
423 3463 451 3513 2.
541 3463 576 3512 20
594 3460 712 3512 naturae
730 3463 765 3512 rr.
799 3473 842 3512 ua
859 3462 890 3511 n.
924 3473 961 3512 an
979 3458 1097 3512 naturae

83 3545 175 3583 rernm
195 3529 314 3598 (causas)
332 3527 518 3584 manifestes?
556 3535 670 3584 ceterum
694 3530 744 3597 cfr.
764 3530 815 3584 luc.
832 3546 861 3598 p.
873 3533 916 3584 73.
938 3528 1096 3598 lindegero

82 3605 163 3655 Edu.
192 3599 339 3655 dicerer.
367 3599 491 3655 iudicare
508 3617 533 3656 o.
611 3607 644 3656 25
663 3617 715 3656 nec
733 3617 805 3670 quae
824 3605 880 3656 Id.
907 3617 960 3656 nec
978 3606 1032 3669 que
1050 3599 1094 3654 2².

82 3689 171 3742 neque
190 3691 213 3727 r.
282 3677 320 3733 26
339 3688 426 3727 neruo
445 3673 502 3728 uo.
521 3673 551 3728 iu
570 3673 634 3729 alvo
653 3675 723 3728 coni.
744 3673 845 3730 Ianua.

882 3762 936 3817 14*
