2286 3938
233 267 316 314 unu.
331 267 421 318 ursa.
441 269 485 316 un
503 263 545 314 aa.
566 257 715 335 (φᾶ-26.)
919 249 980 318 aet

16 421 95 482 insulae
110 421 157 482 llll
171 425 223 484 iarn
240 425 270 483 in
292 425 357 484 sinu
375 415 441 484 a'nte
458 422 585 485 Persida.
620 427 697 486 circa
714 423 765 486 lras
782 423 864 502 hydri
879 426 979 484 marini

17 511 110 566 ticenum
123 509 280 568 cubitorum
291 509 461 570 adnatantes
474 517 608 570 terruere
623 509 756 571 classem.
781 509 874 570 insula
889 509 980 570 Atho·
998 522 1032 576 oo

16 592 97 668 tadrns,
116 593 178 652 item
201 593 369 671 Gauratae„
389 596 417 652 in
439 593 543 672 quibus
565 593 656 670 Gyani
680 613 762 673 gens.
796 594 902 655 llumen
924 593 981 670 lly-

16 679 67 754 peris
77 677 100 735 io
110 677 198 738 medio
211 679 275 740 sinu
284 677 418 754 Persico,
431 681 627 738 onerariarum
639 681 752 739 nauium
760 697 863 760 capax,
876 679 982 740 llumen

16 759 155 840 Sitioganus,
180 781 238 841 qno
266 761 444 842 Pasargadas
466 765 590 842 septimo
615 763 662 825 die
681 765 850 841 navigatur,
876 763 982 824 flumen

16 845 136 921 navigabile
156 847 353 924 Phrystimus,
378 847 471 906 insula
498 850 561 908 sine
586 850 711 910 nomine.
751 849 856 908 llnmen
879 845 980 908 Granis

16 931 143 990 nudicarum
161 934 276 992 nauium
296 949 350 1010 per
370 931 513 992 Susianen
535 933 614 1008 nott,
640 932 744 994 dextra
767 934 830 993 eius
848 931 982 993 accolunt

15 1013 170 1076 lexinontani
185 1017 235 1095 qui
251 1015 380 1076 bitumen
396 1017 560 1096 perficiunt.
589 1016 694 1078 llumen
705 1015 820 1078 Zarotis
837 1019 914 1077 ostio
930 1015 982 1078 dli·

16 1099 116 1158 inlinisi
137 1102 258 1179 peritis,
284 1099 443 1160 insulae‘ll
465 1119 582 1180 parvae.
614 1101 680 1164 inde
703 1102 812 1162 vadosa
835 1103 981 1179 navigatio

8 1181 95 1257 ¹palustri
108 1185 205 1245 similis
218 1203 274 1264 per
289 1187 408 1264 euripos
424 1195 519 1246 tamen
533 1186 670 1264 quosdam
683 1188 843 1266 peragitur.
876 1187 982 1246 ostium

17 1265 134 1344 Euphratis.
163 1269 249 1330 lacus
268 1287 354 1348 quern
375 1270 483 1330 iaciunt
498 1268 624 1331 Eulaeus
645 1280 675 1332 et
691 1269 788 1348 Tigris
802 1273 883 1330 iuxta
898 1269 1034 1336 cha-100

16 1369 81 1412 racem.
102 1353 164 1414 inde
179 1353 263 1432 Tigri
277 1354 359 1414 Susa.
388 1353 495 1416 Festos
507 1353 570 1416 dies
583 1353 622 1416 lbi
638 1365 772 1434 agentem
785 1354 982 1415 Alexandrum

15 1439 141 1498 inuenerunt
156 1436 285 1518 septimo
301 1457 421 1516 mense,
436 1448 590 1518 postquam
607 1440 758 1514 digressus
780 1439 815 1500 ab
836 1441 872 1499 iis
887 1441 982 1499 inerat

16 1517 96 1597 letalis,
117 1525 205 1583 tertio
222 1525 428 1600 nauigationis.
468 1523 517 1584 Sic
533 1524 692 1584 Alexandri
708 1524 812 1584 classis
826 1525 981 1601 navigavit.

16 1613 81 1680 postea
95 1606 126 1666 ab
141 1607 258 1685 Syagro
270 1607 398 1668 Arabiae
414 1611 614 1686 promunturio
630 1607 749 1668 Patalen
763 1609 881 1671 favonio
897 1625 983 1686 qoem

16 1687 115 1765 hippalum
129 1692 168 1752 ibi
186 1700 304 1770 vocant,
320 1693 381 1770 peti
397 1695 589 1753 certissimum
606 1692 761 1753 videbatur
775 1695 853 1776 ffiiil
870 1687 982 1752 XXXII

15 1767 151 1848 lpassnum
173 1777 387 1837 aestimatione.
427 1775 533 1836 Secuta
558 1786 638 1837 aetas
664 1778 834 1856 propiorem
857 1785 1032 1838 cursumtot

17 1859 162 1938 ultoremque
173 1861 332 1939 iudicavit,
345 1862 370 1921 si
384 1861 420 1921 ab
434 1861 538 1922 eodem
553 1864 753 1942 promunturio
765 1861 899 1940 Sigerum
915 1878 982 1939 por·

17 1948 47 1998 tun
64 1941 148 2004 Indiae
169 1953 301 2024 peteret.
335 1944 442 2024 diuque
463 1947 503 2005 ita
526 1949 690 2022 navigatum
714 1954 777 2022 est,
799 1945 894 2006 donec
914 1961 982 2004 con·

18 2027 82 2100 pendia
94 2031 199 2090 inuenit
214 2039 382 2106 mercator,
400 2031 539 2108 lucroque
556 2031 637 2091 lndla
658 2031 843 2091 admota'est.
874 2031 983 2108 quippe

18 2111 107 2172 toribus
127 2117 207 2174 aunis
233 2115 386 2192 navigator
407 2115 622 2192 sagittariorum
644 2114 816 2176 cohortibus
836 2113 981 2194 inpositis.

18 2197 85 2254 ttenin
97 2200 205 2276 piratae
223 2201 348 2259 maxime
364 2199 549 2260 infestabant.
584 2194 649 2260 Nec
670 2199 784 2278 pigebit
804 2207 896 2259 toturn
920 2215 984 2258 cnr·

18 2293 52 2334 un
67 2279 94 2340 ab
113 2281 253 2362 Aegypto
276 2301 427 2362 exponere
449 2301 524 2343 nunc
547 2285 668 2363 primum
690 2293 770 2344 certo
785 2286 888 2344 notitia
903 2291 983 2363 pate·

17 2371 88 2423 trente.
116 2366 285 2445 dignares,
305 2365 385 2427 nullo
407 2385 481 2428 anno
498 2369 590 2428 minus
609 2365 656 2427 llS
672 2369 734 2454 ῙυῙΙ
754 2369 868 2448 imperii
890 2370 983 2428 nostri

17 2443 162 2512 exhauriente
182 2451 266 2512 ludia
289 2461 319 2512 et
335 2471 448 2512 merces
473 2455 641 2513 remittente
655 2471 728 2532 quoe
743 2453 817 2532 apud
839 2471 893 2512 nos
917 2471 985 2512 cen·

18 2529 114 2606 hplicato
128 2545 265 2601 veneant.
293 2535 359 2598 Duo
379 2537 456 2612 milia
477 2555 611 2615 passuum
633 2538 668 2597 ab
687 2536 865 2601 Alexandria
887 2537 973 2596 abest
986 2546 1036 2598 102

18 2615 111 2690 oppidum
128 2619 293 2700 Iuliopolis.
336 2620 402 2682 inde
429 2623 565 2702 navigant
585 2621 653 2682 Nilo
677 2619 802 2702 Coptum
825 2617 984 2685 cccvtttt

19 2697 52 2755 ull
63 2717 196 2782 passuum,
215 2707 264 2783 qni
281 2723 382 2777 cursus
399 2706 654 2769 etesiisllantibns
676 2707 829 2784 peragitur
851 2703 907 2764 Xll
925 2701 985 2764 dle·

20 2775 56 2844 ltt.
83 2785 207 2868 allopt‘o
233 2787 353 2850 camelis
375 2792 432 2850 itur
449 2792 633 2870 aquationum
654 2792 771 2852 ratione
787 2787 985 2850 mansionibus

22 2861 136 2941 dispositis.
165 2876 256 2951 prima
273 2873 438 2952 appellatur
452 2873 615 2950 Hydreuma
631 2873 713 2937 XXll
724 2875 796 2951 mil,
813 2872 940 2936 secunda
956 2873 986 2932 ln

22 2959 82 3011 utute
95 2953 145 3016 diei
160 2959 285 3033 itinere,
302 2959 389 3018 tertia
406 2959 435 3040 ip
447 2957 542 3018 altero
554 2957 747 3036 Hydreumate
763 2978 779 3019 a
793 2957 888 3038 Copto
904 2955 986 3018 XGV

22 3031 64 3104 nil,
76 3035 166 3101 deinde
182 3045 210 3102 io
223 3049 335 3108 monte.
374 3055 443 3102 mox
459 3043 493 3102 ad
511 3041 674 3120 Hydreuma
692 3043 839 3123 Apollinis
856 3062 872 3104 a
888 3041 985 3121 Copto

23 3109 162 3193 llllXXllIl
176 3127 234 3188 mil.
251 3145 342 3206 pass,
357 3146 457 3186 mrsos
474 3127 503 3186 in
520 3138 626 3188 monte.
660 3145 730 3188 mox
745 3127 780 3190 ad
796 3145 902 3208 nouum
916 3125 973 3203 Hy·
988 3136 1037 3189 103

23 3195 99 3264 lacuna
118 3227 132 3268 a
152 3207 248 3290 Copto
264 3205 399 3273 CCXXX
420 3212 478 3270 mil.
501 3230 576 3290 pass.
609 3221 656 3272 est
677 3221 708 3288 et
728 3213 805 3273 aliud
822 3210 986 3289 llydreoma

24 3292 89 3365 tetus,
112 3287 336 3372 Trogodyticen
362 3294 540 3369 nominatur,
565 3295 614 3356 nbi
643 3299 819 3374 praesidium
845 3296 985 3371 excubat,

24 3363 156 3438 deuerticulo
169 3379 253 3456 duum
268 3379 385 3458 milium.
418 3379 505 3450 distat
520 3399 536 3440 a
551 3388 629 3441 novo
645 3379 840 3458 Hydreumate
855 3380 910 3442 Vll
925 3379 998 3453 mil.

26 3463 126 3520 ltsstun.
159 3462 223 3522 iude
243 3463 389 3525 Berenice
412 3463 564 3544 oppidum,
586 3465 634 3524 ubi
659 3474 761 3544 portus
776 3462 868 3525 Rubri
887 3465 985 3538 maris,

26 3532 118 3618 tlopto
135 3543 258 3609 cctvtt
276 3545 307 3609 tt
327 3567 470 3628 passuum.
507 3549 560 3612 sed
584 3551 650 3647 quia
667 3552 758 3610 maior
779 3567 845 3628 pars
871 3549 984 3608 itineris
