2572 3936
359 115 443 171 NAT.
462 115 555 170 Hisr.
575 115 601 169 X
621 119 723 178 14-21
745 117 871 185 (iv-24)
1060 114 1123 177 169

106 267 291 347 respondere
310 275 390 328 vates
410 269 533 328 exitium
551 268 675 346 imperio
694 265 842 347 portendi,
866 267 891 326 si
915 265 1125 346 dimitteretur,

107 364 138 416 at
161 359 186 416 si
211 359 437 437 exarrimaretur,
460 357 599 436 praetori.
646 363 676 416 cl
697 355 746 416 ille
770 359 871 416 alitem
893 357 1032 434 protinus
1056 374 1123 415 con-

108 447 220 523 cerpsit
242 463 298 506 nec
322 445 415 506 multo
439 453 507 524 post
530 444 654 524 inplevit
676 445 855 524 prodigium.
1108 503 1109 506 ,

176 527 250 616 (21)
280 534 449 595 Vescuntur
479 541 509 594 et
538 533 642 612 glande
672 536 704 594 in
736 533 793 594 hoc
825 551 935 612 genere
967 535 1123 612 pomisque
1142 537 1179 584 42

78 637 92 676 a
108 621 227 704 multae,
251 624 304 684 sed
323 642 399 703 quae
418 641 507 684 carne
526 631 651 704 tantum,
669 641 730 684 non
749 624 863 704 bibunt,
882 629 1005 702 excepto
1024 622 1125 702 miluo,

107 711 187 789 quod
217 714 316 791 ipsum
345 715 377 772 in
407 714 539 791 auguriis
567 711 667 772 dirum
694 719 748 772 est.
797 706 853 774 19.
891 730 985 772 uncos
1008 729 1125 790 ungues

105 798 250 862 habentes
274 803 394 862 omniuo
418 820 478 861 non
502 808 721 880 congregantur
749 809 779 860 et
802 801 859 861 sibi
882 818 1017 879 quaeque
1041 818 1125 878 prae-

108 888 225 949 dantur.
255 897 325 950 sunt
344 898 443 950 autem
463 908 566 951 omnes
581 890 644 950 lere
664 889 797 950 altivolae
815 897 935 969 praeter
953 897 1126 968 nocturnas

111 985 142 1037 et
161 981 254 1056 magis
272 981 408 1039 maiores.
436 978 574 1039 ommibus
599 979 660 1038 alae
683 978 820 1060 grandes,
843 997 953 1057 corpus
976 980 1125 1056 exiguum.

64 1078 93 1118 10
108 1065 259 1127 ambulant
283 1066 450 1128 dilliculter.
496 1069 527 1128 in
554 1069 648 1147 petris
675 1085 744 1127 raro
773 1069 941 1127 consistunt
968 1074 1127 1150 curvatura

107 1157 254 1234 unguium
276 1154 463 1234 prohibente.

176 1237 250 1326 (22)
274 1243 360 1304 Nunc
380 1245 416 1304 de
436 1244 568 1305 secundo
591 1263 701 1323 genere
726 1243 868 1324 dicamuS,
892 1243 972 1322 quod
994 1245 1026 1303 in
1050 1243 1123 1302 duas
1141 1245 1177 1294 43

107 1332 250 1392 dividitur
272 1335 398 1412 species,
421 1335 539 1394 oscines
563 1341 594 1392 et
616 1333 710 1394 alites,
752 1331 870 1393 illarum
892 1334 996 1410 generi
1020 1339 1125 1392 cantus

108 1423 179 1500 oris,
202 1421 249 1480 his
271 1421 443 1500 magnitudo
467 1421 665 1482 differentiam
688 1420 778 1481 dedit.
825 1415 884 1482 20.
917 1423 1017 1498 itaque
1040 1438 1125 1500 prae-

65 1509 217 1569 lacedem
235 1517 265 1570 et
284 1510 397 1590 ordine,
418 1529 581 1589 omnesque
600 1501 731 1589 reliquas
749 1512 781 1570 in
799 1509 847 1586 his
865 1527 1012 1588 pavonum
1031 1527 1126 1588 genus

109 1617 178 1659 cum
201 1599 296 1658 forma
318 1606 383 1659 tum
405 1599 559 1660 intellectu
583 1601 647 1659 eius
671 1607 702 1659 et
724 1599 825 1678 gloria.
858 1605 1041 1677 gemmantes
1064 1598 1125 1658 lau·

109 1687 196 1747 datus
220 1687 360 1766 expandit
383 1682 499 1748 colores
523 1688 646 1748 adverso
670 1690 796 1748 maxime
820 1687 892 1768 sole,
916 1689 986 1766 quia
1009 1689 1051 1747 sic
1070 1686 1126 1746 iul-

109 1777 228 1854 gentius
251 1774 376 1836 radiant.
421 1776 510 1837 simul
533 1776 656 1837 umbrae
680 1777 824 1855 quosdam
851 1794 1049 1854 repercussus
1079 1794 1125 1836 ce-

109 1867 196 1944 teriS,
229 1867 334 1942 quiet
361 1867 393 1924 in
421 1884 513 1944 opaco
537 1865 646 1926 clarius
679 1867 803 1946 micant,
835 1865 978 1925 conchata
1010 1866 1128 1943 quaerit

68 1971 96 2012 ao
110 1953 215 2034 cauda,
248 1971 411 2032 omnesque
444 1957 475 2015 in
508 1973 647 2015 acervum
676 1953 827 2016 contrahit
857 1955 1017 2032 pinnarum
1049 1971 1124 2032 quos

60 2065 63 2072 ¹
110 2043 240 2121 spectari
262 2042 371 2121 gaudet
393 2043 505 2104 cordos.
533 2045 613 2104 idem
635 2043 729 2104 cauda
752 2045 858 2103 annuis
882 2033 996 2102 vicibus
1020 2045 1128 2102 amissa
1145 2041 1182 2090 44
1259 2065 1261 2069 ·

111 2148 180 2190 curn
203 2130 281 2191 loliis
304 2131 455 2213 arborum,
478 2133 573 2193 donec
596 2140 771 2194 renascatur
795 2131 850 2192 alia
874 2149 943 2192 cum
965 2131 1049 2212 flore,
1072 2151 1126 2210 pu·

110 2218 261 2280 dibundus
284 2239 318 2279 ac
341 2238 478 2281 maerens
502 2223 619 2300 quaerit
641 2222 793 2282 latebram.
839 2222 911 2281 vivit
935 2222 1019 2280 annis
1043 2235 1126 2281 xxv.

111 2307 227 2367 colores
259 2308 385 2368 lundene
417 2312 522 2388 incipit
554 2313 585 2370 in
617 2313 748 2371 trimatu.
794 2309 830 2370 ah
861 2309 1034 2371 auctoribus
1066 2327 1127 2370 non

68 2394 274 2474 ingloriosum
297 2403 413 2457 tantum
437 2399 543 2458 animal
566 2399 623 2458 hoc
646 2399 788 2479 traditur,
816 2399 869 2458 sed
897 2405 927 2458 et
949 2399 1127 2479 malivolum,

112 2486 191 2544 sicut
223 2503 311 2544 anser
343 2487 560 2567 verecundum,
597 2490 738 2564 quoniam
768 2487 822 2546 has
855 2505 974 2565 quoque
1008 2487 1127 2565 quidam

111 2572 291 2633 addiderunt
313 2581 398 2634 notas
422 2577 453 2634 in
476 2575 536 2655 hio,
559 2575 638 2634 haud
660 2574 800 2654 probatas
822 2573 904 2634 mihi.
1191 2578 1194 2584 '

104 2664 106 2668 ’
179 2655 253 2744 (23)
277 2661 425 2723 Pavonem
444 2661 503 2724 cibi
521 2666 615 2743 gratia
633 2663 743 2724 Romae
761 2665 876 2742 primus
896 2661 1005 2723 occidit
1027 2669 1128 2723 orator
1145 2663 1181 2712 45

110 2751 291 2812 Hortensius
314 2751 424 2812 aditiali
448 2771 521 2813 cena
545 2753 711 2813 sacerdotii.
749 2753 883 2831 saginare
906 2753 1022 2830 primus
1045 2753 1128 2812 insti·

69 2861 98 2900 ao
111 2843 170 2900 tuit
192 2841 272 2900 circa
295 2843 488 2902 novissimum
511 2844 670 2921 piraticum
693 2841 805 2902 bellum
823 2839 859 2901 M.
874 2839 1008 2901 Aufidius
1031 2839 1129 2900 Lurco

111 2947 206 3007 exque
231 2947 267 2988 eo
291 2937 417 3007 quaestu
440 2931 555 2992 reditus
577 2930 635 2990 HS.
659 2948 805 3010 sexagena
827 2928 906 2989 milia
929 2928 1039 3010 hahuit,

178 3011 235 3078 21.
260 3011 334 3099 (24)
358 3016 496 3078 Proxime
520 3019 643 3098 glorian]
663 3021 796 3080 sentiunt
815 3027 844 3079 et
863 3018 894 3078 hi
908 3021 1007 3085 nostri
1025 3017 1128 3097 vigiles
1146 3018 1183 3067 46

183 3246 253 3295 iae
271 3241 320 3296 ille
335 3247 360 3296 d.
387 3242 437 3298 ille
451 3243 493 3296 1²².
525 3243 616 3296 eiille
630 3260 653 3296 r.
675 3245 678 3312 Ι
701 3242 800 3298 alitem
818 3243 887 3296 coni.
907 3241 969 3297 Sili.
992 3245 1086 3296 autem
1101 3245 1128 3297 ll.

111 3327 193 3394 avem
209 3311 295 3366 Ooler.¹
309 3314 347 3366 ad
365 3313 426 3396 isal.
442 3315 525 3368 Moe.
547 3317 574 3366 V
585 3319 611 3382 6,
621 3319 662 3396 4..
742 3319 766 3366 2.
787 3319 802 3366 3
828 3313 986 3383 concerpsit
1003 3313 1040 3367 al.
1068 3331 1127 3396 cor·

114 3383 239 3452 repnte.
313 3387 328 3436 5
348 3383 411 3466 drot.
431 3401 477 3454 epo
496 3391 521 3438 et
539 3386 609 3439 coni.
635 3385 747 3438 b1buni:
758 3385 817 3466 ¹cfr.
836 3400 897 3438 nov.
913 3386 965 3439 luc.
975 3401 1006 3453 p.
1017 3389 1060 3440 47.
1087 3403 1128 3438 ua-

110 3455 253 3508 uuntlle.
327 3455 551 3510 1c1nte11ectum
565 3459 637 3510 Fad.
663 3456 668 3524 Ι
692 3456 842 3526 glonaed.
856 3455 924 3510 Bas.
953 3457 1088 3538 4111111.Η
1122 3526 1127 3538 Ι
1211 3515 1217 3524 ,

111 3532 146 3581 26
165 3541 247 3580 anser
265 3524 353 3580 dDal.
380 3543 482 3580 -cumr
500 3527 559 3582 edd.
578 3532 640 3581 cett.
666 3543 737 3608 rem
755 3527 795 3580 ed.
814 3526 883 3581 Boc.
969 3533 1002 3582 29
1022 3527 1130 3582 emoch

110 3595 153 3650 1²2.
227 3602 260 3650 31
277 3597 396 3664 quaestu
410 3596 473 3651 rid.
502 3615 545 3652 -us
559 3599 650 3653 Billa.
674 3601 677 3667 Ι
697 3599 788 3652 hun.
816 3597 862 3651 HS
882 3615 905 3652 r.
