2286 3938
159 202 225 250 m
564 178 773 234 PRAEFATIO
836 159 837 164 '

158 335 243 392 nunt.
270 333 375 408 philol.
402 331 449 390 III
475 352 504 408 p.
526 323 617 413 131).
667 331 792 408 gravius
819 329 997 407 perturbate
1020 348 1066 390 neo
1103 358 1127 385 o

158 423 220 482 leni
242 422 478 498 transpositione
506 421 684 498 corrigenda
711 422 799 480 erant
826 437 903 496 quae
926 419 968 479 XI
991 422 1130 482 mal-u

159 513 252 588 vulgo
275 511 432 588 leguntur,
459 511 497 570 de
520 511 629 587 quibus
652 529 721 569 oum
743 497 869 586 longum
897 510 941 569 sit
959 510 1013 570 hoo
1031 510 1085 569 loeo
1105 529 1124 568 a

159 601 274 678 piosius
302 601 462 674 disserere,
493 619 544 660 eos
567 601 619 676 qui
642 600 679 659 de
701 600 820 659 ratione
841 617 911 658 mea
936 599 1124 660 audesindi

159 691 238 750 bunt
254 693 380 766 rogatos
398 690 505 764 velim·
517 691 553 748 nt
569 689 676 748 indicis
695 689 839 748 lemmata
857 689 890 758 st
902 689 1067 749 Aristotelis
1080 689 1127 748 loeo

159 799 178 839 a
201 797 250 838 ma
272 779 432 839 adnotatos
454 811 493 820 -
514 780 655 856 poterant
677 780 781 838 autem
803 779 896 837 etiarn
913 779 1015 854 plures
1035 777 1114 836 adro

162 899 203 910 -·
235 867 398 944 diligenter
427 869 616 944 perlustrent
646 871 679 927 et
706 885 775 928 oum
803 867 905 929 verbis
934 867 1071 928 Plinianis
1094 885 1127 926 eo

159 948 268 1016 ferant.
304 975 376 1017 nam
397 959 430 1016 in
451 959 518 1017 arte
541 959 647 1016 anitioa
668 957 745 1016 nihil
768 959 822 1016 aut
840 955 994 1018 difficilius
1016 959 1064 1016 aut
1081 977 1096 1032 p
1112 982 1130 1007 ι,

161 1047 301 1106 stabilius
324 1049 372 1106 est
395 1065 485 1123 quam
506 1047 539 1105 in
561 1048 683 1124 singula
706 1063 841 1124 quaeque
864 1047 946 1107 reete
968 1045 1101 1123 inquirere
1123 1072 1130 1095 ι

159 1155 265 1196 vamum
287 1136 431 1196 iudicium
451 1136 561 1210 faeere,
583 1155 680 1216 nequa
703 1155 760 1213 ago
785 1135 823 1195 ad
845 1135 944 1196 libros
964 1135 1125 1195 Plinianosz

160 1225 284 1285 oonsilio
302 1226 422 1300 assessi,
444 1227 480 1296 ut
498 1225 598 1302 legem
616 1226 748 1302 aliquam
771 1226 809 1284 ab
832 1225 902 1284 aliis
924 1227 980 1299 eut
1001 1244 1020 1284 a
1038 1243 1080 1284 mo
1097 1243 1128 1298 ιρι

159 1315 270 1390 fiotum,
287 1315 466 1392 ubicumque
485 1314 551 1374 fieri
568 1317 680 1391 posset,
704 1315 887 1392 adhiberem,
911 1314 964 1374 sad
983 1313 1050 1391 quid
1066 1313 1128 1388 ouiqu

159 1405 225 1464 loeo
252 1404 510 1464 accommodatum
537 1421 604 1464 esso
630 1404 786 1464 videretur
814 1403 911 1464 libero
943 1404 978 1462 et
1005 1405 1121 1478 ineorrup

159 1493 270 1552 iudicio
293 1511 398 1552 eruere
421 1495 545 1553 conatus
569 1511 645 1552 sum.

226 1581 269 1641 ut
290 1583 363 1644 haas
386 1582 507 1660 quidem
533 1583 707 1642 summatim
727 1582 861 1642 iudicata
882 1582 1074 1659 praemittere
1100 1579 1130 1633 n'¹

159 1671 260 1731 visum
283 1673 338 1746 est,
361 1689 400 1731 ne
422 1672 605 1732 temeritatis
628 1673 832 1747 insimulator,
856 1672 936 1749 qnod
960 1673 1074 1731 oiroiter
1096 1690 1110 1746 q
1129 1714 1130 1717 ι

161 1759 330 1838 dringsntis
359 1761 433 1820 loeis
463 1761 599 1822 eodieum
634 1761 816 1838 scripturam
849 1761 887 1820 de
920 1761 1084 1822 aonioeturs
1113 1784 1129 1807 «ι

160 1850 277 1910 mutavi
299 1851 354 1909 aut
374 1850 551 1910 mutandam
573 1867 640 1910 esse
667 1852 777 1911 sensui.
823 1868 899 1927 quae
927 1851 1103 1911 coniecturae
1127 1876 1130 1899 ι

161 1940 301 2000 omnibus
331 1939 500 2016 probentur
528 1958 567 1998 ua
595 1940 662 2017 ipso
691 1940 812 2018 quidem
840 1940 907 2000 foro
936 1957 1039 2017 spero,
1067 1937 1108 1998 sad

161 2047 251 2104 quam
267 2029 348 2088 forte
365 2029 514 2106 impularo
537 2032 573 2088 ut
589 2029 750 2090 laetiorem
767 2031 927 2107 vulgatam
949 2031 1006 2089 ant
1026 2029 1130 2089 vindi

160 2119 214 2176 aut
232 2118 355 2177 meliore
373 2119 492 2179 ratione
510 2119 670 2178 emendare
689 2119 819 2197 studeat,
837 2119 958 2180 litteras
977 2119 1085 2196 putabo
1099 2137 1127 2191 p·¹

160 2206 350 2281 profecturas
372 2225 438 2268 essu
461 2225 551 2284 quam
574 2208 600 2268 si
624 2209 866 2285 suppressissam.

645 2397 692 2466 ΙΙ

228 2562 336 2624 Restat
371 2567 409 2624 ut
444 2561 590 2641 asponam
626 2565 663 2624 do
698 2563 736 2626 iis
773 2583 850 2641 quae
885 2565 924 2624 ad
960 2567 1080 2624 textus
1108 2561 1123 2619 d

162 2655 399 2730 scriptionem
422 2656 453 2714 st
475 2655 514 2712 ad
542 2655 692 2714 formam
718 2671 754 2714 uo
781 2655 1060 2731 dispositionem
1083 2671 1127 2711 oo

160 2744 332 2804 mauturii
354 2744 516 2820 pertinent.
553 2761 588 2802 aa
606 2744 707 2802 tentus
730 2746 864 2804 vaterem
886 2744 971 2804 illurn
992 2745 1025 2804 in
1046 2741 1123 2802 sorti

160 2851 222 2892 nes
255 2834 288 2892 ot
318 2834 440 2910 sepita
471 2821 732 2912 distributionem,
769 2835 962 2910 quantumvis
993 2851 1130 2912 pervusr

161 2921 233 2998 quia
254 2923 326 2982 siue*
340 2922 527 2983 incommodo
551 2922 651 2982 omitti
671 2939 733 2983 non
750 2924 853 3000 petest
875 2925 998 3007 propter
1016 2921 1130 2999 priseo·

74 3053 77 3059 -
159 3011 242 3072 loeos
273 3012 384 3072 ditatos
416 3012 596 3089 designandi
627 3011 886 3091 cousuetudinem,
922 3013 1034 3073 rotinui
1064 3013 1104 3070 ita

161 3100 311 3160 stationes
325 3101 366 3160 ab
378 3099 535 3161 Horduino
557 3101 654 3162 facus
668 3101 775 3161 Ianum
795 3105 918 3163 seruus
932 3101 1067 3165 -numeris
1093 3124 1098 3151 ι
1112 3126 1130 3147 ι·

160 3189 298 3249 rotundis
314 3189 464 3266 ¹inolusis‚
497 3190 597 3266 eapite
626 3207 645 3249 a
671 3190 798 3252 Nieoluo
825 3191 952 3253 Iansone
980 3192 1013 3252 in
1043 3189 1125 3250 editio

161 3278 279 3339 Veneta
306 3297 333 3338 a·
358 3281 444 3340 1472
473 3279 616 3340 instituta
642 3273 713 3362 (afr.
735 3281 899 3345 Rusones
916 3281 1011 3358 disqu.
1038 3277 1108 3338 Plin.

160 3389 188 3445 p.
208 3359 292 3450 288)
311 3368 520 3448 amplioribusr
532 3370 666 3430 numeris
688 3369 875 3448 insignirem.
912 3367 971 3432 sed?
986 3371 1022 3430 in
1036 3365 1126 3430 versib

76 3499 85 3516 .
160 3457 370 3519 continuandis
392 3461 449 3518 aut
468 3458 824 3537 intercidendisnaglani
853 3475 942 3538 saepe
968 3459 1046 3518 hano
1077 3480 1130 3507 ·=¹

159 3546 315 3608 butiouem
333 3551 372 3625 at,
395 3547 427 3606 id
445 3548 525 3624 quod
543 3547 589 3608 P·
615 3549 621 3562 '
664 3547 794 3626 ioperis
815 3549 994 3627 proprietati
1010 3547 1045 3607 in
1064 3565 1084 3622 p
1100 3545 1127 3595 'e

161 3638 319 3697 convenire
336 3636 466 3712 videtur,
490 3639 586 3698 oratio
626 3633 780 3716 m,'prout
797 3640 969 3717 argumenti
989 3637 1067 3697 ratio
1084 3634 1130 3692 da
