2396 3940
190 223 254 292 228
535 221 565 278 c.
584 217 859 276 centemnunt

190 380 231 438 ita
253 382 395 456 corrupta
422 373 478 435 alvi
505 379 612 434 natura
639 377 717 432 state
749 378 897 452 tempore,
930 376 967 432 ut
997 368 1186 432 bencera«

189 465 295 549 placet,
318 466 378 527 sive
402 470 448 526 est
466 461 611 544 quaedam
632 463 715 523 intus
737 459 868 542 lanigera
889 459 1038 542 lertilitaS,
1060 467 1122 522 tarn
1143 477 1185 522 mc

190 556 293 618 derato
315 573 429 637 ungue,
457 561 518 616 tam
540 553 630 615 tereti
657 550 706 612 filo
730 558 761 612 et
784 558 843 612 mm
865 549 982 631 aequali
1004 550 1126 613 deducit
1147 559 1184 610 sta

137 653 170 704 81
190 647 279 728 mina,
301 647 367 727 ipse
390 663 423 706 se
445 642 578 725 pondere
601 659 684 705 usus.
729 649 831 703 texere
854 659 872 702 a
893 639 992 702 medic
1020 642 1127 722 incipit
1148 642 1185 701 cir

190 737 289 798 cinatc
326 733 399 795 orbe
436 733 604 795 subtemina
640 730 817 814 adnectens,
855 731 1048 811 maculasque
1085 729 1186 813 peribu

190 843 309 905 semper
334 822 510 903 intervallis,
539 821 592 884 sed
615 820 742 884 subinde
772 819 977 884 crescentibus
1009 840 1047 882 ex
1081 829 1186 900 angust*

185 913 314 976 'dilatans
337 911 536 975 indissolubili
557 911 636 974 nodo
659 910 789 992 inplicat.
835 919 945 992 quanta
967 919 1033 972 arte
1056 911 1135 973 celat
1154 929 1184 990 pe

150 1053 152 1058 .
189 1003 270 1064 dicas
293 1022 310 1064 a
333 1002 480 1065 scutulato
503 1009 567 1064 rete
595 999 778 1082 grassantes!
815 1019 903 1082 pam
930 1020 992 1062 non
1020 1000 1056 1062 ad
1087 1001 1141 1062 boc
1162 1001 1183 1060 vi

190 1093 278 1154 detur
291 1095 444 1173 pertinere
462 1091 617 1154 crebratae
634 1093 750 1172 pexitas
768 1091 844 1154 telae
863 1098 893 1152 et
911 1090 1040 1172 quadam
1057 1090 1186 1171 politura

190 1190 253 1245 arte
276 1185 341 1264 ipsa
363 1201 418 1263 per
440 1201 472 1244 se
495 1189 585 1244 tenax
603 1183 680 1243 ratic
699 1180 824 1244 tramae!
848 1199 936 1262 quam
954 1181 1044 1243 laxus
1063 1181 1102 1242 ad
1118 1181 1186 1242 ilatu

135 1278 169 1329 82
189 1291 223 1334 ac
252 1291 313 1334 nen
346 1271 513 1353 respuenda
548 1289 623 1352 quaa
658 1273 778 1333 veniant
810 1268 909 1333 sinus!
950 1271 1098 1332 derelicta
1129 1271 1186 1331 lassi

188 1361 344 1444 praetendi
376 1379 491 1424 summa
522 1361 610 1442 parte
640 1360 785 1423 arbitrere
817 1361 893 1423 licia.
945 1368 976 1422 at
1004 1360 1056 1422 illa
1088 1360 1186 1422 difficb

188 1459 353 1514 cernuntur
376 1459 464 1532 atque
487 1460 522 1513 ut
548 1454 580 1513 in
607 1451 701 1532 plagis
727 1451 822 1512 bacae
851 1451 979 1512 offensae
1007 1453 1186 1532 praecipiam

187 1545 218 1602 in
243 1545 350 1604 sinum.
387 1560 495 1622 specus
517 1544 582 1622 ipse
606 1559 665 1622 qua
689 1549 914 1604 concamaratur
936 1539 1150 1604 architectura!
1170 1559 1186 1602 e*

188 1639 292 1694 contra
319 1632 430 1711 frigora
459 1639 572 1712 quante
601 1629 759 1693 villosiorl
778 1649 867 1712 quem
893 1639 1029 1693 remotus
1057 1651 1076 1693 a
1107 1630 1186 1693 medi(

187 1721 325 1802 aliudque
356 1724 455 1801 agenti
485 1721 604 1804 similis,
635 1721 770 1784 inclusus
800 1740 871 1806 vero
901 1722 944 1783 sic
974 1727 1010 1782 ut
1040 1723 1082 1782 sit
1111 1741 1186 1782 necne

187 1813 268 1874 intus
292 1810 397 1891 aliquis
421 1813 504 1875 cerni
526 1829 588 1873 nou
610 1810 719 1891 pessit!-
741 1830 794 1892 age
818 1813 955 1894 firmitas,
978 1811 1102 1892 quande
1125 1829 1182 1872 rum

134 1906 168 1956 83
187 1900 328 1982 pentibus
351 1900 460 1964 ventis!
493 1920 550 1982 qtra
572 1900 731 1983 pulverum
752 1899 830 1964 mole
853 1899 1046 1982 degravantel
1081 1899 1186 1964 latitudt

186 1991 262 2053 telae
292 2009 380 2072 saepe
410 1994 490 2054 inter
520 1991 593 2054 duas
623 1990 760 2074 arbores,
792 2009 860 2053 eum
893 1999 1016 2054 exercet
1047 1999 1142 2054 artem
1170 1999 1185 2044 a

187 2080 276 2142 discit
298 2087 414 2164 tenere,
441 2081 595 2161 longitude
618 2081 660 2142 lili
683 2099 700 2143 a
723 2083 853 2144 culmine
880 2099 915 2142 ac
940 2100 1052 2143 rursus
1077 2101 1095 2142 a
1116 2083 1184 2143 terri

186 2187 240 2249 per
269 2170 342 2232 illud
372 2173 472 2255 ipsum
501 2170 585 2233 velex
614 2173 825 2254 reciprocatio,
854 2171 996 2252 subitque
1026 2175 1140 2252 pariter
1167 2191 1178 2228 a

186 2258 234 2319 fila
257 2259 385 2322 deducit.
432 2279 501 2324 cum
522 2279 594 2322 vere
617 2269 740 2342 captura
766 2260 884 2344 incidit,
912 2279 1004 2342 quam
1026 2262 1149 2342 vigilans
1171 2281 1181 2342 p

185 2355 306 2430 paratus
329 2349 484 2413 accursus!
516 2350 587 2412 licet
609 2359 741 2416 extrema
763 2351 885 2413 baereat
906 2351 1007 2433 plaga,
1031 2369 1148 2432 semper
1167 2351 1180 2418 l

186 2438 317 2501 medium
346 2443 453 2522 currit,
484 2443 554 2521 quia
581 2443 624 2502 sic
650 2443 777 2503 maxime
804 2448 901 2503 totum
929 2441 1131 2502 concutienda
1157 2431 1179 2502 tt

131 2533 166 2584 84
184 2529 283 2610 plicat.
316 2529 412 2591 'scissa
430 2532 568 2611 protinus
585 2531 683 2592 reficit
705 2531 741 2592 ad
763 2531 923 2612 polituram
948 2532 1093 2592 sarciens.
1120 2550 1139 2592 n

185 2638 243 2700 que
266 2627 296 2680 et
314 2619 493 2682 lacertarum
511 2620 624 2682 catulos
647 2628 794 2682 venantur
816 2639 850 2682 cs
872 2623 1004 2701 primum
1028 2620 1090 2681 tela
1111 2623 1139 2681 in

184 2717 287 2770 ventes
306 2717 337 2770 et
350 2717 422 2771 tunc
437 2709 557 2772 demum
570 2710 652 2772 labra
669 2718 797 2790 utraque
815 2712 917 2772 morsu
932 2709 1143 2791 adprehenden

184 2798 421 2880 amphitheatrali
448 2799 631 2882 spectaculo,
662 2818 732 2862 cum
760 2802 894 2880 contigit.
939 2807 1014 2862 sunt
1040 2819 1080 2862 ex
1108 2819 1139 2861 ec

184 2890 316 2967 eugenia.
368 2891 487 2970 quippe¹
507 2891 692 2951 incremento
722 2892 854 2968 amnium
887 2889 990 2952 futuro
1025 2889 1102 2952 telas
1130 2909 1143 2948 s

252 3101 269 3150 2
288 3095 363 3151 intus
382 3097 410 3153 u.
428 3100 549 3167 macter
566 3103 594 3151 Ι
616 3099 665 3168 qui
681 3097 726 3153 hic
748 3099 852 3170 deficit)
869 3115 893 3156 e.
925 3115 965 3154 nn
983 3098 1015 3154 in
1034 3099 1121 3155 ente?

181 3167 426 3225 Aatet.l.l.e.32
498 3171 668 3226 deltam.
695 3169 784 3226 etiam
797 3171 826 3228 ll.
897 3175 951 3224 8a
968 3170 1083 3227 RBrct.
1109 3187 1149 3226 cn.

181 3239 354 3362 'pgresnnbes
372 3245 446 3294 Ded.
546 3240 703 3310 tiquadam
720 3258 746 3298 a.
778 3242 881 3313 quaed·
899 3242 927 3297 ll.
1022 3247 1059 3298 10
1078 3243 1147 3298 lum

193 3329 242 3364 ax-
260 3311 289 3365 a.
382 3317 415 3366 12
434 3311 502 3366 licie
519 3315 551 3368 at
567 3313 658 3369 Hand.
686 3313 760 3371 licea
778 3317 809 3369 et
825 3317 904 3367 bill.
936 3311 1027 3369 liceat
1043 3314 1145 3370 aeddr

254 3386 287 3436 15
306 3383 412 3450 quanto
431 3386 477 3436 dc.
504 3383 573 3440 ·nd0
591 3401 615 3440 r.
702 3392 736 3443 16
755 3385 850 3457 agenn
868 3385 1115 3442 administret.

180 3467 242 3505 ene.
261 3451 412 3522 inopen.
441 3454 759 3524 eenamcenam.
787 3455 865 3527 genti
883 3474 908 3510 ι.
936 3455 987 3510 -tis
1006 3473 1031 3512 r.
1048 3459 1054 3526 1
1069 3473 1133 3514 nean

180 3523 261 3601 necte
280 3522 308 3578 ll.
406 3531 438 3580 1⁷
457 3525 549 3596 possib
565 3543 590 3581 e.
622 3529 718 3597 potest
734 3529 762 3583 ll.
792 3530 797 3596 l
826 3543 880 3598 age
897 3543 922 3584 a.
955 3543 1027 3599 eger
1045 3529 1075 3584 ll.

180 3589 265 3644 discit
281 3609 306 3646 v.
332 3597 391 3649 -cet
408 3597 436 3651 ll.
453 3597 458 3666 l
473 3596 588 3652 fflonn.
604 3595 778 3668 leculmine
795 3615 822 3655 e.
847 3598 977 3656 acumine
996 3601 1026 3658 ll.
1100 3605 1129 3654 m

181 3667 321 3715 cursuslt.
348 3681 413 3719 acu·
426 3673 457 3720 1).
485 3683 627 3722 accursus
641 3673 666 3722 d.
694 3669 731 3723 ed
744 3687 914 3728 cumumsa.
995 3677 1032 3728 nt
1050 3673 1140 3742 quial

181 3724 239 3779 Get.
265 3732 580 3804 ex(et2¹)qnie1t1t.
609 3754 643 3792 ex
661 3756 717 3808 qna
735 3760 759 3795 a.
788 3757 822 3797 ex
840 3761 896 3812 quo
913 3743 974 3800 edd.
989 3747 1056 3800 unte
1068 3743 1122 3797 θεῖ.
