2340 3934
229 141 311 198 unu.
330 141 422 198 fflsn.
441 144 507 200 vnn
526 149 630 199 er-ne
651 146 777 215 (ae-34)
969 145 1011 210 75

34 295 98 353 aritio
117 299 165 354 est.
196 292 267 354 adeo
290 301 413 356 naturae
437 293 511 355 nihil
533 293 645 376 placuit
668 313 734 356 esse
758 297 830 358 sine.
844 313 925 376 pare.
955 299 1010 357 ini·

33 387 92 442 ciunt
113 381 161 442 has
187 384 320 444 cavernis
343 383 429 444 facile
457 385 583 464 cognitis
611 383 666 445 soli
689 385 765 446 tabe.
813 393 919 447 necant
943 386 1010 448 illae

32 471 95 532 simul
113 472 197 532 odore
221 474 462 555 moriunturque,
486 480 516 534 et
538 481 661 534 naturae
685 493 783 554 pugna
807 476 972 537 coniicitur.

79 555 124 624 22.
142 554 215 644 (34)
246 561 305 622 Sed
323 564 357 623 iu
372 561 454 624 ltalia
478 581 597 643 quoque
621 564 754 625 creditur
772 564 911 644 luporum
929 567 1011 626 risus
1029 579 1065 629 80

17 669 76 712 resse
93 652 203 732 uenus,
232 669 394 732 vocemque
417 651 531 714 homini
554 655 783 732 quem-priores
809 654 1010 734 contemplen-

30 749 63 799 tn
80 741 197 802 adimere
221 740 256 801 ad
278 759 429 820 praesens.
460 744 573 803 inertes
596 741 651 803 hos
673 760 840 823 parvosque
858 743 958 804 Africa
981 752 1011 804 et

29 833 144 909 legpptus
165 832 304 912 gignum,
334 849 455 910 asperos
477 839 640 911 trucesque
663 832 798 912 frigidior
820 833 912 912 plaga.
958 833 1010 892 ho·

29 921 95 978 niues
118 921 147 980 iu
174 919 261 1000 lupos
289 922 365 982 verti
392 939 559 1002 rursusque
586 923 706 982 restitui
734 922 790 984 sibi
814 922 920 984 falsum
943 928 1009 982 esse

28 1008 177 1070 confidenter
205 1011 374 1070 existimare
403 1009 546 1072 debemus
575 1019 627 1072 aut
654 1011 778 1072 eredere
809 1013 906 1072 omnia
934 1029 1010 1090 quae

16 1097 126 1158 »fabulosa
147 1105 191 1159 tot
216 1099 342 1160 saeculis
365 1103 573 1180 comperimus.
619 1099 698 1161 unde
722 1108 821 1161 tamen
844 1103 900 1161 ista
922 1100 1010 1180 vulgo
1047 1157 1050 1163 .

26 1187 88 1247 inira
107 1192 145 1249 sit
166 1189 245 1249 fama
272 1191 303 1250 in
327 1197 442 1251 tantum
466 1197 500 1250 ut
523 1192 554 1250 in
577 1189 742 1276 maledictis
764 1189 937 1270 versipelles
959 1189 1009 1249 ha·

25 1275 71 1336 leat
89 1277 271 1340 indicabitur.
315 1277 498 1340 Euanthes
520 1281 600 1340 iuter
623 1287 762 1347 auctores
786 1278 926 1340 Graeciae
948 1296 1010 1338 uon
1029 1291 1062 1340 81

25 1375 113 1444 spretus
134 1367 226 1429 tradit
249 1368 377 1429 Arcadas
406 1367 538 1430 scribere
566 1386 603 1428 ex
626 1375 714 1448 gente
738 1367 828 1429 Anthi
856 1367 1010 1429 cuiusdam

23 1465 80 1516 sorte
103 1457 227 1518 familiae
250 1456 362 1518 lectum
389 1457 425 1518 ad
448 1465 586 1538 stagnum
610 1457 757 1537 quoddam
785 1459 918 1537 regionis
945 1458 1010 1516 eius

24 1543 71 1605 luri
91 1549 259 1626 vestituque
286 1549 319 1607 in
348 1565 467 1627 quercu·-
489 1565 636 1627 suspeusc
664 1555 783 1608 tranare
812 1553 900 1626 atque
928 1545 1010 1606 abire

23 1635 163 1697 indeserta
186 1637 452 1718 transfigurarique
475 1639 506 1698 in
528 1636 631 1717 lupum
655 1645 685 1698 et
708 1655 776 1698 cum
800 1638 908 1698 ceteris
932 1637 1010 1696 eius

23 1721 68 1784 dn
87 1729 203 1808 generis
227 1729 401 1806 congregari
423 1745 478 1808 per
500 1745 595 1788 annos
617 1741 705 1788 vnn.
739 1745 798 1806 quo
821 1728 853 1786 iu
876 1733 1010 1805 tempore

23 1815 38 1872 si
50 1814 153 1898 lemine
178 1835 214 1877 se
231 1815 417 1898 abstinuerit,
440 1819 553 1877 reverti
570 1815 606 1876 ad
624 1816 704 1878 idem
723 1823 861 1894 stagnum
880 1822 918 1898 et,
942 1833 1011 1875 cum

23 1907 164 1988 tranaverit,
197 1905 327 1985 effigiem
349 1908 484 1986 recipere
512 1905 549 1967 ad
571 1907 732 1985 pristinum
754 1904 888 1966 habitum
911 1903 1011 1965 addito

21 2011 99 2056 eorem
115 2013 263 2058 annorum
282 1998 375 2057 senio.
397 1995 427 2057 id
446 2013 565 2076 quoque
584 2014 601 2056 e
620 1993 736 2077 fabens,
754 1994 878 2056 eandem
897 1996 1010 2074 recipe-

21 2099 67 2143 rare
86 2094 205 2147 vestem.
251 2087 361 2146 mirum
384 2093 431 2148 est
453 2104 512 2164 quo
535 2083 677 2165 procedat
700 2083 811 2145 Graeca
834 2082 1010 2146 credulitas!
1029 2093 1065 2143 82

20 2172 107 2234 nullum
124 2183 185 2236 tam
205 2175 354 2254 inpudens
377 2175 564 2236 mendacium
582 2182 629 2235 est
651 2181 685 2234 nt
704 2181 781 2234 teste
801 2181 909 2234 careat.
939 2175 1011 2234 item

21 2261 126 2342 tropas
162 2267 217 2344 qui
254 2263 472 2344 Olympionicas
509 2265 630 2343 scripsit
665 2271 767 2324 narrat
798 2261 1011 2324 Demaenetum

20 2347 183 2415 Parrhasium
206 2356 237 2414 in
261 2353 406 2414 sacrificio
430 2353 509 2433 quod
523 2352 653 2414 Arcades
671 2351 732 2412 fori
750 2350 865 2432 Lycaeo
884 2351 1010 2412 humana

20 2443 145 2504 etiamtum
166 2443 267 2504 hostia
290 2442 449 2524 faciebant,
471 2443 615 2504 immolati
637 2443 725 2521 pueri
747 2449 815 2501 exta
838 2441 1011 2519 degustasse

20 2533 84 2592 ein
109 2532 214 2613 lupum
241 2551 274 2593 se
303 2535 499 2614 convertisse,
530 2532 658 2592 eundem
680 2545 705 2591 x
732 2548 810 2590 auno
837 2531 1012 2590 restitutum

21 2619 147 2684 athleticae
171 2639 239 2684 esse
262 2624 346 2683 etin
368 2621 502 2702 pugilatu
524 2623 668 2682 victorem
692 2618 825 2700 Olympia
848 2635 1011 2678 reversum.

21 2712 72 2786 quin
91 2720 120 2773 et
142 2711 255 2775 caudae
276 2710 367 2772 huius
390 2710 524 2772 animalis
547 2709 681 2771 creditur
701 2708 788 2788 vulgo
811 2710 910 2768 inesse
934 2724 1010 2766 ama·
1030 2717 1065 2768 83

20 2803 105 2860 terium
126 2804 209 2862 virus
233 2803 341 2880 exigue
364 2802 395 2860 in
418 2799 487 2861 villo
511 2817 653 2880 eumque,
676 2817 745 2859 cnm
768 2798 911 2876 capiatur,
936 2794 1013 2856 abici

72 3015 122 3064 it
140 3009 261 3064 iniciunt
278 3013 302 3062 d.
330 3008 451 3062 interfic·
469 3025 493 3062 r.
521 3006 672 3062 inferciunt
689 3004 776 3059 Solia.
796 3008 899 3072 27,53.
980 3009 1011 3056 11

21 3075 78 3132 tite
103 3084 167 3136 sunt
184 3083 213 3136 ll.
243 3083 248 3150 Ι
276 3081 356 3134 utin
374 3079 416 3134 1²².
444 3081 477 3134 nt
494 3096 516 3134 r.
590 3083 623 3132 13
643 3094 682 3132 cn
700 3075 798 3134 scribit
877 3072 1013 3129 tradere?

73 3157 103 3206 19
124 3153 247 3224 reperire
270 3151 308 3206 εἱ.
398 3157 433 3206 20
457 3167 472 3205 e
495 3149 598 3206 fabulis
621 3165 676 3218 epo.
704 3147 797 3202 fabius
816 3149 876 3202 tto.
903 3145 1013 3200 fabulo·

22 3219 61 3273 sine
74 3224 238 3280 Pellieers'rsa.
260 3223 396 3278 traditum
411 3223 468 3278 Uri.
484 3239 550 3277 aaa.
560 3221 658 3290 philol.
672 3223 748 3275 1858
757 3236 788 3289 p.
799 3223 856 3274 338
869 3235 898 3272 ee.
916 3216 1014 3271 fabule

21 3289 64 3344 eins
76 3297 212 3366 (saeptam
225 3295 283 3350 feb.
298 3295 366 3365 eius)
382 3295 473 3350 Mart.
482 3293 577 3349 Hertz.
591 3293 624 3348 de
635 3293 698 3347 fetet.
707 3291 787 3356 Rom.
801 3291 897 3371 reliqna
911 3292 1014 3357 quaest.

19 3377 39 3428 f·
47 3369 81 3422 14.
130 3374 173 3422 20.
184 3374 217 3422 21
237 3382 402 3438 recuperare
420 3365 465 3422 3¹.
488 3365 613 3435 recipere
630 3362 721 3416 Brit.
776 3367 810 3416 22
830 3358 1014 3442 cerret1²¹a¹5

22 3433 88 3492 -ialt
111 3441 116 3510 Ι
138 3440 209 3494 item
225 3439 268 3494 Ρ.
293 3441 344 3510 [ssa
360 3443 392 3491 n.
420 3437 516 3506 itaque
537 3441 582 3490 da.
609 3435 651 3490 ita
669 3451 692 3489 r.
765 3439 798 3487 23
819 3431 924 3501 Scopas
943 3445 1014 3485 conr.

23 3505 100 3564 laam.
126 3527 211 3581 copas
229 3511 257 3565 tl.
330 3515 363 3564 27
388 3525 449 3564 esee
472 3510 502 3563 et
522 3523 576 3577 epo.
606 3505 775 3563 restituisset
797 3505 824 3558 lt.
851 3504 958 3572 (netem
980 3518 1015 3555 ea

22 3577 109 3650 dittogr.
125 3584 256 3638 restituta]
275 3583 368 3651 esset).
395 3580 531 3636 restitisse
549 3579 609 3634 edd.
627 3583 688 3634 cett.
719 3577 840 3632 certasse
859 3573 936 3628 codd.
956 3572 1015 3628 θεῖ.

42 3650 161 3708 victorem
178 3670 232 3725 eqo.
260 3653 452 3721 uictoremque
470 3650 590 3706 uictoria
608 3651 635 3706 ll.
655 3650 714 3705 edd.
733 3651 794 3702 cett.
