2302 3938
144 202 206 265 124
488 215 519 265 c.
541 217 638 266 resur
660 216 808 267 aeonum

143 375 174 434 in
187 371 365 434 Laminitano
378 389 452 452 egro
471 373 618 436 citerioris
633 371 790 452 Hispaniae
809 380 839 432 et
852 371 940 434 modo
954 371 984 434 in
998 379 1098 450 stagna
1113 393 1139 434 se

149 458 272 519 lundens
289 457 376 518 modo
396 458 425 518 in
441 459 589 536 angustias
607 457 769 521 resorbens
791 465 839 518 aot
858 457 888 518 In
902 465 993 521 tetum
1008 457 1139 518 cuniculis

143 541 273 604 condens
300 550 330 602 et
355 541 473 616 saepius
495 543 574 604 nasci
596 541 727 620 gaudeus
756 543 786 604 in
808 540 984 605 Atlanticum
1011 559 1139 602 oceanum

147 625 313 694 effunditur.
357 625 584 694 Tarraconensis
611 636 706 688 autem
731 627 824 688 adlisa
849 627 1001 704 Pyrenaeo
1032 633 1144 702 totoque

147 712 210 773 eius
233 710 328 774 latere
352 711 511 774 decurrens
534 721 565 772 et
586 712 670 774 simul
693 711 729 772 ad
745 711 883 775 Gallicum
905 727 1046 773 oceanum
1068 708 1144 770 Ilibe-

143 801 206 860 rico
222 815 238 858 a
253 803 323 866 mari
342 806 509 858 transversa
525 815 558 857 se
574 796 703 875 pandens
719 794 838 856 Solorio
852 801 952 856 monte
966 802 997 856 et
1012 793 1141 856 Oretanis

143 883 220 959 iugis
242 879 472 961 Carpetanisque
493 888 525 942 et
547 881 686 942 Asturum
710 897 726 940 a
747 877 864 941 Baetica
894 885 982 957 atque
1002 877 1142 941 Lusitania

142 965 334 1044 distinguitur.

113 1057 130 1108 7
206 1048 268 1131 (3.)
290 1049 407 1118 Bustica
426 1049 575 1120 alumine
594 1067 657 1112 eam
677 1049 798 1110 medIam
814 1056 934 1111 secante
948 1050 1143 1126 cognominata

143 1144 261 1196 cunctas
281 1136 495 1215 provInciarum
512 1135 594 1196 diviti
615 1133 694 1194 cultu
714 1141 745 1196 ei
759 1133 882 1214 quodam
902 1131 993 1197 fertili
1012 1151 1048 1194 ac
1064 1151 1142 1212 pecu·

143 1219 207 1280 llari
223 1221 320 1281 nitore
339 1219 498 1300 praecedit.
525 1219 639 1280 iuridici
657 1227 838 1280 conventuus
854 1219 882 1278 el
898 1225 1051 1296 quattuor,
1067 1215 1149 1278 Gadi-2

144 1313 227 1374 tanus
243 1302 442 1366 Cordubensis
458 1303 640 1382 astigitanus
655 1302 848 1380 Hispalensis.
872 1301 977 1382 oppida
990 1303 1087 1363 omnia
1103 1321 1143 1361 nu·

143 1406 225 1448 mero
242 1385 381 1450 clxxv.
404 1390 434 1458 iu
451 1389 487 1448 iis
501 1388 636 1450 coloniae
648 1385 742 1463 VIIII,
756 1385 909 1466 munipria
926 1405 950 1448 c.
962 1384 997 1446 H.
1011 1384 1052 1464 X,
1066 1385 1143 1446 Latio

143 1473 301 1550 antiquitus
316 1473 422 1534 donata
437 1471 579 1551 XXVIII,
605 1472 742 1533 libertate
759 1469 812 1548 v1,
827 1470 950 1532 loedere
966 1469 1024 1548 111,
1041 1472 1144 1550 stIpen·

143 1556 233 1618 diaria
246 1553 336 1628 CXX.
351 1555 398 1618 Ex
409 1555 454 1618 bis
472 1555 559 1636 digua
572 1564 733 1620 memoratu
748 1556 910 1618 autLatino
922 1573 1060 1618 sermone
1073 1556 1144 1616 dictu

143 1641 250 1718 facilia,
265 1661 283 1702 u
298 1640 415 1704 llumIne
431 1639 506 1720 Ana,
522 1640 610 1702 litore
625 1641 745 1720 occanI,
762 1639 899 1720 oppidum
910 1637 1078 1716 Ossonoba,
1095 1640 1145 1700 Ae·

143 1727 251 1786 stuarIa
268 1727 516 1804 cognominatum,
536 1725 740 1787 interfluentos
755 1724 846 1789 Luxia
862 1733 893 1786 et
909 1721 1027 1802 Urium,
1042 1723 1150 1788 Harenil

61 1822 63 1826 ·
144 1820 276 1888 montes,
291 1811 391 1872 Baetis
406 1811 527 1886 durius,
545 1811 612 1872 litus
629 1807 762 1872 Curense
777 1808 888 1873 inilexo
904 1810 985 1886 sinu,
1008 1811 1093 1873 cuius
1115 1828 1146 1870 es

143 1894 269 1958 adverso
286 1895 373 1958 Gadis
388 1898 464 1958 inter
479 1895 587 1958 insulas
604 1893 756 1972 dicendae,
775 1895 1002 1974 promunturium
1018 1893 1145 1961 Iunonis,

142 1989 244 2058 portus
261 1979 429 2061 Vaesippn,
446 1979 583 2059 oppidum
594 1979 701 2057 Baelo,
716 1977 864 2057 Mellaria,
882 1979 987 2043 fretum
1002 1997 1042 2040 ex
1052 1979 1146 2041 Atlan-

142 2065 201 2124 tico
227 2065 315 2140 mari,
342 2063 459 2128 Carteia
481 2062 620 2124 Tartesos
646 2081 663 2125 a
686 2062 806 2126 Graecis
828 2061 918 2141 dota,
941 2082 1024 2126 mons
1048 2061 1145 2143 Calpe.

111 2146 207 2207 8dein
223 2146 312 2208 litore
326 2150 443 2210 interno
461 2149 597 2228 oppidum
612 2148 773 2212 Barbesula
790 2167 854 2212 cum
872 2147 976 2225 Iluuio,
998 2151 1067 2210 Item
1092 2149 1148 2209 Sal·

141 2229 233 2308 dubo,
244 2233 388 2312 oppidum
403 2233 488 2312 Suel,
505 2232 615 2301 Malaca
629 2251 693 2295 cum
708 2233 815 2312 durio,
833 2233 1062 2302 foederatorum.
1085 2233 1147 2293 deiu

140 2313 285 2380 Maenuba
305 2337 369 2380 cunr
389 2317 494 2392 durio,
515 2317 585 2380 Sexi
601 2319 727 2380 Firmum
746 2319 919 2398 cognomine
945 2317 1064 2394 lulium,
1090 2317 1147 2392 Sel,

139 2399 275 2479 Abdara,
291 2400 386 2481 Murgi
406 2403 542 2464 BaetIcae
561 2404 634 2464 linis.
681 2401 767 2464 Orarn
781 2421 845 2464 eam
860 2405 889 2464 ia
906 2403 1074 2464 uniuersum
1097 2403 1148 2463 ori·

139 2485 216 2561 ginis
238 2485 404 2558 Poenorum
422 2488 597 2550 existimavit
611 2485 650 2547 II.
666 2487 811 2568 Agrippa.
856 2487 892 2550 ab
908 2486 972 2554 Ana
988 2495 1087 2551 eutem
1101 2487 1149 2548 Αι-

139 2568 248 2632 lantico
272 2588 384 2640 oceano
405 2571 532 2634 obversa
550 2570 733 2634 Bastulorum
750 2571 1000 2647 Turdulorumque
1018 2579 1074 2634 est.
1124 2573 1149 2630 in

139 2655 306 2728 universam
325 2655 492 2738 Hispaniam
515 2654 554 2718 ll.
574 2657 671 2718 Varro
693 2658 868 2735 pervenisse
876 2654 1005 2720 Hiberes
1022 2664 1053 2718 et
1081 2655 1149 2716 Per·

140 2757 188 2800 sas
211 2749 242 2801 et
260 2739 424 2804 Pboenicas
446 2738 617 2822 Celtasque·
630 2748 661 2802 et
681 2739 798 2809 Poenas
821 2740 915 2808 tradit.
958 2739 1054 2802 lusum
1073 2742 1150 2802 enim

140 2822 239 2884 Liberi
255 2825 347 2904 patris
365 2835 414 2886 aut
434 2825 542 2903 lyssam
556 2843 620 2886 cum
637 2842 675 2886 eo
691 2824 889 2889 bacchantium
906 2841 1012 2886 nomen
1030 2823 1149 2886 dedisse

137 2905 304 2971 Lusitaniae
320 2917 351 2970 et
364 2909 441 2970 Pana
459 2910 639 2989 praelectum
661 2910 724 2970 eius
742 2911 898 2970 universae
914 2917 1002 2988 atque
1018 2925 1097 2988 quae
1115 2909 1149 2968 de

72 3068 75 3072 .
139 2989 265 3055 Hercule
280 3011 314 3057 ac
328 2992 446 3071 Ppreno
466 2993 515 3068 vel
530 2995 655 3057 Saturno
673 2993 824 3057 traduntur
842 2993 977 3057 sabulosa
997 2995 1027 3054 iu
1049 2995 1149 3074 prImis

110 3074 278 3137 barbitror.
322 3076 421 3142 Baetis
441 3080 471 3140 in
486 3077 714 3140 Tarraconensis
731 3079 902 3160 provinciae
918 3096 993 3154 uon,
1012 3085 1046 3139 ut
1061 3077 1149 3156 aliqui

138 3159 260 3237 dixere,
280 3159 413 3224 Mentesa
434 3163 543 3243 oppido
564 3162 617 3223 sed
640 3160 780 3240 Tugiensi
797 3164 937 3224 exoriens
959 3161 1036 3224 saltu
1053 3162 1143 3242 (luxt

139 3261 225 3322 quern
240 3243 336 3306 Tader
353 3247 457 3310 lluvius
477 3247 526 3326 qui
546 3244 814 3326 Carthaginiensem
829 3265 931 3327 agrum
950 3247 1045 3329 rigat)
1060 3245 1149 3310 Ilorci

137 3328 247 3408 refugit
271 3329 418 3410 Scipionis
443 3349 563 3411 rogum,
598 3349 760 3410 versusque
789 3333 819 3392 in
847 3348 982 3396 oceasum
1007 3348 1150 3395 oceanum

140 3411 317 3480 Atlanticum
340 3417 518 3494 provInoiam
535 3416 677 3496 adoptans
698 3416 788 3495 petit,
810 3415 1072 3498 modicusprlmo,
1095 3415 1149 3477 sed

136 3498 291 3562 multorum
306 3499 451 3566 fluminum
465 3520 558 3584 capax
573 3501 677 3581 quibus
692 3501 758 3583 lpse
769 3501 873 3566 lamam
883 3501 1149 3584 aquasqueauteu.
