2340 3934
160 145 204 212 22
508 143 538 199 C.
558 141 658 199 PLINI
676 131 834 198 SECUNDI

107 312 142 363 86
228 290 285 359 22.
318 288 394 378 (22)
446 293 573 356 Auditus
600 311 695 356 unum
722 291 890 372 exemplum
917 291 1007 352 hahet
1036 291 1165 368 mirabile,

160 385 308 468 proelium
335 403 395 464 quo
419 382 539 464 Sybaris
562 383 659 444 deleta
682 390 728 443 est
756 401 791 442 eo
815 383 862 444 die
886 400 945 460 quo
968 389 1089 461 gestum
1115 392 1162 438 erat

161 476 295 538 auditum
318 473 478 554 Olympiae.
511 491 610 534 nam.
625 471 844 534 ..Cimbricae
867 473 1008 532 victoriae
1030 469 1165 532 Castores-

162 584 221 646 que
239 564 364 626 Romani
386 565 439 643 qui
459 562 611 624 Persicam
633 563 787 624 uctoriam
810 563 875 640 ipso
900 559 948 620 die
973 578 1035 640 quo
1060 561 1149 636 contig
1150 561 1164 616 ιι

161 656 335 716 nuntiavere
357 654 440 714 risus
463 659 493 712 et
516 654 672 713 numinum
695 651 780 712 fuere
802 651 965 731 praesagia.

107 759 142 808 87
229 737 288 806 23.
312 735 385 824 (23)
418 739 565 803 Patientia
588 743 736 823 corporis,
759 748 793 800 ιιι
816 747 862 800 est
849 738 993 800 terebra
1017 756 1086 798 sors
1108 737 1166 796 raia·

161 835 322 912 mitatium,
353 833 510 892 innumera
542 830 720 892 documenta
751 831 881 910 peperit
856 828 1151 890 telarissimum
1146 847 1166 886 ιιι

161 923 280 982 feminis
300 919 434 980 Leaenae
456 921 637 1000 meretricis,
661 937 736 998 quae
760 926 838 979 torta
860 936 922 980 non
945 917 1091 978 indicarit
1110 915 1166 975 llar-

160 1009 295 1071 modium
317 1017 347 1070 et
370 1009 602 1088 Aristogitonem
624 1007 838 1089 tyrannicidas,
860 1009 892 1068 in
914 1009 988 1068 viris
1006 1005 1166 1082 Anaxarchi

161 1100 214 1180 qui
241 1098 331 1160 simili
358 1098 394 1158 de
423 1116 511 1159 causa
538 1116 607 1159 eum
629 1105 823 1176 torqueretur
845 1114 1022 1178 praerosam
1046 1095 1166 1157 dentibus¹

160 1188 293 1268 linguam
315 1205 464 1266 unamque
487 1205 572 1267 spem
594 1186 697 1248 indicii
720 1189 751 1248 in
774 1189 891 1267 tyranni
914 1205 949 1246 os
972 1189 1105 1266 exspuit.

108 1291 143 1341 88
229 1271 289 1340 24.
314 1270 388 1360 (24)
427 1275 569 1338 Memoria
592 1278 796 1341 necessarium
818 1278 944 1336 maxime
968 1278 1051 1345 uitae
1075 1275 1164 1335 bonno

162 1370 212 1430 cui
233 1369 394 1448 praecipua
417 1366 508 1428 luerit
525 1365 604 1426 haud
623 1365 708 1426 facile
732 1365 814 1426 dictu
837 1373 883 1426 est
906 1373 967 1425 tam
989 1363 1098 1424 multis
1121 1365 1166 1422 ein:

160 1457 286 1538 gloriam
309 1455 432 1560 adeptis
479 1454 573 1534 Cyrus
596 1473 651 1516 ιιι
673 1453 812 1516 omnibus
835 1457 866 1514 in
889 1455 1029 1514 exercitu
1055 1453 1166 1514 suomi

160 1545 263 1608 litibus
287 1547 407 1607 nomina
429 1543 571 1624 reddidit,
594 1543 626 1606 L.
651 1543 751 1625 Scipio
773 1543 883 1626 populo
902 1542 1059 1624 Romano,
1083 1541 1161 1602 Cinea

137 1633 249 1725 Pyrri
264 1637 344 1715 regis
358 1635 473 1714 legatus
493 1635 610 1695 senatui
629 1642 659 1694 et
674 1635 807 1714 equestri
821 1631 920 1694 ordini
933 1631 1053 1694 Romae
1067 1639 1146 1713 poste

137 1715 210 1786 die
238 1743 328 1805 quam
354 1722 521 1785 advenerat
567 1722 752 1786 Mithridates
776 1722 902 1784 duarum
929 1729 960 1783 et
982 1724 1097 1803 viginti
1118 1739 1163 1800 gen

161 1816 238 1876 tium
260 1833 314 1878 rex
336 1813 461 1875 totidem
483 1812 624 1894 linguis
615 1831 682 1874 rura
704 1813 785 1894 dixit,
808 1832 863 1893 pro
887 1814 1031 1874 contione
1058 1811 1162 1891 singulo

108 1916 143 1967 89
163 1906 227 1965 sine
259 1906 424 1985 interprete
456 1903 580 1965 adlatus.
631 1901 809 1964 Charmadas
843 1903 1003 1984 quidam
992 1921 1031 1964 ιιι
1067 1901 1160 1963 Graeci

163 2012 238 2074 quae
262 1995 330 2073 quis
353 2000 496 2074 exegerat
515 1993 664 2054 volumina
686 1993 718 2054 in
737 1991 925 2054 bibliothecis
947 1991 1083 2072 legentis
1101 1987 1165 2052 morl

162 2084 404 2163 repraesentavit.
435 2101 485 2143 ars
506 2090 658 2162 postremo
682 2085 748 2144 eius
771 2084 816 2142 rei
839 2082 916 2142 iacta
938 2089 968 2142 et
990 2083 1120 2142 inventa
1139 2079 1165 2138 es}

162 2188 180 2232 a
204 2169 356 2233 Simonide
379 2171 500 2252 melico,
528 2180 731 2232 consummata
754 2189 770 2231 a
793 2170 962 2232 Metrodoro
986 2169 1131 2251 Scepsio,
1150 2169 1165 2242 ιι

109 2274 145 2324 80
163 2259 237 2321 nihil
259 2278 321 2321 non
343 2259 450 2322 iisdem
467 2259 567 2321 verbis
589 2259 768 2322 redderetur
787 2260 928 2322 auditum.
955 2277 1016 2320 nec
1042 2259 1123 2322 aliud
1140 2277 1163 2316 e.

61 2407 66 2418 .
163 2367 260 2429 aeque
276 2348 379 2430 fragile
402 2351 434 2412 in
452 2349 571 2412 homine
595 2348 769 2410 morborum
792 2357 822 2410 et
845 2367 931 2410 casus
949 2349 1078 2431 iniuria,
1101 2357 1161 2427 atqu

164 2441 254 2501 etiam
275 2446 373 2501 metus
392 2441 492 2520 sentit,
515 2438 586 2499 alias
603 2437 813 2520 particulatim,
835 2438 906 2498 alias
924 2439 1081 2502 universa.
1112 2441 1163 2499 ictu

163 2527 259 2610 lapide
282 2527 393 2591 oblitus
416 2535 462 2590 est
484 2527 599 2589 litteras
618 2536 742 2590 tantum.
773 2547 810 2590 ex
826 2527 957 2608 praealto
980 2535 1070 2590 tecto
1090 2528 1164 2607 lapsu

163 2621 267 2680 matris
303 2625 334 2680 ιι
370 2617 512 2680 adfinium
546 2619 843 2698 propinquorumque
880 2618 959 2698 cepit
992 2616 1164 2696 oblivionem

164 2708 239 2771 alius
262 2715 402 2789 aegrotus
425 2724 595 2788 servorum,
625 2699 715 2770 etiam
737 2709 784 2769 sui
807 2725 877 2767 vero
905 2708 1039 2768 nominis
1065 2705 1162 2768 Messa!

155 2797 310 2865 ,Corvinus
338 2804 447 2858 orator.
493 2798 593 2876 itaque
621 2815 709 2878 saepe
732 2797 860 2858 deiicere
883 2803 1010 2878 temptat
1035 2815 1074 2859 ac
1098 2795 1157 2858 med

164 2893 246 2948 tatur
272 2885 319 2946 vel
346 2887 447 2964 quieto
476 2903 602 2990 corpore
631 2894 661 2947 et
648 2886 791 2948 tralido.
838 2904 941 2948 somno
970 2905 1138 2968 quoque
1126 2905 1153 2946 se

112 3003 115 3008 ·
164 2982 253 3055 pente
277 2982 456 3056 amputatur,
479 2983 513 3036 ut
535 2977 633 3037 inanis
656 2994 740 3038 mens
764 2985 887 3058 quaerat
910 2975 961 3036 ubi
984 2978 1026 3038 sit
1050 2977 1119 3038 loci.

111 3079 145 3128 91
235 3057 294 3126 25.
318 3057 392 3147 (25)
425 3063 523 3126 Animi
545 3067 645 3144 vigore
667 3068 956 3147 praestantissimum
979 3064 1117 3129 arbitror
1137 3083 1163 3144 gc

164 3155 261 3215 nitum
284 3151 442 3216 Caesarem
464 3153 648 3218 dictatorem
680 3173 736 3218 nec
759 3158 900 3218 virtutem
923 3159 1163 3234 constantiamqn

236 3369 253 3418 3
277 3363 406 3418 locrorum
427 3377 475 3432 eqo
492 3361 624 3419 indicaui.
658 3363 751 3420 Ianus
768 3365 886 3420 incenit
902 3361 1005 3420 nuncii
1042 3365 1126 3420 ειιαιιι
1143 3379 1161 3413 ι

166 3434 350 3504 Castoresque
375 3433 497 3490 Romani
523 3435 652 3491 videatur
678 3441 810 3504 oncupio
833 3451 895 3490 ease.
986 3439 1020 3490 ιι
1050 3437 1159 3506 tyr-am

164 3511 218 3559 Ru.
247 3505 288 3560 ni
307 3522 379 3562 osr
449 3512 482 3561 1e
501 3506 647 3560 carmadas
666 3511 772 3561 ma
840 3513 874 3562 20
893 3509 1106 3590 exegeratedd.
1123 3509 1158 3559 cet

165 3575 216 3630 -rit
233 3577 261 3632 u.
278 3593 304 3632 o.
323 3575 373 3642 cfr.
393 3576 483 3648 luep
486 3582 575 3634 ..109
666 3578 728 3632 24
719 3577 834 3634 miurias
852 3583 883 3633 ιι.
975 3583 1010 3634 28
1029 3577 1137 3634 litteras

165 3644 258 3701 -risr
330 3651 364 3700 28
383 3648 447 3703 dist.
465 3665 520 3720 eqo.
