2286 3938
165 198 228 264 222
510 208 542 260 u.
563 209 660 258 antur
683 207 833 262 uacuum

115 379 150 434 23
231 367 280 432 10.
299 366 364 448 (11.
368 369 383 447 )
399 365 455 426 Per
467 365 616 444 planitiem
635 383 750 427 omnem
766 384 782 426 a
798 363 877 441 Cyru
895 379 986 444 nsque
1001 363 1141 426 Albanorur

166 473 239 532 gens
264 461 360 529 tenet,
382 468 450 510 mox
465 449 604 510 Hiberum
626 449 753 510 discreta
772 449 809 510 ab
831 449 875 509 his
897 467 978 510 amne
996 448 1139 510 Ocazanei

169 537 277 614 Cyrum
287 535 434 597 Caucasiis
446 534 592 596 montibus
605 533 763 596 defluente.
790 533 961 614 praevalent
972 534 1141 614 oppidan
1086 534 1141 593 Alba

167 619 395 696 niaeCabalaua,
407 608 743 681 Hiberiaullermastns
733 627 814 680 auxta
826 617 1068 696 humen,Neorie
1088 621 1138 694 regi

168 706 276 768 Thasie
301 714 331 766 et
347 703 470 765 Thriare
493 721 586 782 usque
604 703 638 763 ad
652 702 829 764 Parihedrus
850 712 975 764 montes.
1007 701 1086 762 liltra
1106 721 1141 761 sur

168 789 325 851 Colchicae
347 787 538 865 solitudines,
562 806 680 867 quarum
698 806 714 848 a
735 787 829 849 latere
851 787 886 848 ad
908 785 1068 848 Ceraunios
1086 805 1139 846 vere

167 872 439 950 Armenochalybes
454 871 585 932 habitant
598 881 633 933 et
653 870 841 934 bluschurum
861 880 969 934 tractus
991 873 1028 932 ad
1043 871 1141 930 Hibero

167 977 279 1020 amnem
296 959 326 1018 in
342 955 449 1035 Cyrum
464 956 640 1018 defluentem
653 965 684 1018 at
699 957 774 1018 inira
799 975 852 1018 eus
870 955 1008 1018 Sacasani
1031 965 1060 1017 et
1073 955 1127 1014 dein

166 1042 340 1104 blaceronee
371 1041 408 1102 ud
436 1040 542 1102 humen
571 1040 741 1102 Absarrum.
792 1040 842 1101 Sic
869 1041 955 1120 plana
988 1049 1036 1102 aut
1066 1041 1141 1100 dener

167 1130 348 1208 optinentur.
380 1145 481 1190 rursus
498 1126 534 1187 ah
550 1125 694 1188 Albaniae
709 1127 836 1187 cuuiiniu
852 1134 913 1186 tuta
928 1126 1067 1186 muntium
1079 1125 1140 1184 irunt

166 1221 272 1290 gentes
295 1211 440 1272 Siluorum
462 1210 562 1288 lurae,
594 1218 625 1270 et
651 1211 726 1272 inira
748 1209 960 1290 Lupeniorum,
989 1227 1058 1270 mor
1078 1207 1141 1268 Dido

91 1355 94 1359 .
167 1296 304 1358 etSudii.

115 1391 150 1446 30
230 1381 277 1442 11.
297 1379 382 1460 (12.)
397 1381 445 1442 Ab
461 1381 497 1441 iis
510 1388 577 1440 sunt
587 1388 693 1459 portae
705 1376 863 1442 Caucasiae
875 1398 982 1458 magno
997 1397 1095 1442 errore
1105 1395 1138 1436 no

167 1467 204 1525 tis
222 1463 347 1544 Caspiae
364 1466 478 1544 dictae,
494 1466 600 1542 iugens
616 1473 736 1526 naturae
755 1483 830 1544 opus
843 1465 994 1528 montibus
1010 1463 1141 1539 interrupti

164 1558 310 1628 repente,
332 1550 483 1610 ubifures
506 1549 625 1610 obditae
644 1549 762 1610 ferratis
782 1549 931 1627 trabibus,
954 1549 1058 1610 subter
1071 1545 1141 1606 media

166 1653 249 1694 amne
267 1633 322 1694 diri
340 1635 439 1695 uduria
455 1633 565 1694 fluente
582 1635 714 1712 citraque
729 1635 759 1693 in
775 1651 848 1712 rupe
864 1633 991 1694 castello
1004 1632 1079 1712 quod
1092 1647 1141 1690 vua

166 1727 213 1778 tur
228 1715 364 1779 Cumania
374 1719 540 1780 communito
555 1717 591 1778 ad
601 1717 741 1779 arcendas
752 1721 875 1780 transitu
885 1726 994 1796 gentes
1008 1719 1125 1778 ionumer

166 1802 206 1862 ibi
227 1803 284 1864 luci
307 1812 448 1866 terrarum
469 1802 543 1864 orbe
563 1804 663 1882 portis
681 1802 826 1878 discluso,
853 1821 891 1864 ex
913 1802 1043 1864 aduersu
1058 1801 1122 1862 mari

165 1885 310 1948 Hermasti
332 1889 431 1968 oppidi
452 1886 600 1950 Hiberum.
646 1887 674 1946 A
694 1889 788 1967 purtrs
810 1885 960 1949 Caucasiis
989 1906 1046 1968 per
1066 1893 1130 1946 munt

166 1970 331 2048 Gordynius
348 1973 437 2050 Valli,
453 1972 552 2048 Suavi,
568 1972 726 2034 indomitae
740 1981 858 2049 gentes,
874 1975 936 2032 auri
954 1981 1052 2033 tumen
1065 1965 1140 2058 metull

165 2057 286 2116 fodiunt.
315 2057 351 2118 ab
365 2058 411 2118 his
427 2058 462 2117 ad
476 2057 600 2118 Pontum
615 2074 708 2137 usque
723 2055 940 2125 Heniochorum
958 2056 1046 2136 plura
1059 2073 1124 2133 gene

165 2158 234 2200 mox
248 2139 441 2202 Achaeorum.
476 2139 520 2202 lta
538 2160 572 2202 sc
592 2140 682 2202 habet
703 2149 846 2202 terrarum
867 2143 982 2201 sinuse
1002 2139 1136 2202 clarissimi

114 2235 146 2288 31
164 2224 264 2304 Aliqui
288 2226 366 2286 inter
386 2224 508 2285 Pontum
534 2233 565 2286 et
586 2223 721 2304 Caspium
742 2243 823 2286 mare
845 2223 1080 2287 CCCLXXVbl
1099 2241 1136 2300 pas

164 2327 223 2369 non
242 2309 387 2388 amplius
378 2319 526 2371 interesse
543 2309 740 2387 tradiderunt,
761 2307 916 2372 Cornelius
934 2309 1041 2390 Nepus
1057 2303 1139 2380 cuit

164 2395 252 2454 tantis
266 2395 370 2454 iterum
381 2396 523 2472 angustiis
535 2395 691 2456 infestatur
703 2395 784 2455 Asia.
804 2392 940 2456 Claudius
954 2393 1065 2457 Caesar
1075 2411 1089 2452 a
1100 2389 1139 2450 u

162 2480 256 2538 meriu
269 2478 406 2558 Bosporo
421 2479 456 2540 ad
476 2476 611 2559 Caspium
625 2497 705 2539 nnare
728 2476 773 2540 Ch
789 2478 819 2540 bl
836 2479 982 2558 prodidit,
1005 2493 1134 2556 eaquepe

163 2563 267 2626 ludere
283 2567 432 2642 cogitasse
447 2563 615 2625 Nicatorem
630 2562 784 2624 Seleucum
800 2582 858 2643 quo
874 2573 1012 2643 tempure
1029 2566 1066 2624 sit
1079 2579 1093 2620 a
1106 2559 1130 2618 ΡΙ

163 2647 278 2710 lurnaeo
304 2647 437 2710 Cerauno
458 2649 640 2710 interiectus.
680 2666 696 2708 a
717 2649 813 2728 portis
832 2645 981 2710 Caucasiis
1004 2647 1041 2709 ad
1057 2646 1138 2730 Ponto

164 2729 256 2793 CClll
273 2751 434 2813 possesse
452 2733 657 2794 constatiere.
1137 2769 1138 2772 =

112 2824 147 2878 32
229 2816 275 2879 12.
300 2817 382 2900 (13)
405 2818 552 2880 Insulae
543 2837 573 2878 ιιι
597 2816 690 2879 Ponto
710 2817 844 2879 Planutae
866 2819 931 2879 sive
954 2815 1124 2894 Cyaneae'
1106 2833 1123 2872 n

164 2899 387 2981 Symplegades.
414 2903 520 2965 deinde
535 2901 695 2982 Apollonia
711 2901 836 2980 Thynias
853 2903 943 2980 diota,
967 2911 1001 2964 ut
1019 2901 1129 2974 distingo

163 2993 244 3044 retur
256 2987 291 3047 ab
308 3007 344 3048 ea
360 3005 433 3066 quae
447 2996 493 3050 est
505 2990 536 3048 in
547 2986 674 3066 Europa.
702 2987 789 3048 distat
804 2989 973 3048 continente
989 2985 1114 3066 passibus

163 3068 287 3146 cingitur
298 3071 340 3132 lll
352 3071 390 3132 bl.
415 3081 445 3134 ut
457 3081 560 3134 contra
571 3071 765 3132 Pharnaceam
776 3069 961 3148 Chalceritis,
975 3089 1060 3150 quam
1072 3067 1118 3126 Gra

162 3151 262 3214 Ariam
277 3155 413 3216 dixerunt
426 3156 571 3236 Martique
587 3174 713 3233 sacram,
738 3165 769 3218 et
783 3158 814 3217 in
833 3175 869 3218 ea
890 3155 1029 3216 volucres
1052 3169 1106 3214 com

162 3239 246 3298 venis
266 3257 413 3319 pugnasse
429 3243 579 3321 pinnarum
593 3241 662 3304 ictu.

110 3323 146 3382 33
227 3321 274 3386 13.
293 3321 623 3404 (14.)Nunuumnibus
640 3333 798 3406 quaesunt
816 3325 906 3386 Asiae
926 3325 1107 3386 interierat
1086 3320 1109 3380 di

161 3405 293 3487 Ripaeos
314 3419 428 3472 montes
445 3410 631 3474 transcendat
646 3412 755 3471 animus
778 3410 939 3489 dextraque
962 3409 1051 3469 litore
1070 3424 1100 3465 uu

162 3492 287 3556 incedat.
320 3494 426 3557 Tribus
441 3496 488 3558 hic
504 3515 521 3558 e
537 3495 667 3576 partibus
685 3495 758 3556 caeli
774 3495 894 3556 adluens
910 3493 1011 3554 Asiam
1023 3488 1110 3568 Scyth

1130 955 1141 1012 2-

1117 1723 1141 1942 m
