<?xml version="1.0" encoding="UTF-8"?>
<!DOCTYPE html PUBLIC "-//W3C//DTD XHTML 1.0 Transitional//EN"
    "http://www.w3.org/TR/xhtml1/DTD/xhtml1-transitional.dtd">
<html xmlns="http://www.w3.org/1999/xhtml" xml:lang="en" lang="en">
 <head>
  <title>
</title>
<meta http-equiv="Content-Type" content="text/html;charset=utf-8" />
  <meta name='ocr-system' content='tesseract 3.04.00' />
  <meta name='ocr-capabilities' content='ocr_page ocr_carea ocr_par ocr_line ocrx_word'/>
</head>
<body>
  <div class='ocr_page' id='page_1' title='image "./naturalishistor02plingoog_0286.png"; bbox 0 0 2302 3938; ppageno 0'>
   <div class='ocr_carea' id='block_1_1' title="bbox 143 179 805 242">
    <p class='ocr_par' dir='ltr' id='par_1_1' title="bbox 143 179 805 242">
     <span class='ocr_line' id='line_1_1' title="bbox 143 179 805 242; baseline -0.008 -2"><span class='ocrx_word' id='word_1_1' title='bbox 143 179 205 242; x_wconf 84' lang='lat'>208</span> <span class='ocrx_word' id='word_1_2' title='bbox 267 221 271 228; x_wconf 85' lang='lat'><em>-</em></span> <span class='ocrx_word' id='word_1_3' title='bbox 485 189 516 236; x_wconf 92' lang='lat' dir='ltr'>c.</span> <span class='ocrx_word' id='word_1_4' title='bbox 537 189 632 236; x_wconf 81' lang='lat' dir='ltr'>eninr</span> <span class='ocrx_word' id='word_1_5' title='bbox 655 188 805 238; x_wconf 82' lang='lat' dir='ltr'>sncunnr</span> 
     </span>
    </p>
   </div>
   <div class='ocr_carea' id='block_1_2' title="bbox 103 343 1146 3538">
    <p class='ocr_par' dir='ltr' id='par_1_2' title="bbox 103 343 1146 929">
     <span class='ocr_line' id='line_1_2' title="bbox 103 343 1130 426; baseline -0.013 -9"><span class='ocrx_word' id='word_1_6' title='bbox 103 361 153 416; x_wconf 90' lang='lat'>116</span> <span class='ocrx_word' id='word_1_7' title='bbox 161 349 271 410; x_wconf 89' lang='lat' dir='ltr'>Dianae</span> <span class='ocrx_word' id='word_1_8' title='bbox 289 346 427 426; x_wconf 81' lang='lat' dir='ltr'>conplexi</span> <span class='ocrx_word' id='word_1_9' title='bbox 445 363 461 406; x_wconf 94' lang='lat' dir='ltr'>e</span> <span class='ocrx_word' id='word_1_10' title='bbox 484 345 606 406; x_wconf 87' lang='lat' dir='ltr'>diversis</span> <span class='ocrx_word' id='word_1_11' title='bbox 622 343 791 420; x_wconf 80' lang='lat' dir='ltr'>regionibus</span> <span class='ocrx_word' id='word_1_12' title='bbox 807 344 864 404; x_wconf 95' lang='lat' dir='ltr'>duo</span> <span class='ocrx_word' id='word_1_13' title='bbox 881 345 1063 406; x_wconf 77' lang='lat' dir='ltr'><strong>Selenuntes.</strong></span> <span class='ocrx_word' id='word_1_14' title='bbox 1094 346 1130 404; x_wconf 90' lang='lat' dir='ltr'>Ab</span> 
     </span>
     <span class='ocr_line' id='line_1_3' title="bbox 145 426 1131 512; baseline -0.006 -18"><span class='ocrx_word' id='word_1_15' title='bbox 145 433 263 512; x_wconf 85' lang='lat' dir='ltr'><strong>Epheso</strong></span> <span class='ocrx_word' id='word_1_16' title='bbox 278 431 395 492; x_wconf 88' lang='lat' dir='ltr'>Matium</span> <span class='ocrx_word' id='word_1_17' title='bbox 412 429 488 490; x_wconf 93' lang='lat' dir='ltr'>aliud</span> <span class='ocrx_word' id='word_1_18' title='bbox 505 426 751 507; x_wconf 78' lang='lat' dir='ltr'>Colophoniorum</span> <span class='ocrx_word' id='word_1_19' title='bbox 767 438 796 488; x_wconf 90' lang='lat' dir='ltr'>et</span> <span class='ocrx_word' id='word_1_20' title='bbox 813 430 888 489; x_wconf 91' lang='lat' dir='ltr'>intus</span> <span class='ocrx_word' id='word_1_21' title='bbox 904 431 967 508; x_wconf 90' lang='lat' dir='ltr'>ipsa</span> <span class='ocrx_word' id='word_1_22' title='bbox 983 427 1131 508; x_wconf 84' lang='lat' dir='ltr'>Colophon,</span> 
     </span>
     <span class='ocr_line' id='line_1_4' title="bbox 145 509 1132 592; baseline -0.005 -16"><span class='ocrx_word' id='word_1_23' title='bbox 145 517 253 577; x_wconf 83' lang='lat' dir='ltr'>Haleso</span> <span class='ocrx_word' id='word_1_24' title='bbox 269 515 422 576; x_wconf 90' lang='lat' dir='ltr'>adlluente.</span> <span class='ocrx_word' id='word_1_25' title='bbox 457 513 523 574; x_wconf 90' lang='lat' dir='ltr'>inde</span> <span class='ocrx_word' id='word_1_26' title='bbox 533 513 680 592; x_wconf 90' lang='lat' dir='ltr'>Apollinis</span> <span class='ocrx_word' id='word_1_27' title='bbox 697 509 786 574; x_wconf 88' lang='lat' dir='ltr'>Clarii</span> <span class='ocrx_word' id='word_1_28' title='bbox 801 513 908 590; x_wconf 86' lang='lat' dir='ltr'>lanum,</span> <span class='ocrx_word' id='word_1_29' title='bbox 924 511 1066 575; x_wconf 86' lang='lat' dir='ltr'>Lebedos.</span> <span class='ocrx_word' id='word_1_30' title='bbox 1090 515 1132 573; x_wconf 85' lang='lat' dir='ltr'>luit</span> 
     </span>
     <span class='ocr_line' id='line_1_5' title="bbox 146 595 1131 678; baseline -0.005 -17"><span class='ocrx_word' id='word_1_31' title='bbox 146 611 175 662; x_wconf 90' lang='lat' dir='ltr'>et</span> <span class='ocrx_word' id='word_1_32' title='bbox 190 599 306 660; x_wconf 90' lang='lat' dir='ltr'>Notium</span> <span class='ocrx_word' id='word_1_33' title='bbox 322 599 469 678; x_wconf 91' lang='lat' dir='ltr'>oppidum.</span> <span class='ocrx_word' id='word_1_34' title='bbox 501 599 727 676; x_wconf 90' lang='lat' dir='ltr'>promunturium</span> <span class='ocrx_word' id='word_1_35' title='bbox 744 595 935 676; x_wconf 80' lang='lat' dir='ltr'>Cyrenaeum,</span> <span class='ocrx_word' id='word_1_36' title='bbox 951 615 1033 658; x_wconf 89' lang='lat' dir='ltr'>mons</span> <span class='ocrx_word' id='word_1_37' title='bbox 1048 597 1131 658; x_wconf 87' lang='lat' dir='ltr'>Mimas</span> 
     </span>
     <span class='ocr_line' id='line_1_6' title="bbox 146 680 1146 763; baseline -0.006 -17"><span class='ocrx_word' id='word_1_38' title='bbox 146 684 192 746; x_wconf 85' lang='lat' dir='ltr'>Ch</span> <span class='ocrx_word' id='word_1_39' title='bbox 205 683 235 744; x_wconf 96' lang='lat' dir='ltr'>M</span> <span class='ocrx_word' id='word_1_40' title='bbox 250 701 386 763; x_wconf 88' lang='lat' dir='ltr'>passuum</span> <span class='ocrx_word' id='word_1_41' title='bbox 407 690 670 762; x_wconf 80' lang='lat' dir='ltr'>excurrens-atque</span> <span class='ocrx_word' id='word_1_42' title='bbox 692 683 721 740; x_wconf 93' lang='lat' dir='ltr'>iu</span> <span class='ocrx_word' id='word_1_43' title='bbox 742 680 955 743; x_wconf 78' lang='lat' dir='ltr'>continentibus</span> <span class='ocrx_word' id='word_1_44' title='bbox 978 685 1082 760; x_wconf 89' lang='lat' dir='ltr'>campis</span> <span class='ocrx_word' id='word_1_45' title='bbox 1096 701 1146 741; x_wconf 92' lang='lat' dir='ltr'>re·</span> 
     </span>
     <span class='ocr_line' id='line_1_7' title="bbox 145 765 1134 846; baseline -0.005 -17"><span class='ocrx_word' id='word_1_46' title='bbox 145 769 253 829; x_wconf 90' lang='lat' dir='ltr'>sidens.</span> <span class='ocrx_word' id='word_1_47' title='bbox 291 785 348 844; x_wconf 88' lang='lat' dir='ltr'>quo</span> <span class='ocrx_word' id='word_1_48' title='bbox 371 768 400 825; x_wconf 87' lang='lat' dir='ltr'>in</span> <span class='ocrx_word' id='word_1_49' title='bbox 422 767 489 826; x_wconf 90' lang='lat' dir='ltr'>loeo</span> <span class='ocrx_word' id='word_1_50' title='bbox 510 765 631 843; x_wconf 85' lang='lat' dir='ltr'>Magnus</span> <span class='ocrx_word' id='word_1_51' title='bbox 655 766 825 827; x_wconf 85' lang='lat' dir='ltr'>Alexander</span> <span class='ocrx_word' id='word_1_52' title='bbox 837 767 980 826; x_wconf 49' lang='lat' dir='ltr'>‘intercidi</span> <span class='ocrx_word' id='word_1_53' title='bbox 1001 767 1134 846; x_wconf 83' lang='lat' dir='ltr'>planitiem</span> 
     </span>
     <span class='ocr_line' id='line_1_8' title="bbox 145 849 1136 929; baseline -0.006 -15"><span class='ocrx_word' id='word_1_54' title='bbox 145 871 209 914; x_wconf 90' lang='lat' dir='ltr'>earn</span> <span class='ocrx_word' id='word_1_55' title='bbox 229 853 353 911; x_wconf 89' lang='lat' dir='ltr'>iusserat</span> <span class='ocrx_word' id='word_1_56' title='bbox 367 850 421 911; x_wconf 88' lang='lat' dir='ltr'>vll</span> <span class='ocrx_word' id='word_1_57' title='bbox 444 849 473 910; x_wconf 87' lang='grc' dir='ltr'><strong>Μ</strong></span> <span class='ocrx_word' id='word_1_58' title='bbox 494 849 520 909; x_wconf 97' lang='lat' dir='ltr'>D</span> <span class='ocrx_word' id='word_1_59' title='bbox 544 868 680 929; x_wconf 82' lang='lat' dir='ltr'>passuum</span> <span class='ocrx_word' id='word_1_60' title='bbox 703 850 899 928; x_wconf 85' lang='lat' dir='ltr'>longitudine,</span> <span class='ocrx_word' id='word_1_61' title='bbox 915 859 948 911; x_wconf 86' lang='lat' dir='ltr'>ut</span> <span class='ocrx_word' id='word_1_62' title='bbox 965 849 1136 912; x_wconf 84' lang='lat' dir='ltr'>duossimus</span> 
     </span>
    </p>

    <p class='ocr_par' dir='ltr' id='par_1_3' title="bbox 105 933 1139 1604">
     <span class='ocr_line' id='line_1_9' title="bbox 105 933 1135 1012; baseline -0.005 -13"><span class='ocrx_word' id='word_1_63' title='bbox 105 947 152 1002; x_wconf 84' lang='lat'>111</span> <span class='ocrx_word' id='word_1_64' title='bbox 163 939 296 1012; x_wconf 84' lang='lat' dir='ltr'>iungeret</span> <span class='ocrx_word' id='word_1_65' title='bbox 315 933 516 1012; x_wconf 74' lang='lat' dir='ltr'>Erythrasque</span> <span class='ocrx_word' id='word_1_66' title='bbox 539 953 603 996; x_wconf 91' lang='lat' dir='ltr'>cum</span> <span class='ocrx_word' id='word_1_67' title='bbox 620 934 754 995; x_wconf 88' lang='lat' dir='ltr'>Mimante</span> <span class='ocrx_word' id='word_1_68' title='bbox 779 935 1034 996; x_wconf 87' lang='lat' dir='ltr'>circumfunderet.</span> <span class='ocrx_word' id='word_1_69' title='bbox 1065 935 1135 996; x_wconf 83' lang='lat' dir='ltr'>lunia</span> 
     </span>
     <span class='ocr_line' id='line_1_10' title="bbox 146 1017 1136 1098; baseline -0.006 -16"><span class='ocrx_word' id='word_1_70' title='bbox 146 1039 197 1082; x_wconf 89' lang='lat' dir='ltr'>eas</span> <span class='ocrx_word' id='word_1_71' title='bbox 212 1021 328 1079; x_wconf 87' lang='lat' dir='ltr'>luerunt</span> <span class='ocrx_word' id='word_1_72' title='bbox 342 1019 449 1098; x_wconf 85' lang='lat' dir='ltr'>oppida</span> <span class='ocrx_word' id='word_1_73' title='bbox 464 1017 604 1096; x_wconf 85' lang='lat' dir='ltr'>Pteleon,</span> <span class='ocrx_word' id='word_1_74' title='bbox 625 1018 733 1096; x_wconf 90' lang='lat' dir='ltr'>Helos,</span> <span class='ocrx_word' id='word_1_75' title='bbox 751 1018 880 1096; x_wconf 89' lang='lat' dir='ltr'>Dorion,</span> <span class='ocrx_word' id='word_1_76' title='bbox 902 1038 979 1080; x_wconf 86' lang='lat' dir='ltr'>nuuc</span> <span class='ocrx_word' id='word_1_77' title='bbox 995 1029 1040 1080; x_wconf 87' lang='lat' dir='ltr'>est</span> <span class='ocrx_word' id='word_1_78' title='bbox 1052 1019 1136 1078; x_wconf 91' lang='lat' dir='ltr'>Aleon</span> 
     </span>
     <span class='ocr_line' id='line_1_11' title="bbox 146 1101 1136 1182; baseline -0.003 -17"><span class='ocrx_word' id='word_1_79' title='bbox 146 1105 263 1181; x_wconf 90' lang='lat' dir='ltr'>lluvius,</span> <span class='ocrx_word' id='word_1_80' title='bbox 293 1101 476 1179; x_wconf 78' lang='lat' dir='ltr'>Corynaeum</span> <span class='ocrx_word' id='word_1_81' title='bbox 501 1102 644 1164; x_wconf 84' lang='lat' dir='ltr'>Mimantis</span> <span class='ocrx_word' id='word_1_82' title='bbox 671 1107 913 1182; x_wconf 82' lang='lat' dir='ltr'>promunturium,</span> <span class='ocrx_word' id='word_1_83' title='bbox 943 1102 1136 1177; x_wconf 87' lang='lat' dir='ltr'>Clazomenae,</span> 
     </span>
     <span class='ocr_line' id='line_1_12' title="bbox 145 1185 1136 1268; baseline -0.003 -19"><span class='ocrx_word' id='word_1_84' title='bbox 145 1188 297 1250; x_wconf 89' lang='lat' dir='ltr'>Parthenie</span> <span class='ocrx_word' id='word_1_85' title='bbox 322 1198 352 1248; x_wconf 89' lang='lat' dir='ltr'>et</span> <span class='ocrx_word' id='word_1_86' title='bbox 372 1187 473 1268; x_wconf 92' lang='lat' dir='ltr'>Hippi,</span> <span class='ocrx_word' id='word_1_87' title='bbox 502 1185 716 1266; x_wconf 89' lang='lat' dir='ltr'>Chytrophoria</span> <span class='ocrx_word' id='word_1_88' title='bbox 742 1189 924 1267; x_wconf 80' lang='lat' dir='ltr'>appellatae,</span> <span class='ocrx_word' id='word_1_89' title='bbox 953 1207 1016 1248; x_wconf 87' lang='lat' dir='ltr'>eum</span> <span class='ocrx_word' id='word_1_90' title='bbox 1036 1189 1136 1248; x_wconf 89' lang='lat' dir='ltr'>insulae</span> 
     </span>
     <span class='ocr_line' id='line_1_13' title="bbox 146 1271 1137 1350; baseline -0.004 -16"><span class='ocrx_word' id='word_1_91' title='bbox 146 1283 254 1334; x_wconf 88' lang='lat' dir='ltr'>essent.</span> <span class='ocrx_word' id='word_1_92' title='bbox 292 1273 462 1333; x_wconf 78' lang='lat' dir='ltr'>Alexander</span> <span class='ocrx_word' id='word_1_93' title='bbox 483 1271 559 1332; x_wconf 91' lang='lat' dir='ltr'>idem</span> <span class='ocrx_word' id='word_1_94' title='bbox 578 1289 633 1350; x_wconf 90' lang='lat' dir='ltr'>per</span> <span class='ocrx_word' id='word_1_95' title='bbox 659 1272 715 1332; x_wconf 93' lang='lat' dir='ltr'>duo</span> <span class='ocrx_word' id='word_1_96' title='bbox 737 1272 830 1333; x_wconf 85' lang='lat' dir='ltr'>stadie</span> <span class='ocrx_word' id='word_1_97' title='bbox 852 1274 1010 1332; x_wconf 88' lang='lat' dir='ltr'>continenti</span> <span class='ocrx_word' id='word_1_98' title='bbox 1030 1273 1137 1332; x_wconf 85' lang='lat' dir='ltr'>adiecit.</span> 
     </span>
     <span class='ocr_line' id='line_1_14' title="bbox 145 1355 1138 1435; baseline -0.005 -17"><span class='ocrx_word' id='word_1_99' title='bbox 145 1359 285 1418; x_wconf 87' lang='lat' dir='ltr'>interiere</span> <span class='ocrx_word' id='word_1_100' title='bbox 309 1358 384 1416; x_wconf 85' lang='lat' dir='ltr'>intus</span> <span class='ocrx_word' id='word_1_101' title='bbox 400 1356 538 1435; x_wconf 86' lang='lat' dir='ltr'>Daphnus</span> <span class='ocrx_word' id='word_1_102' title='bbox 555 1365 584 1415; x_wconf 89' lang='lat' dir='ltr'>et</span> <span class='ocrx_word' id='word_1_103' title='bbox 598 1355 751 1416; x_wconf 88' lang='lat' dir='ltr'>Hermesta</span> <span class='ocrx_word' id='word_1_104' title='bbox 772 1365 802 1416; x_wconf 91' lang='lat' dir='ltr'>et</span> <span class='ocrx_word' id='word_1_105' title='bbox 817 1357 947 1435; x_wconf 81' lang='lat' dir='ltr'>Sipylum</span> <span class='ocrx_word' id='word_1_106' title='bbox 964 1357 1042 1435; x_wconf 82' lang='lat' dir='ltr'>qnod</span> <span class='ocrx_word' id='word_1_107' title='bbox 1064 1365 1138 1416; x_wconf 89' lang='lat' dir='ltr'>autea</span> 
     </span>
     <span class='ocr_line' id='line_1_15' title="bbox 145 1437 1139 1518; baseline -0.004 -16"><span class='ocrx_word' id='word_1_108' title='bbox 145 1441 272 1502; x_wconf 79' lang='lat' dir='ltr'>Tantalis</span> <span class='ocrx_word' id='word_1_109' title='bbox 288 1440 465 1516; x_wconf 89' lang='lat' dir='ltr'>vocabatur,</span> <span class='ocrx_word' id='word_1_110' title='bbox 488 1449 575 1518; x_wconf 90' lang='lat' dir='ltr'>caput</span> <span class='ocrx_word' id='word_1_111' title='bbox 589 1437 757 1516; x_wconf 83' lang='lat' dir='ltr'>Maeoniae,</span> <span class='ocrx_word' id='word_1_112' title='bbox 779 1439 828 1500; x_wconf 90' lang='lat' dir='ltr'>ubi</span> <span class='ocrx_word' id='word_1_113' title='bbox 847 1459 922 1500; x_wconf 91' lang='lat' dir='ltr'>nunc</span> <span class='ocrx_word' id='word_1_114' title='bbox 945 1450 990 1500; x_wconf 91' lang='lat' dir='ltr'>est</span> <span class='ocrx_word' id='word_1_115' title='bbox 1014 1450 1139 1518; x_wconf 79' lang='lat' dir='ltr'>stagnum</span> 
     </span>
     <span class='ocr_line' id='line_1_16' title="bbox 145 1523 1138 1604; baseline -0.004 -18"><span class='ocrx_word' id='word_1_116' title='bbox 145 1526 223 1586; x_wconf 88' lang='lat' dir='ltr'>Sale.</span> <span class='ocrx_word' id='word_1_117' title='bbox 266 1524 338 1586; x_wconf 88' lang='lat' dir='ltr'>obiit</span> <span class='ocrx_word' id='word_1_118' title='bbox 366 1534 395 1584; x_wconf 91' lang='lat' dir='ltr'>et</span> <span class='ocrx_word' id='word_1_119' title='bbox 418 1523 634 1604; x_wconf 83' lang='lat' dir='ltr'>Archaeopolis</span> <span class='ocrx_word' id='word_1_120' title='bbox 659 1523 814 1584; x_wconf 88' lang='lat' dir='ltr'>substituta</span> <span class='ocrx_word' id='word_1_121' title='bbox 835 1525 937 1604; x_wconf 89' lang='lat' dir='ltr'>Sipylo</span> <span class='ocrx_word' id='word_1_122' title='bbox 961 1534 991 1584; x_wconf 91' lang='lat' dir='ltr'>et</span> <span class='ocrx_word' id='word_1_123' title='bbox 1013 1525 1082 1585; x_wconf 92' lang='lat' dir='ltr'>inde</span> <span class='ocrx_word' id='word_1_124' title='bbox 1102 1524 1138 1584; x_wconf 90' lang='lat' dir='ltr'>illl</span> 
     </span>
    </p>

    <p class='ocr_par' dir='ltr' id='par_1_4' title="bbox 104 1605 1142 2107">
     <span class='ocr_line' id='line_1_17' title="bbox 104 1605 1140 1690; baseline -0.009 -15"><span class='ocrx_word' id='word_1_125' title='bbox 104 1621 154 1674; x_wconf 79' lang='grc'>118</span> <span class='ocrx_word' id='word_1_126' title='bbox 164 1609 257 1690; x_wconf 91' lang='lat' dir='ltr'>Colpe</span> <span class='ocrx_word' id='word_1_127' title='bbox 280 1619 309 1670; x_wconf 91' lang='lat' dir='ltr'>et</span> <span class='ocrx_word' id='word_1_128' title='bbox 329 1609 395 1669; x_wconf 92' lang='lat' dir='ltr'>huic</span> <span class='ocrx_word' id='word_1_129' title='bbox 415 1605 534 1668; x_wconf 89' lang='lat' dir='ltr'>Libade.</span> <span class='ocrx_word' id='word_1_130' title='bbox 582 1608 825 1688; x_wconf 82' lang='lat' dir='ltr'>Regredientibus</span> <span class='ocrx_word' id='word_1_131' title='bbox 848 1609 914 1668; x_wconf 90' lang='lat' dir='ltr'>inde</span> <span class='ocrx_word' id='word_1_132' title='bbox 936 1609 1020 1669; x_wconf 90' lang='lat' dir='ltr'>abest</span> <span class='ocrx_word' id='word_1_133' title='bbox 1042 1607 1140 1669; x_wconf 88' lang='lat' dir='ltr'>XllM</span> 
     </span>
     <span class='ocr_line' id='line_1_18' title="bbox 146 1693 1140 1772; baseline -0.005 -17"><span class='ocrx_word' id='word_1_134' title='bbox 146 1713 280 1772; x_wconf 90' lang='lat' dir='ltr'>passuum</span> <span class='ocrx_word' id='word_1_135' title='bbox 296 1693 331 1753; x_wconf 92' lang='lat' dir='ltr'>ab</span> <span class='ocrx_word' id='word_1_136' title='bbox 347 1693 494 1752; x_wconf 86' lang='lat' dir='ltr'>Amazone</span> <span class='ocrx_word' id='word_1_137' title='bbox 511 1693 637 1770; x_wconf 89' lang='lat' dir='ltr'>condita,</span> <span class='ocrx_word' id='word_1_138' title='bbox 652 1694 784 1760; x_wconf 87' lang='lat' dir='ltr'>restituta</span> <span class='ocrx_word' id='word_1_139' title='bbox 801 1693 837 1754; x_wconf 90' lang='lat' dir='ltr'>ab</span> <span class='ocrx_word' id='word_1_140' title='bbox 852 1693 1033 1771; x_wconf 87' lang='lat' dir='ltr'>Alexandro,</span> <span class='ocrx_word' id='word_1_141' title='bbox 1052 1697 1081 1754; x_wconf 92' lang='lat' dir='ltr'>in</span> <span class='ocrx_word' id='word_1_142' title='bbox 1097 1709 1140 1752; x_wconf 87' lang='lat' dir='ltr'>ora</span> 
     </span>
     <span class='ocr_line' id='line_1_19' title="bbox 146 1775 1140 1856; baseline -0.005 -17"><span class='ocrx_word' id='word_1_143' title='bbox 146 1779 285 1855; x_wconf 88' lang='lat' dir='ltr'>Zmyrna,</span> <span class='ocrx_word' id='word_1_144' title='bbox 313 1795 395 1837; x_wconf 88' lang='lat' dir='ltr'>amne</span> <span class='ocrx_word' id='word_1_145' title='bbox 418 1775 527 1836; x_wconf 90' lang='lat' dir='ltr'>Melete</span> <span class='ocrx_word' id='word_1_146' title='bbox 548 1777 679 1855; x_wconf 82' lang='lat' dir='ltr'>gaudens</span> <span class='ocrx_word' id='word_1_147' title='bbox 701 1795 759 1836; x_wconf 97' lang='lat' dir='ltr'>non</span> <span class='ocrx_word' id='word_1_148' title='bbox 782 1779 887 1856; x_wconf 89' lang='lat' dir='ltr'>procul</span> <span class='ocrx_word' id='word_1_149' title='bbox 910 1787 985 1838; x_wconf 85' lang='lat' dir='ltr'>orto.</span> <span class='ocrx_word' id='word_1_150' title='bbox 1034 1777 1140 1838; x_wconf 88' lang='lat' dir='ltr'>Montes</span> 
     </span>
     <span class='ocr_line' id='line_1_20' title="bbox 145 1861 1139 1941; baseline -0.003 -20"><span class='ocrx_word' id='word_1_151' title='bbox 145 1863 233 1922; x_wconf 91' lang='lat' dir='ltr'>Asiae</span> <span class='ocrx_word' id='word_1_152' title='bbox 248 1862 419 1922; x_wconf 88' lang='lat' dir='ltr'>nobilissimi</span> <span class='ocrx_word' id='word_1_153' title='bbox 436 1863 465 1920; x_wconf 95' lang='lat' dir='ltr'>in</span> <span class='ocrx_word' id='word_1_154' title='bbox 480 1862 537 1921; x_wconf 93' lang='lat' dir='ltr'>hoc</span> <span class='ocrx_word' id='word_1_155' title='bbox 557 1871 651 1922; x_wconf 86' lang='lat' dir='ltr'>tractu</span> <span class='ocrx_word' id='word_1_156' title='bbox 672 1861 736 1922; x_wconf 79' lang='lat' dir='ltr'>fere</span> <span class='ocrx_word' id='word_1_157' title='bbox 759 1863 906 1941; x_wconf 88' lang='lat' dir='ltr'>explicant</span> <span class='ocrx_word' id='word_1_158' title='bbox 921 1881 963 1922; x_wconf 90' lang='lat' dir='ltr'>se.</span> <span class='ocrx_word' id='word_1_159' title='bbox 995 1862 1139 1927; x_wconf 82' lang='lat' dir='ltr'>Mastusia,</span> 
     </span>
     <span class='ocr_line' id='line_1_21' title="bbox 145 1944 1138 2025; baseline -0.004 -19"><span class='ocrx_word' id='word_1_160' title='bbox 145 1965 162 2006; x_wconf 91' lang='lat' dir='ltr'>a</span> <span class='ocrx_word' id='word_1_161' title='bbox 181 1956 265 2022; x_wconf 85' lang='lat' dir='ltr'>tergo</span> <span class='ocrx_word' id='word_1_162' title='bbox 284 1945 425 2021; x_wconf 85' lang='lat' dir='ltr'>Zmyrnae</span> <span class='ocrx_word' id='word_1_163' title='bbox 447 1955 476 2004; x_wconf 88' lang='lat' dir='ltr'>et</span> <span class='ocrx_word' id='word_1_164' title='bbox 494 1944 652 2022; x_wconf 84' lang='lat' dir='ltr'>Termetis,</span> <span class='ocrx_word' id='word_1_165' title='bbox 681 1945 796 2025; x_wconf 89' lang='lat' dir='ltr'>Olympi</span> <span class='ocrx_word' id='word_1_166' title='bbox 818 1946 966 2007; x_wconf 88' lang='lat' dir='ltr'>radicibus</span> <span class='ocrx_word' id='word_1_167' title='bbox 987 1948 1093 2024; x_wconf 81' lang='lat' dir='ltr'>iuuetis</span> <span class='ocrx_word' id='word_1_168' title='bbox 1116 1948 1138 2003; x_wconf 89' lang='lat' dir='ltr'>in</span> 
     </span>
     <span class='ocr_line' id='line_1_22' title="bbox 144 2028 1142 2107; baseline -0.001 -18"><span class='ocrx_word' id='word_1_169' title='bbox 144 2030 280 2089; x_wconf 91' lang='lat' dir='ltr'>Dracone</span> <span class='ocrx_word' id='word_1_170' title='bbox 297 2029 416 2106; x_wconf 89' lang='lat' dir='ltr'>desinit,</span> <span class='ocrx_word' id='word_1_171' title='bbox 431 2028 527 2089; x_wconf 85' lang='lat' dir='ltr'>Draco</span> <span class='ocrx_word' id='word_1_172' title='bbox 547 2031 577 2089; x_wconf 93' lang='lat' dir='ltr'>in</span> <span class='ocrx_word' id='word_1_173' title='bbox 593 2029 710 2106; x_wconf 82' lang='lat' dir='ltr'>Tmolo,</span> <span class='ocrx_word' id='word_1_174' title='bbox 728 2028 845 2090; x_wconf 82' lang='lat' dir='ltr'>Tmolus</span> <span class='ocrx_word' id='word_1_175' title='bbox 861 2033 889 2090; x_wconf 90' lang='lat' dir='ltr'>in</span> <span class='ocrx_word' id='word_1_176' title='bbox 905 2028 1030 2107; x_wconf 84' lang='lat' dir='ltr'>Cadmo,</span> <span class='ocrx_word' id='word_1_177' title='bbox 1051 2031 1104 2091; x_wconf 88' lang='lat' dir='ltr'>ille</span> <span class='ocrx_word' id='word_1_178' title='bbox 1119 2031 1142 2088; x_wconf 89' lang='lat' dir='ltr'>iu</span> 
     </span>
    </p>

    <p class='ocr_par' dir='ltr' id='par_1_5' title="bbox 104 2112 1145 2697">
     <span class='ocr_line' id='line_1_23' title="bbox 104 2112 1140 2193; baseline -0.004 -16"><span class='ocrx_word' id='word_1_179' title='bbox 104 2123 154 2176; x_wconf 81' lang='lat'>119</span> <span class='ocrx_word' id='word_1_180' title='bbox 166 2112 270 2172; x_wconf 84' lang='lat' dir='ltr'>Tauro.</span> <span class='ocrx_word' id='word_1_181' title='bbox 301 2113 328 2170; x_wconf 87' lang='lat' dir='ltr'>A</span> <span class='ocrx_word' id='word_1_182' title='bbox 347 2112 470 2188; x_wconf 85' lang='lat' dir='ltr'>Zmyrna</span> <span class='ocrx_word' id='word_1_183' title='bbox 486 2112 609 2174; x_wconf 91' lang='lat' dir='ltr'>Hermus</span> <span class='ocrx_word' id='word_1_184' title='bbox 625 2131 744 2193; x_wconf 88' lang='lat' dir='ltr'>campos</span> <span class='ocrx_word' id='word_1_185' title='bbox 766 2115 835 2174; x_wconf 86' lang='lat' dir='ltr'>facit</span> <span class='ocrx_word' id='word_1_186' title='bbox 851 2123 880 2174; x_wconf 88' lang='lat' dir='ltr'>et</span> <span class='ocrx_word' id='word_1_187' title='bbox 898 2116 1004 2175; x_wconf 89' lang='lat' dir='ltr'>nomini</span> <span class='ocrx_word' id='word_1_188' title='bbox 1026 2133 1082 2176; x_wconf 90' lang='lat' dir='ltr'>suo</span> <span class='ocrx_word' id='word_1_189' title='bbox 1098 2115 1140 2174; x_wconf 93' lang='lat' dir='ltr'>ad·</span> 
     </span>
     <span class='ocr_line' id='line_1_24' title="bbox 146 2195 1142 2279; baseline 0.002 -23"><span class='ocrx_word' id='word_1_190' title='bbox 146 2205 235 2275; x_wconf 88' lang='lat' dir='ltr'>optat.</span> <span class='ocrx_word' id='word_1_191' title='bbox 250 2195 901 2276; x_wconf 81' lang='lat' dir='ltr'>orituriuxtaD0rylaumPhrygiaecivitatem,</span> <span class='ocrx_word' id='word_1_192' title='bbox 910 2199 1142 2279; x_wconf 88' lang='lat' dir='ltr'>multosqueeol·</span> 
     </span>
     <span class='ocr_line' id='line_1_25' title="bbox 146 2280 1142 2361; baseline -0.001 -20"><span class='ocrx_word' id='word_1_193' title='bbox 146 2281 209 2358; x_wconf 80' lang='lat' dir='ltr'>ligit</span> <span class='ocrx_word' id='word_1_194' title='bbox 222 2280 336 2358; x_wconf 89' lang='lat' dir='ltr'>lluvios,</span> <span class='ocrx_word' id='word_1_195' title='bbox 350 2282 424 2340; x_wconf 91' lang='lat' dir='ltr'>inter</span> <span class='ocrx_word' id='word_1_196' title='bbox 438 2298 511 2358; x_wconf 91' lang='lat' dir='ltr'>quo</span> <span class='ocrx_word' id='word_1_197' title='bbox 519 2281 662 2358; x_wconf 81' lang='lat' dir='ltr'>Phrygem</span> <span class='ocrx_word' id='word_1_198' title='bbox 675 2283 723 2361; x_wconf 83' lang='lat' dir='ltr'>qui</span> <span class='ocrx_word' id='word_1_199' title='bbox 736 2283 850 2341; x_wconf 89' lang='lat' dir='ltr'>nomine</span> <span class='ocrx_word' id='word_1_200' title='bbox 860 2285 939 2360; x_wconf 82' lang='lat' dir='ltr'>genti</span> <span class='ocrx_word' id='word_1_201' title='bbox 952 2284 1020 2344; x_wconf 89' lang='lat' dir='ltr'>dato</span> <span class='ocrx_word' id='word_1_202' title='bbox 1035 2282 1142 2344; x_wconf 88' lang='lat' dir='ltr'>aCaria</span> 
     </span>
     <span class='ocr_line' id='line_1_26' title="bbox 146 2362 1141 2444; baseline 0.003 -21"><span class='ocrx_word' id='word_1_203' title='bbox 146 2383 209 2424; x_wconf 91' lang='lat' dir='ltr'>eam</span> <span class='ocrx_word' id='word_1_204' title='bbox 225 2365 417 2441; x_wconf 90' lang='lat' dir='ltr'>disterminat,</span> <span class='ocrx_word' id='word_1_205' title='bbox 443 2363 558 2440; x_wconf 88' lang='lat' dir='ltr'>Hyllum</span> <span class='ocrx_word' id='word_1_206' title='bbox 579 2375 608 2425; x_wconf 92' lang='lat' dir='ltr'>et</span> <span class='ocrx_word' id='word_1_207' title='bbox 626 2362 739 2440; x_wconf 85' lang='lat' dir='ltr'>Cryon,</span> <span class='ocrx_word' id='word_1_208' title='bbox 763 2374 793 2425; x_wconf 92' lang='lat' dir='ltr'>et</span> <span class='ocrx_word' id='word_1_209' title='bbox 807 2368 888 2444; x_wconf 88' lang='lat' dir='ltr'>ipsos</span> <span class='ocrx_word' id='word_1_210' title='bbox 904 2366 1069 2444; x_wconf 85' lang='lat' dir='ltr'>Phrygiae,</span> <span class='ocrx_word' id='word_1_211' title='bbox 1086 2367 1141 2441; x_wconf 91' lang='lat' dir='ltr'>My·</span> 
     </span>
     <span class='ocr_line' id='line_1_27' title="bbox 146 2447 1145 2530; baseline -0.001 -22"><span class='ocrx_word' id='word_1_212' title='bbox 146 2450 223 2524; x_wconf 90' lang='lat' dir='ltr'>siae,</span> <span class='ocrx_word' id='word_1_213' title='bbox 250 2447 358 2524; x_wconf 88' lang='lat' dir='ltr'>Lydiae</span> <span class='ocrx_word' id='word_1_214' title='bbox 386 2448 517 2509; x_wconf 91' lang='lat' dir='ltr'>amnibus</span> <span class='ocrx_word' id='word_1_215' title='bbox 540 2450 681 2528; x_wconf 91' lang='lat' dir='ltr'>repletos.</span> <span class='ocrx_word' id='word_1_216' title='bbox 723 2450 776 2509; x_wconf 89' lang='lat' dir='ltr'>luit</span> <span class='ocrx_word' id='word_1_217' title='bbox 800 2451 828 2508; x_wconf 90' lang='lat' dir='ltr'>in</span> <span class='ocrx_word' id='word_1_218' title='bbox 850 2468 901 2510; x_wconf 93' lang='lat' dir='ltr'>ore</span> <span class='ocrx_word' id='word_1_219' title='bbox 923 2452 985 2512; x_wconf 89' lang='lat' dir='ltr'>eius</span> <span class='ocrx_word' id='word_1_220' title='bbox 1006 2453 1145 2530; x_wconf 88' lang='lat' dir='ltr'>oppidum</span> 
     </span>
     <span class='ocr_line' id='line_1_28' title="bbox 146 2531 1141 2614; baseline -0.001 -21"><span class='ocrx_word' id='word_1_221' title='bbox 146 2531 285 2611; x_wconf 79' lang='lat' dir='ltr'>Temnos,</span> <span class='ocrx_word' id='word_1_222' title='bbox 308 2551 383 2594; x_wconf 92' lang='lat' dir='ltr'>nunc</span> <span class='ocrx_word' id='word_1_223' title='bbox 400 2536 428 2592; x_wconf 93' lang='lat' dir='ltr'>in</span> <span class='ocrx_word' id='word_1_224' title='bbox 449 2541 579 2592; x_wconf 82' lang='lat' dir='ltr'>extremo</span> <span class='ocrx_word' id='word_1_225' title='bbox 596 2535 659 2592; x_wconf 93' lang='lat' dir='ltr'>sinu</span> <span class='ocrx_word' id='word_1_226' title='bbox 673 2533 837 2610; x_wconf 79' lang='lat' dir='ltr'>Myrmeces</span> <span class='ocrx_word' id='word_1_227' title='bbox 853 2535 983 2613; x_wconf 90' lang='lat' dir='ltr'>scopuli,</span> <span class='ocrx_word' id='word_1_228' title='bbox 1005 2536 1141 2614; x_wconf 78' lang='lat' dir='ltr'>oppidu=</span> 
     </span>
     <span class='ocr_line' id='line_1_29' title="bbox 146 2617 1135 2697; baseline -0.001 -20"><span class='ocrx_word' id='word_1_229' title='bbox 146 2617 259 2677; x_wconf 82' lang='lat' dir='ltr'>leucae</span> <span class='ocrx_word' id='word_1_230' title='bbox 277 2618 305 2676; x_wconf 92' lang='lat' dir='ltr'>in</span> <span class='ocrx_word' id='word_1_231' title='bbox 318 2619 518 2696; x_wconf 87' lang='lat' dir='ltr'>promunturio</span> <span class='ocrx_word' id='word_1_232' title='bbox 534 2618 612 2695; x_wconf 87' lang='lat' dir='ltr'>quod</span> <span class='ocrx_word' id='word_1_233' title='bbox 629 2618 722 2678; x_wconf 90' lang='lat' dir='ltr'>insula</span> <span class='ocrx_word' id='word_1_234' title='bbox 745 2617 798 2678; x_wconf 86' lang='lat' dir='ltr'>luit</span> <span class='ocrx_word' id='word_1_235' title='bbox 813 2617 935 2697; x_wconf 83' lang='lat' dir='ltr'>finisque</span> <span class='ocrx_word' id='word_1_236' title='bbox 956 2618 1060 2679; x_wconf 89' lang='lat' dir='ltr'>Ioniae</span> <span class='ocrx_word' id='word_1_237' title='bbox 1075 2620 1135 2679; x_wconf 93' lang='lat' dir='ltr'>Pho</span> 
     </span>
    </p>

    <p class='ocr_par' dir='ltr' id='par_1_6' title="bbox 104 2700 1142 3200">
     <span class='ocr_line' id='line_1_30' title="bbox 104 2700 1131 2782; baseline -0.004 -18"><span class='ocrx_word' id='word_1_238' title='bbox 104 2713 154 2764; x_wconf 75' lang='lat'>110</span> <span class='ocrx_word' id='word_1_239' title='bbox 166 2720 245 2762; x_wconf 90' lang='lat' dir='ltr'>caea.</span> <span class='ocrx_word' id='word_1_240' title='bbox 292 2700 481 2776; x_wconf 85' lang='lat' dir='ltr'>Zmyrnaeum</span> <span class='ocrx_word' id='word_1_241' title='bbox 508 2710 680 2760; x_wconf 90' lang='lat' dir='ltr'>conventum</span> <span class='ocrx_word' id='word_1_242' title='bbox 704 2719 807 2780; x_wconf 81' lang='lat' dir='ltr'>magna</span> <span class='ocrx_word' id='word_1_243' title='bbox 828 2720 895 2780; x_wconf 91' lang='lat' dir='ltr'>pars</span> <span class='ocrx_word' id='word_1_244' title='bbox 916 2702 1044 2764; x_wconf 88' lang='lat' dir='ltr'>Aeoliae</span> <span class='ocrx_word' id='word_1_245' title='bbox 1075 2720 1131 2782; x_wconf 87' lang='lat' dir='ltr'>qua</span> 
     </span>
     <span class='ocr_line' id='line_1_31' title="bbox 145 2785 1138 2865; baseline 0.002 -21"><span class='ocrx_word' id='word_1_246' title='bbox 145 2803 212 2844; x_wconf 87' lang='lat' dir='ltr'>mox</span> <span class='ocrx_word' id='word_1_247' title='bbox 228 2785 340 2846; x_wconf 87' lang='lat' dir='ltr'>dicetur</span> <span class='ocrx_word' id='word_1_248' title='bbox 354 2785 535 2865; x_wconf 85' lang='lat' dir='ltr'>frequentat,</span> <span class='ocrx_word' id='word_1_249' title='bbox 561 2795 735 2864; x_wconf 86' lang='lat' dir='ltr'>praeterque</span> <span class='ocrx_word' id='word_1_250' title='bbox 751 2785 928 2846; x_wconf 90' lang='lat' dir='ltr'>Macedones</span> <span class='ocrx_word' id='word_1_251' title='bbox 946 2785 1082 2862; x_wconf 88' lang='lat' dir='ltr'>Hyrcani</span> <span class='ocrx_word' id='word_1_252' title='bbox 1105 2803 1138 2846; x_wconf 89' lang='lat' dir='ltr'>co</span> 
     </span>
     <span class='ocr_line' id='line_1_32' title="bbox 145 2869 1142 2949; baseline 0.004 -23"><span class='ocrx_word' id='word_1_253' title='bbox 145 2871 301 2944; x_wconf 84' lang='lat' dir='ltr'>gnominati</span> <span class='ocrx_word' id='word_1_254' title='bbox 323 2878 352 2929; x_wconf 91' lang='lat' dir='ltr'>et</span> <span class='ocrx_word' id='word_1_255' title='bbox 373 2869 558 2946; x_wconf 84' lang='lat' dir='ltr'>Magnetesa</span> <span class='ocrx_word' id='word_1_256' title='bbox 583 2869 694 2947; x_wconf 89' lang='lat' dir='ltr'>Sipylo.</span> <span class='ocrx_word' id='word_1_257' title='bbox 728 2887 829 2930; x_wconf 86' lang='lat' dir='ltr'>verum</span> <span class='ocrx_word' id='word_1_258' title='bbox 852 2869 999 2949; x_wconf 83' lang='lat' dir='ltr'>Ephesum</span> <span class='ocrx_word' id='word_1_259' title='bbox 1024 2871 1142 2931; x_wconf 86' lang='lat' dir='ltr'>alterna</span> 
     </span>
     <span class='ocr_line' id='line_1_33' title="bbox 147 2952 1140 3034; baseline 0.005 -25"><span class='ocrx_word' id='word_1_260' title='bbox 147 2952 240 3010; x_wconf 86' lang='lat' dir='ltr'>lumen</span> <span class='ocrx_word' id='word_1_261' title='bbox 261 2952 349 3012; x_wconf 91' lang='lat' dir='ltr'>Asiae</span> <span class='ocrx_word' id='word_1_262' title='bbox 369 2955 542 3014; x_wconf 90' lang='lat' dir='ltr'>remotiores</span> <span class='ocrx_word' id='word_1_263' title='bbox 558 2955 731 3014; x_wconf 90' lang='lat' dir='ltr'>conveniunt</span> <span class='ocrx_word' id='word_1_264' title='bbox 749 2952 970 3030; x_wconf 88' lang='lat' dir='ltr'>Caesarienses,</span> <span class='ocrx_word' id='word_1_265' title='bbox 994 2952 1140 3034; x_wconf 89' lang='lat' dir='ltr'>Metropo</span> 
     </span>
     <span class='ocr_line' id='line_1_34' title="bbox 146 3031 1142 3121; baseline 0.004 -27"><span class='ocrx_word' id='word_1_266' title='bbox 146 3031 231 3121; x_wconf 69' lang='lat' dir='ltr'>litae,</span> <span class='ocrx_word' id='word_1_267' title='bbox 242 3033 365 3096; x_wconf 87' lang='lat' dir='ltr'>Cilbiani</span> <span class='ocrx_word' id='word_1_268' title='bbox 380 3037 535 3096; x_wconf 79' lang='lat' dir='ltr'>inferiores</span> <span class='ocrx_word' id='word_1_269' title='bbox 555 3045 584 3096; x_wconf 92' lang='lat' dir='ltr'>et</span> <span class='ocrx_word' id='word_1_270' title='bbox 599 3039 778 3116; x_wconf 89' lang='lat' dir='ltr'>superiores,</span> <span class='ocrx_word' id='word_1_271' title='bbox 794 3037 1080 3119; x_wconf 87' lang='lat' dir='ltr'>Mysomacedoues,</span> <span class='ocrx_word' id='word_1_272' title='bbox 1097 3040 1142 3100; x_wconf 87' lang='lat' dir='ltr'>Ma</span> 
     </span>
     <span class='ocr_line' id='line_1_35' title="bbox 146 3119 921 3200; baseline 0.005 -23"><span class='ocrx_word' id='word_1_273' title='bbox 146 3127 329 3195; x_wconf 91' lang='lat' dir='ltr'>staurenses,</span> <span class='ocrx_word' id='word_1_274' title='bbox 343 3121 504 3197; x_wconf 89' lang='lat' dir='ltr'>Briullitae‚</span> <span class='ocrx_word' id='word_1_275' title='bbox 515 3119 702 3200; x_wconf 82' lang='lat' dir='ltr'>Hypaepeni,</span> <span class='ocrx_word' id='word_1_276' title='bbox 718 3122 921 3184; x_wconf 87' lang='lat' dir='ltr'>Dioshieritae.</span> 
     </span>
    </p>

    <p class='ocr_par' dir='ltr' id='par_1_7' title="bbox 105 3201 1145 3538">
     <span class='ocr_line' id='line_1_36' title="bbox 105 3201 1142 3288; baseline 0.002 -22"><span class='ocrx_word' id='word_1_277' title='bbox 105 3214 153 3267; x_wconf 77' lang='lat'>111</span> <span class='ocrx_word' id='word_1_278' title='bbox 239 3201 289 3264; x_wconf 85' lang='lat'>30.</span> <span class='ocrx_word' id='word_1_279' title='bbox 315 3203 396 3284; x_wconf 84' lang='lat'>(32.)</span> <span class='ocrx_word' id='word_1_280' title='bbox 419 3203 521 3264; x_wconf 89' lang='lat' dir='ltr'>Aeolis</span> <span class='ocrx_word' id='word_1_281' title='bbox 538 3207 671 3283; x_wconf 84' lang='lat' dir='ltr'>proxima</span> <span class='ocrx_word' id='word_1_282' title='bbox 702 3215 764 3282; x_wconf 90' lang='lat' dir='ltr'>est,</span> <span class='ocrx_word' id='word_1_283' title='bbox 793 3208 935 3284; x_wconf 90' lang='lat' dir='ltr'>quondam</span> <span class='ocrx_word' id='word_1_284' title='bbox 967 3206 1072 3284; x_wconf 86' lang='lat' dir='ltr'>Mysia</span> <span class='ocrx_word' id='word_1_285' title='bbox 1108 3229 1142 3288; x_wconf 88' lang='lat' dir='ltr'>ap</span> 
     </span>
     <span class='ocr_line' id='line_1_37' title="bbox 146 3286 1139 3367; baseline 0.006 -21"><span class='ocrx_word' id='word_1_286' title='bbox 146 3286 271 3364; x_wconf 89' lang='lat' dir='ltr'>pellata,</span> <span class='ocrx_word' id='word_1_287' title='bbox 297 3297 326 3347; x_wconf 90' lang='lat' dir='ltr'>et</span> <span class='ocrx_word' id='word_1_288' title='bbox 347 3307 421 3367; x_wconf 86' lang='lat' dir='ltr'>quae</span> <span class='ocrx_word' id='word_1_289' title='bbox 437 3287 629 3367; x_wconf 91' lang='lat' dir='ltr'>Hellesponto</span> <span class='ocrx_word' id='word_1_290' title='bbox 648 3289 761 3350; x_wconf 88' lang='lat' dir='ltr'>adiacet</span> <span class='ocrx_word' id='word_1_291' title='bbox 778 3289 879 3351; x_wconf 77' lang='lat' dir='ltr'>l&#39;roas.</span> <span class='ocrx_word' id='word_1_292' title='bbox 917 3291 956 3350; x_wconf 92' lang='lat' dir='ltr'>ibi</span> <span class='ocrx_word' id='word_1_293' title='bbox 979 3291 1139 3353; x_wconf 84' lang='lat' dir='ltr'>aPhocae</span> 
     </span>
     <span class='ocr_line' id='line_1_38' title="bbox 145 3370 1141 3454; baseline 0.009 -24"><span class='ocrx_word' id='word_1_294' title='bbox 145 3370 286 3432; x_wconf 90' lang='lat' dir='ltr'>Ascanius</span> <span class='ocrx_word' id='word_1_295' title='bbox 312 3381 421 3448; x_wconf 92' lang='lat' dir='ltr'>portus.</span> <span class='ocrx_word' id='word_1_296' title='bbox 466 3373 531 3432; x_wconf 91' lang='lat' dir='ltr'>dein</span> <span class='ocrx_word' id='word_1_297' title='bbox 552 3375 647 3434; x_wconf 89' lang='lat' dir='ltr'>luerat</span> <span class='ocrx_word' id='word_1_298' title='bbox 664 3373 780 3450; x_wconf 87' lang='lat' dir='ltr'>Larisa,</span> <span class='ocrx_word' id='word_1_299' title='bbox 808 3384 874 3435; x_wconf 88' lang='lat' dir='ltr'>sunt</span> <span class='ocrx_word' id='word_1_300' title='bbox 896 3372 1001 3452; x_wconf 90' lang='lat' dir='ltr'>Cyme,</span> <span class='ocrx_word' id='word_1_301' title='bbox 1038 3374 1141 3454; x_wconf 88' lang='lat' dir='ltr'>Mynio</span> 
     </span>
     <span class='ocr_line' id='line_1_39' title="bbox 145 3455 1145 3538; baseline 0.006 -24"><span class='ocrx_word' id='word_1_302' title='bbox 145 3473 219 3534; x_wconf 89' lang='lat' dir='ltr'>quae</span> <span class='ocrx_word' id='word_1_303' title='bbox 229 3455 445 3534; x_wconf 79' lang='lat' dir='ltr'>sebastopolim</span> <span class='ocrx_word' id='word_1_304' title='bbox 458 3473 490 3514; x_wconf 88' lang='lat' dir='ltr'>se</span> <span class='ocrx_word' id='word_1_305' title='bbox 504 3465 599 3530; x_wconf 89' lang='lat' dir='ltr'>vocat,</span> <span class='ocrx_word' id='word_1_306' title='bbox 619 3465 649 3516; x_wconf 89' lang='lat' dir='ltr'>et</span> <span class='ocrx_word' id='word_1_307' title='bbox 662 3459 739 3516; x_wconf 89' lang='lat' dir='ltr'>intus</span> <span class='ocrx_word' id='word_1_308' title='bbox 751 3459 902 3536; x_wconf 82' lang='lat' dir='ltr'>Aegaeae,</span> <span class='ocrx_word' id='word_1_309' title='bbox 914 3458 997 3538; x_wconf 86' lang='lat' dir='ltr'>Itale,</span> <span class='ocrx_word' id='word_1_310' title='bbox 1006 3459 1145 3522; x_wconf 86' lang='lat' dir='ltr'>Posidea</span> 
     </span>
    </p>
   </div>
   <div class='ocr_carea' id='block_1_3' title="bbox 0 0 1179 3938">
    <p class='ocr_par' dir='ltr' id='par_1_8' title="bbox 0 0 1179 3938">
     <span class='ocr_line' id='line_1_40' title="bbox 0 0 1179 3938; baseline 0 0"><span class='ocrx_word' id='word_1_311' title='bbox 0 0 1179 3938; x_wconf 95' lang='lat' dir='ltr'> </span> 
     </span>
    </p>
   </div>
  </div>
 </body>
</html>
