2572 3936
366 148 451 229 usu.
470 147 562 204 uisu.
581 148 621 204 rx
639 154 745 206 ss-sr
764 152 891 220 (re-ss)
1074 152 1137 218 155

120 299 243 360 statoris
275 315 327 360 sex
359 297 439 370 milia
469 313 596 360 numero
629 317 822 362 murenarum
854 308 957 364 mutua
989 301 1138 382 adpendit.

120 404 190 453 uam
211 394 382 467 permutare
406 387 527 467 quidam
548 390 647 468 pretio
669 389 766 450 noluit
788 388 879 450 aliave
902 408 1011 452 merce.
1047 391 1137 453 buius

0 518 2 525 ·
120 475 219 538 villam
241 475 319 552 iufra
337 495 427 556 mam
444 476 596 538 modicum
613 475 685 562 {El
699 481 831 559 piscinae
846 479 1052 542 vendiderunt.
1083 483 1189 545 inmte

122 567 198 628 rasit
216 565 286 628 dein
303 565 491 646 singulorum
508 569 636 646 piscium
654 585 745 630 amor.
781 568 860 648 apud
878 567 985 630 Baulos
1003 571 1035 630 in
1052 578 1137 650 parte

78 666 94 710 s
122 653 231 721 Baiana
249 657 394 735 piscinam
411 654 515 718 habuit
529 655 707 718 Hortensius
725 664 835 738 orator,
855 659 887 718 in
905 676 964 737 qua
982 656 1137 722 murenam

1 752 2 755 ’
120 743 194 806 adeo
226 743 329 806 dilexit
361 753 395 806 ut
427 747 623 808 exanimatam
653 746 741 808 flesse
774 746 922 809 credatur.
972 750 1003 808 in
1033 748 1136 809 cadem

120 832 188 894 villa
210 833 336 894 Antonia
359 833 449 896 Drusi
471 852 613 896 murenae
637 854 726 915 quam
748 835 888 915 diligebat
913 838 1033 900 inaures
1049 837 1136 900 addi·

1 961 3 972 ι
120 921 173 1004 dit,
198 923 285 984 cuius
307 931 431 1002 propter
454 923 561 986 lamam
584 924 719 986 nonnulli
741 924 849 986 Baulos
871 926 973 986 videre
996 928 1135 1006 concupi·

119 1018 236 1072 rerunt.

77 1119 107 1160 ao
136 1157 141 1160 .
189 1093 247 1162 bd.
272 1093 346 1183 (82)
371 1099 546 1164 Coclearum
564 1103 674 1164 vivaria
695 1105 826 1164 instituit
843 1101 965 1166 Fulvius
983 1102 1190 1183 Lippiaus1⁷3

119 1192 152 1250 in
166 1189 375 1268 Tarquiniensi
388 1189 477 1269 paulo
498 1199 566 1254 ante
586 1191 671 1252 civile
689 1191 801 1254 bobum
819 1192 899 1272 quod
913 1210 982 1253 cum
994 1191 1137 1272 Pompeio

119 1278 225 1358 Magno
248 1285 366 1358 gestum
389 1286 443 1360 est,
466 1279 614 1344 distinctis
633 1281 754 1361 quidem
776 1281 937 1361 generibus
956 1299 1068 1362 earum,
1091 1299 1136 1342 se·

119 1370 246 1447 paratim
272 1375 307 1430 ut
329 1375 431 1430 essent
457 1367 539 1432 albae
567 1388 644 1449 quae
666 1372 698 1430 in
720 1370 845 1432 Reatino
869 1389 940 1451 agro
963 1378 1137 1450 nascuntur,
1241 1405 1243 1409 ,

120 1458 280 1535 separatim
307 1463 342 1518 ut
364 1456 497 1537 illyricae
525 1459 634 1538 quibus
661 1448 833 1539 magnitudo
857 1461 1031 1541 praecipua,
1060 1460 1136 1522 diri-

79 1565 107 1608 15
121 1563 211 1608 cauae
235 1544 345 1624 quibus
367 1546 543 1629 fecunditas,
567 1547 714 1610 Solitanae
739 1547 848 1628 quibus
871 1548 1017 1610 nobilitas.
1054 1550 1191 1628 quinlit

121 1643 152 1696 ct
181 1637 314 1715 saginam
343 1653 447 1696 earum
476 1645 677 1700 commentum
706 1657 775 1700 cum
805 1657 872 1700 esse
900 1656 970 1718 sapa
1000 1645 1030 1698 et
1057 1637 1136 1698 farre

121 1723 246 1803 aliisque
269 1723 444 1805 generibus,
473 1733 507 1788 ut
530 1725 647 1800 cocleae
675 1745 794 1807 quoque
824 1727 920 1790 altiles
947 1745 1071 1806 ganeam
1093 1729 1136 1786 in·

120 1812 247 1894 plorent,
273 1815 359 1876 cuius
382 1815 455 1876 artis
478 1814 571 1894 gloria
594 1817 626 1876 in
649 1833 714 1878 eam
737 1817 971 1895 magnitudinem
992 1814 1137 1895 perducta

121 1903 161 1966 sit
174 1909 208 1962 ut
221 1915 319 1964 um
338 1901 518 1981 quadrantes
537 1912 678 1984 caperent
696 1905 881 1985 singularum
895 1905 1011 1986 calices,
1033 1911 1137 1966 auctor

79 2012 107 2053 so
121 1999 167 2052 est
190 1991 227 2054 M.
251 1991 365 2053 Varro.

188 2076 247 2144 bl.
271 2073 346 2164 (83)
369 2081 500 2144 Piscium
523 2101 633 2162 genera
656 2085 818 2146 etiamnum
841 2102 857 2144 a
880 2082 1191 2162 Theophrastolm

120 2172 196 2230 mira
217 2170 395 2250 produntur.
432 2173 512 2233 circa
525 2171 682 2252 Rabylonis
704 2175 789 2253 rigua
812 2171 1027 2234 decedentibus
1040 2171 1139 2232 fluviis

121 2261 153 2320 in
167 2261 302 2320 cavernis
316 2278 408 2338 aquas
421 2259 599 2323 habentibus
617 2280 773 2324 remanere
792 2262 945 2344 quosdam,
967 2261 1037 2322 iude
1057 2263 1138 2322 exire

121 2347 159 2408 ad
180 2347 288 2428 pabula
310 2348 442 2427 pinnulis
460 2349 630 2428 gradientes
649 2350 755 2412 crebro
779 2352 889 2412 caudae
906 2359 999 2431 motu,
1021 2358 1137 2412 contra-

80 2457 109 2499 as
124 2455 182 2516 que
196 2444 338 2498 venantes
361 2438 500 2517 refugere
523 2441 555 2500 in
574 2457 644 2500 suas
660 2457 801 2502 cavernas
824 2448 855 2502 et
877 2442 908 2500 in
926 2440 974 2500 bis
996 2439 1138 2500 obversos

122 2533 215 2606 stare,
245 2527 341 2605 capita
364 2544 470 2588 eorum
497 2545 563 2588 esse
587 2545 676 2588 ranae
699 2530 830 2589 marinae
859 2528 978 2609 similia,
1007 2527 1137 2606 reliquas

120 2623 222 2695 partes
253 2613 428 2698 gobiooum,
464 2615 622 2681 branchias
653 2625 688 2677 ut
719 2618 828 2678 ceteris
864 2616 1005 2697 piscibus.
1050 2618 1192 2677 circatio

121 2703 295 2780 Heracleam
326 2712 357 2764 et
387 2704 543 2766 Cromnam
575 2713 606 2766 et
637 2705 825 2767 multitariam
856 2707 889 2767 in
917 2704 1014 2766 Ponto
1045 2723 1140 2766 unum

122 2812 217 2874 genus
240 2811 306 2854 esse
330 2795 410 2872 quod
434 2803 582 2856 extremas
600 2795 758 2856 fluminum
776 2813 867 2874 aquas
890 2801 1023 2856 sectetur
1039 2811 1139 2854 caver-

81 2901 236 2963 sonasque
260 2881 317 2943 sibi
340 2884 427 2945 saciat
449 2886 481 2946 in
504 2892 584 2945 terre
608 2892 696 2964 atque
720 2886 751 2944 in
774 2884 820 2945 bis
843 2885 929 2965 vivat,
952 2885 1041 2944 etiam
1063 2885 1138 2944 reci-

122 3015 336 3026 -——-——-

193 3072 322 3132 enauit
338 3076 390 3129 El.
463 3071 572 3128 ainus
589 3089 645 3143 ego.
672 3074 723 3141 cfr.
740 3076 817 3128 XVI
825 3077 891 3132 123.
918 3074 1059 3142 inbelli
1077 3077 1140 3157 pin-p

123 3143 196 3202 Det.
224 3143 272 3204 XL
291 3149 342 3198 Ea.
374 3142 561 3214 quadraginta
578 3150 611 3199 B.
639 3145 730 3216 -giens
748 3143 882 3214 affimat
973 3150 1008 3200 14
1025 3147 1058 3200 ub
1074 3144 1139 3214 llly-

123 3213 198 3269 ricae
215 3220 248 3268 Β.
265 3213 328 3284 illy·
346 3231 370 3270 r.
449 3221 483 3272 tc
502 3219 692 3274 commentum
710 3233 775 3273 eum
793 3233 853 3272 esse
870 3233 928 3286 ego.
954 3217 1064 3272 oidetw
1081 3230 1139 3271 cor·

122 3290 237 3354 ruptum
248 3300 303 3342 esse
320 3286 559 3344 incommonitum
575 3303 631 3355 sse,
649 3305 716 3344 eom
731 3289 922 3344 commentati
937 3289 1024 3343 esbB.
1052 3288 1139 3342 -babus

123 3358 168 3413 est
183 3373 207 3414 r.
236 3359 358 3414 -anautus
376 3359 421 3412 est
439 3357 517 3414 Psot.
590 3365 624 3414 tt
642 3360 675 3414 ut
692 3357 768 3414 Ν.
787 3376 838 3415 orn.
857 3376 880 3414 r.
949 3365 982 3414 19
995 3359 1065 3417 dist.
1083 3373 1139 3429 epo.

195 3434 229 3484 et
248 3428 413 3498 globionum
431 3429 469 3484 ιι.
496 3428 644 3501 gobiorum
662 3430 701 3484 ι’.
781 3435 816 3486 28
836 3430 986 3486 Cromnam
1003 3434 1053 3488 oct.
1071 3429 1139 3486 Del.

123 3516 238 3556 cranam
259 3498 303 3554 π’.
340 3500 447 3556 chronia
468 3506 501 3556 tt.
529 3517 615 3559 crona
636 3519 660 3557 r.
697 3501 847 3560 &omnem
869 3504 899 3558 ab
915 3502 1022 3572 Lycum
1046 3499 1139 3561 Hord.

122 3571 160 3626 ad
177 3571 284 3642 Lycum
303 3587 423 3638 amnem
442 3572 513 3628 'lica
531 3575 561 3628 el
577 3572 728 3630 Cromnam
746 3577 817 3631 coni.
835 3573 902 3630 Dal.
938 3574 990 3642 cfr.
1007 3573 1139 3642 Ibeopbr.

123 3639 204 3712 frgm.
223 3648 287 3710 171,
306 3649 332 3699 7.
360 3644 459 3700 Athen.
484 3647 558 3698 VIII
569 3663 598 3714 p.
618 3650 697 3702 331⁰.
717 3648 721 3714 l
743 3645 926 3702 multifariam
943 3645 1010 3702 Dal.
1039 3645 1093 3700 ·ria
1111 3645 1139 3701 ll.
