2286 3938
212 163 290 211 nar.
313 163 394 212 unsa
414 161 462 212 ur.
485 153 603 207 ra-eo.
626 150 767 226 (ea-aa.)
928 140 998 226 ,231

19 323 114 399 Gangen
136 338 189 400 per
213 317 399 380 Palibothros
422 317 550 380 decurrit
578 319 654 378 inter
678 317 785 396 oppida
809 311 943 377 Methora
969 322 999 374 ct

19 403 186 483 dhqsobora.
223 403 249 462 A
272 399 374 482 Gange
398 421 485 462 versa
508 401 542 462 ad
565 401 714 462 meridiem
736 401 822 480 plaga
850 401 998 476 tinguntur
1016 411 1052 466 no

19 492 64 550 sole
83 489 192 570 populi,
220 488 273 548 iam
290 487 405 565 quidem
421 486 539 564 iniecti,
567 487 691 546 nondum
711 493 807 546 tamen
821 483 999 561 Aethiopum

17 575 80 635 nodo
90 574 180 634 exusti
188 617 198 650 ,
215 581 350 650 quantum
362 571 396 631 ad
408 571 507 632 lndum
523 572 665 632 accedunt
679 579 788 630 tantum
800 569 901 630 colore
913 584 998 646 prae·
1081 572 1084 576 ’

18 661 88 720 lerunt
99 656 183 717 sidus.
214 655 300 716 lndus
313 659 409 716 statim
421 673 437 716 a
449 655 616 716 Prasiorum
629 663 731 734 gente,
748 672 869 734 quorum
880 654 910 712 in
920 669 999 716 mou·

18 745 68 804 tanis
78 741 210 820 Pygmaei
226 740 386 801 traduntur.
416 739 619 801 Artemidorus
634 741 712 801 inter
722 740 796 800 duos
808 757 906 800 amnes
920 733 997 823 iffi}

17 845 70 906 pass.
84 830 228 888 interesse
244 825 339 886 tradit.

58 908 100 972 20.
119 907 204 990 (23.)
220 909 307 970 lndus
323 909 428 970 incolis
444 908 549 972 Sindus
565 910 730 990 appellatus
746 911 775 970 in
789 909 860 988 iugo
877 907 997 970 caucasi
1015 919 1049 972 ⁷1

17 998 93 1056 nortis
108 995 184 1074 quod
206 1003 328 1054 vocatur
344 993 539 1074 Paropanisus
559 995 700 1056 adversus
718 994 791 1056 solis
816 1002 910 1055 ortum
928 993 997 1054 ellu-

9 1099 48 1139 »sus
66 1089 90 1140 et
111 1080 176 1158 ipse
195 1079 378 1156 undeviginti
403 1081 509 1158 recipit
530 1099 646 1156 amnes,
672 1079 724 1158 sed
744 1079 922 1142 clarissimos
941 1077 999 1155 lly-

17 1163 95 1242 laspen
107 1173 245 1243 quattuor
257 1162 332 1222 alios
345 1163 538 1241 adferentem,
555 1162 712 1224 (lactabam
727 1167 797 1242 tris,
813 1181 997 1242 persevero

16 1247 164 1326 navigabiles
183 1248 345 1308 Acesinum
362 1255 392 1308 et
407 1245 583 1327 Hpsephim,
607 1247 727 1328 quadam
747 1256 841 1308 tamen
862 1265 999 1326 aquarum

15 1332 125 1392 colestia
146 1351 290 1410 nusquam
318 1332 405 1393 latior
426 1332 448 1392 h
469 1333 570 1394 stadiis
594 1341 643 1393 aut
664 1332 751 1394 altior
772 1330 828 1392 XV
851 1331 998 1411 passibus,
1097 1405 1099 1408 ¹

15 1418 186 1494 amplissimam
213 1416 335 1476 insulam
359 1417 491 1478 efficiens
515 1436 590 1496 quae
616 1416 755 1478 Prasiane
779 1419 941 1478 nominatur
968 1425 999 1477 et

16 1501 73 1560 aliam
89 1503 231 1561 minorem
250 1519 325 1579 quae
345 1501 453 1562 Patala.
484 1503 550 1580 ipse
567 1519 621 1580 per
635 1503 703 1586 pur-rt
720 1498 766 1562 CL
784 1499 814 1560 ll
835 1519 914 1582 pass.
935 1519 999 1581 par·
1015 1511 1051 1562 72

15 1587 106 1646 cissimis
122 1586 295 1646 auctoribus
306 1587 459 1664 navigatus
477 1594 507 1646 et
524 1585 646 1664 quodam
663 1586 735 1646 solis
751 1587 889 1647 comitatu
905 1588 934 1646 in
952 1604 999 1647 oc·

9 1687 82 1729 ¹casura
94 1687 200 1731 versus
218 1688 333 1730 oceano
347 1669 513 1731 infunditur.
545 1671 710 1732 lllensuram
729 1688 799 1732 orae
815 1671 850 1730 ad
866 1689 932 1731 eum
947 1689 999 1750 po·

16 1771 69 1831 can,
83 1762 111 1815 ot
124 1755 266 1830 invenio,
287 1757 467 1832 generatim,
491 1773 658 1834 quamquam
674 1757 752 1816 inter
769 1775 802 1816 se
819 1754 916 1816 nullae
932 1759 999 1816 con·

16 1847 99 1912 gruum.
127 1839 176 1899 Ab
195 1839 276 1899 ostio
293 1836 401 1916 Gangis
417 1839 452 1900 ad
465 1841 694 1919 promunturium
711 1837 853 1917 Calingon
871 1847 901 1899 et
917 1842 999 1917 oppi-

9 1921 58 1980 thn
70 1921 243 2001 Dandaguda
257 1920 395 1984 DGXXV
408 1924 466 1985 mil.
483 1942 629 2003 passuum,
643 1923 678 1983 ad
690 1923 818 2003 Tropina
835 1925 897 2008 [ih]
915 1923 1000 1984 XXV

17 2003 123 2086 lpass,
141 2008 177 2067 ad
196 2006 363 2068 Perimulae
385 2009 622 2085 promunturium,
644 2008 693 2069 ubi
714 2017 760 2069 est
776 2008 1001 2070 celeberrimum

17 2087 84 2151 bdiae
100 2094 282 2170 emporium,
306 2088 420 2168 DCCL,
442 2092 477 2152 ad
497 2091 633 2172 oppidum
656 2095 686 2152 in
706 2093 798 2154 insula
812 2111 894 2172 quam
912 2111 1000 2173 supra

17 2173 106 2236 lirinus
122 2175 255 2236 Patalam
271 2174 380 2237 DGXX
394 2174 423 2236 dl
438 2193 518 2255 pass.
548 2175 658 2238 Gentes
673 2186 827 2239 montanae
843 2180 920 2239 iuter
936 2197 1001 2239 eum
1017 2183 1054 2238 73

17 2266 34 2314 ct
49 2258 182 2322 lemanem
207 2258 315 2336 Gaesi,
342 2257 493 2320 Cetriboni
518 2261 690 2339 silvestres,
717 2263 822 2324 deinde
844 2261 1000 2342 Megallae,

9 2359 106 2418 quorum
122 2347 188 2422 regi
211 2345 237 2404 D
256 2343 421 2424 elephanti,
444 2345 571 2424 peditum
596 2349 784 2426 equitumque
805 2365 940 2410 numerus
959 2349 1000 2408 in-

9 2435 100 2505 certus,
121 2427 268 2507 Chrysei,
291 2429 493 2508 Parasangae,
511 2429 646 2510 Asmagi,
666 2433 734 2509 tigri
755 2431 818 2492 iera
840 2441 999 2494 scatentes.

17 2521 96 2572 emaci
108 2513 239 2592 peditum
255 2512 339 2574 XXX
355 2515 426 2592 mil,
448 2513 622 2594 elephantos
640 2513 732 2594 000,
755 2519 870 2595 equites
886 2515 1001 2580 DCCC.

18 2591 52 2653 los
67 2595 144 2660 ludus
161 2598 287 2658 includit
301 2601 436 2660 montium
457 2617 566 2660 corona
581 2601 773 2661 circumdatos
791 2610 821 2660 et
841 2601 1001 2661 solitudini·

19 2676 53 2737 lus
65 2700 110 2759 per
122 2681 264 2744 DGXXV
279 2681 316 2742 Μ.
342 2683 419 2743 lnira
434 2683 607 2744 solitudines
622 2685 703 2763 Dari,
719 2685 822 2762 Surae,
837 2687 1001 2765 iterumque

9 2764 158 2828 ualitudines
178 2787 235 2846 per
259 2765 446 2828 ccxxxvu
466 2768 495 2829 ll
517 2787 594 2848 pass.
618 2769 788 2849 plerumque
810 2769 927 2830 harenis
944 2789 1001 2831 am·

20 2843 133 2912 hiantibus
153 2853 224 2912 haut
245 2853 303 2913 alio
325 2853 411 2912 modo
432 2871 514 2930 quam
534 2854 643 2914 insulas
665 2857 749 2928 mari,
781 2854 859 2916 loira
883 2854 1002 2916 deserta
1018 2862 1054 2914 74

21 2927 68 2992 haec
84 2934 317 3014 Malthaecorae,
353 2937 477 3015 Singae,
498 2938 647 3016 Maroae,
676 2937 850 3018 Rarungae,
875 2939 1000 3004 dloruni.

21 3011 176 3080 limantium
192 3023 241 3101 qui
260 3030 405 3101 perpetuo
421 3031 514 3082 tractu
532 3023 567 3084 ad
584 3025 686 3084 oceani
703 3041 782 3084 oram
799 3027 947 3103 pertinent
961 3029 1003 3086 in·

22 3099 78 3162 colae
91 3103 172 3166 liberi
188 3115 219 3166 et
234 3125 337 3184 regum
353 3116 493 3185 expertes
511 3108 607 3167 multis
625 3107 743 3170 urbibus
759 3119 912 3170 montanos
928 3113 1003 3190 opti·

9 3193 69 3243 trent
85 3189 182 3250 colles.
223 3190 340 3252 Nareae
363 3190 484 3266 deinde,
514 3211 588 3270 quos
610 3193 717 3252 claudit
739 3195 1002 3256 monsaltissimus

23 3263 151 3334 lndicomm
174 3272 328 3354 Capitalia.
366 3275 450 3335 huius
472 3277 585 3336 incolae
610 3277 667 3336 alio
691 3275 785 3340 latere
807 3279 866 3340 late
888 3283 950 3339 auri
973 3290 1003 3340 et
1075 3349 1077 3353 ,
1133 3309 1134 3312 “

25 3359 107 3427 argenti
118 3359 233 3420 metalla
245 3360 370 3420 fodiunt.
394 3360 440 3420 Ab
453 3360 498 3420 bis
509 3360 628 3436 Oratae,
641 3379 762 3440 quorum
775 3365 839 3440 regi
853 3363 1001 3442 elephanti
1020 3372 1054 3424 75
1133 3423 1134 3426 ,

25 3438 110 3510 quidem
123 3443 240 3530 decem,
266 3445 320 3506 sed
341 3445 452 3524 amplae
470 3447 549 3506 vires
567 3445 710 3526 peditum,
732 3447 952 3525 Suarataratae,
972 3457 1003 3510 et
