2302 3938
219 207 297 260 nnn.
319 207 408 259 uren.
432 209 496 258 1111.
520 203 562 255 12.
586 195 724 278 (sa-as.)
920 194 979 259 171

11 384 82 442 saun,
101 363 238 426 Sciathum
253 363 309 424 XV
329 363 375 443 Μ,
397 363 521 426 Imbrum
542 383 605 426 cum
628 365 738 446 oppido
759 363 936 428 LXXXVIII
950 363 981 426 Μ

11 469 119 529 passuum.
141 449 239 512 eadem
256 449 342 510 abest
358 448 526 512 ahlastusia
545 447 722 530 Cherronesi
741 448 826 510 XXV
843 449 873 510 Μ
890 468 979 530 pass,

11 535 167 612 ipsacircuitu
182 531 261 596 LXII
274 533 302 594 Μ
315 533 340 595 Ι)
358 552 494 613 passuum
512 535 693 614 perfunditur
708 553 791 595 annno
803 534 900 596 llisso.
933 534 979 596 Ab
998 542 1032 594 73

12 639 33 678 sa
47 614 150 680 lentos
169 617 253 682 XXII
275 617 321 694 II,
350 636 423 696 puae
447 618 483 680 ab
503 618 582 680 Atho
603 617 768 682 LXXXVII
789 617 978 699 IIpassuuna

12 705 97 763 circada
111 712 186 782 patet
205 701 287 766 CXII
302 701 332 763 Μ
348 702 375 763 D
392 721 482 782 pass,
498 704 605 783 oppida
619 703 708 766 habet
725 701 934 782 Hephaestiam
949 711 980 764 et

11 785 111 864 liptinaus
131 789 158 851 iu
174 789 258 850 cuius
281 788 375 850 forum
395 787 525 848 solstitio
547 787 643 850 Athos
661 788 821 850 eiaculatur
841 787 977 850 umbrant.

12 873 32 932 ai
44 891 69 932 aa
83 871 184 948 Thasos
204 871 303 938 libera
318 871 359 934 VI
376 870 406 934 II
420 889 573 952 passuum,
597 871 666 934 olim
681 872 772 936 Aeria
792 871 841 934 vel
856 872 980 934 Aethria

12 955 65 1016 dicia.
83 958 141 1018 iude
156 956 277 1018 Abdera
292 957 468 1018 continentis
485 955 568 1018 XXII
585 955 614 1018 Μ
630 975 776 1036 passuum,
791 955 886 1018 Athos
900 955 981 1018 LXII

13 1039 51 1098 tiit
62 1041 212 1102 mutandam
228 1041 323 1102 insula
338 1040 527 1102 Samothrace
539 1041 632 1104 libera
647 1051 714 1104 ante
725 1040 863 1116 Hebrum,
878 1040 915 1102 ab
926 1040 981 1102 Iru-

4 1125 45 1182 *iro
56 1122 151 1186 XXXII
167 1124 208 1202 II,
225 1125 366 1186 aLemno
381 1123 464 1186 XXII
475 1125 506 1186 II
518 1125 556 1204 tt,
571 1144 587 1186 a
603 1125 745 1186 Threciae
760 1143 811 1186 ora
825 1123 981 1188 XXXVIII

11 1205 34 1269 t.
43 1211 155 1272 circuitus
171 1208 288 1274 XXXII
304 1209 344 1270 it.
376 1211 519 1272 attollitur
533 1219 632 1272 monte
649 1210 743 1272 Saoce
758 1209 829 1284 xpi
842 1228 980 1289 passuum

12 1291 139 1372 altitudinis,
164 1295 214 1355 vel
238 1295 494 1374 inportuosissima
521 1297 654 1356 omnium.
696 1292 886 1356 Callimachus
916 1312 980 1356 eam

13 1381 90 1456 antiquo
103 1381 217 1442 namne
230 1378 406 1442 Dardaniam
422 1387 518 1442 vocat.
551 1379 632 1442 luter
647 1377 864 1442 Cherronesum
882 1387 913 1440 et
930 1377 980 1442 Sa·
997 1387 1032 1440 74
1147 1369 1148 1426 ἶ

13 1463 150 1541 uctlracen,
171 1466 321 1544 utrimque
342 1465 408 1538 fece
423 1463 523 1528 XVII
538 1463 720 1540 Ilaloaesos,
740 1464 815 1526 ultra
834 1462 980 1541 Gethone,

13 1543 135 1628 lanponia,
158 1549 409 1630 Alopeconnesus
431 1549 500 1610 haut
521 1548 624 1628 procul
647 1547 780 1609 aCoelo
800 1546 980 1610 Cherronesi

13 1640 79 1707 partu,
94 1642 121 1694 et
135 1633 281 1714 quaedam
297 1633 454 1710 ignobiles.
483 1633 619 1700 dissertis
641 1651 757 1712 quoque
774 1632 930 1694 reddantur
950 1634 983 1694 in

13 1711 103 1778 iccsinu
122 1717 347 1796 quonammodo
370 1719 493 1782 inveniti
511 1727 637 1796 potuere
656 1719 786 1778 nomiae:
808 1716 979 1795 Avesticos,

13 1797 95 1880 huus,
113 1800 284 1882 Cpssiros,
297 1801 477 1879 Charbrusa,
504 1799 673 1878 Calathusa,
697 1801 823 1880 Scyllia,
843 1800 980 1879 Dialeon,

13 1879 98 1964 dictaei,
114 1885 286 1965 Melanthia,
301 1886 464 1964 Dracanon,
479 1886 668 1966 Arconesus,
683 1885 840 1963 Diethusa,
856 1885 980 1965 Scupos,

7 1963 123 2050 inpleris,
138 1972 272 2050 Mesate,
290 1971 454 2050 Aeantion,
471 1971 701 2050 Pateronnesos,
717 1971 850 2049 Pateria,
867 1967 980 2048 Calate,

14 2049 126 2134 isuphcs,
141 2057 303 2120 Pelendos.

48 2136 111 2221 (Μ)
131 2139 261 2213 Quartus
286 2144 434 2220 emagnis
460 2141 598 2221 Europae
622 2143 703 2204 sinus
726 2140 761 2202 ab
785 2140 981 2220 IIellesponto
996 2147 1030 2199 75

14 2220 108 2300 incipiens
126 2221 254 2300 Maeotis
278 2229 356 2288 ostio
377 2227 482 2288 linitur.
518 2225 571 2287 sed
593 2227 683 2288 totius
700 2224 785 2286 Ponti
805 2227 900 2286 dorma
913 2223 980 2286 hre-

14 2307 57 2364 titcr
68 2310 271 2390 conplectenda
289 2319 352 2388 est,
369 2319 400 2371 ut
418 2311 532 2372 iacilius
548 2319 648 2390 partes
662 2319 829 2372 noscantur.
858 2308 980 2370 Vastum

13 2403 59 2450 aare
75 2397 238 2472 praeiacens
260 2395 353 2458 Asiae
376 2404 407 2456 et
428 2395 464 2456 ab
486 2394 604 2474 Europa
629 2403 769 2474 porrecto
800 2391 979 2454 Cherronesi

13 2470 66 2535 licre
82 2480 227 2559 expulsum
247 2489 373 2558 angusto
394 2489 492 2540 meatu
514 2480 652 2558 inrumpit
668 2480 699 2538 in
716 2487 827 2555 terras,
852 2476 907 2538 VII
921 2485 979 2538 sta·

13 2553 97 2640 dictura,
116 2573 145 2624 ut
159 2564 270 2625 dictum
292 2572 355 2641 est,
380 2563 535 2626 intervallo
559 2561 706 2642 Europam
726 2563 862 2624 auferens
876 2560 978 2622 Asiae.
991 2573 1016 2613 ⁴⁹

13 2643 80 2716 prinas
96 2651 240 2727 angustias
261 2647 485 2728 Hellespontum
507 2655 620 2708 vocant.
656 2647 710 2708 hac
734 2645 852 2708 Xerxes
877 2643 980 2704 Persa·

15 2741 49 2786 tau
62 2749 104 2792 rex
121 2741 272 2794 constrato
289 2734 319 2793 in
341 2733 464 2793 navibus
480 2741 571 2808 ponte
585 2731 667 2795 duxit
683 2732 853 2798 exercitum.
885 2730 979 2807 porri·

8 2809 157 2880 ¹p‘turdeinde
173 2820 272 2879 tenuis
289 2819 408 2896 eurIpus
426 2814 620 2878 LXXXVIII
636 2834 714 2894 pass.
731 2816 826 2894 spatio
848 2811 883 2874 ad
901 2811 980 2874 Pria·

16 2907 53 2966 itu
63 2900 147 2962 urbem
162 2903 272 2980 Aside,
295 2919 351 2981 qua
366 2900 487 2979 lilaguus
501 2899 670 2961 Alexander
687 2898 875 2960 transcendit.
910 2895 977 2958 iude
993 2905 1029 2959 td

17 2986 143 3057 supatiatnr
156 3005 269 3066 aequor
287 3004 447 3064 rursusque
462 2987 492 3046 iu
507 2994 600 3045 artum
616 2985 686 3045 coit.
704 2983 809 3046 laxitas
820 2981 978 3059 Propontis

16 3065 143 3148 appellatur,
163 3071 318 3149 angustiae
342 3066 482 3130 Thracius
504 3069 674 3148 Bosporus,
697 3068 849 3130 latitudine
869 3065 895 3128 D
914 3083 980 3146 pas·

15 3163 77 3228 snum,
95 3173 144 3234 qna
157 3155 263 3218 Darius
281 3163 366 3236 pater
378 3153 487 3215 Xerxis
510 3155 611 3232 copias
629 3161 722 3232 ponte
741 3152 879 3214 travexit.
918 3157 980 3211 tota

16 3227 36 3286 ti
44 3231 207 3318 hellesponto
224 3238 378 3319 longitudo
398 3237 616 3300 CCXXXVIIII
630 3235 660 3297 Μ
674 3255 752 3316 pass.
777 3235 854 3297 Dein
868 3244 980 3296 vastum

17 3327 63 3376 aare
71 3318 163 3385 Pontus
175 3323 319 3400 Euxinus,
333 3325 381 3402 qui
394 3322 536 3402 quondam
548 3323 682 3400 Axenus,
695 3321 785 3400 longe
796 3321 979 3398 refugientes

19 3414 193 3481 ssscnpatterras
205 3426 372 3488 magnoque
384 3407 501 3468 litorum
520 3407 598 3468 llexu
615 3415 697 3468 retro
716 3414 851 3468 curvatus
866 3407 896 3464 in
915 3420 979 3463 cor-

19 3495 49 3542 ita
62 3488 88 3548 ai
101 3489 139 3552 his
154 3495 297 3574 utrimque
316 3494 494 3572 porrIgitur,
515 3501 547 3552 ut
568 3493 607 3552 sit
626 3491 712 3570 plane
729 3509 832 3552 arcuus
849 3486 978 3565 Scythici
