2302 3938
147 133 206 196 186
523 143 554 192 c.
570 111 829 192 rumrsuouum

145 301 224 362 tenui
245 317 295 361 eas
319 300 424 367 obduci
445 299 598 376 lanugine,
623 297 727 377 quibus
748 296 844 366 addita
859 305 921 356 artu
938 313 1026 383 posse
1041 296 1130 374 quales

147 404 163 446 c
179 383 323 462 bombyce
344 385 435 444 vestis
458 384 572 444 conlisi.
600 384 743 444 verticem
758 381 825 452 altis
844 381 1055 454 etiam-aestate
1070 396 1130 460 cpe·

1 471 2 538 i
104 471 193 535 lariri
215 467 338 528 nivibus.
369 469 498 530 decumis
520 485 554 528 se
575 482 613 527 eo
637 466 809 545 pervenisse
831 465 934 526 castris
957 473 987 536 et
1008 463 1080 524 ultra
1102 463 1130 522 ad

146 553 261 616 fluvium
278 553 325 630 qui
341 549 400 614 Ger
418 561 542 612 vocetur
554 568 611 630 per
627 548 798 610 solitudines
813 549 888 634 nigri
904 548 1051 627 pulveris,
1074 547 1130 606 emi·

146 635 280 698 uentibus
299 637 442 700 interdum
464 636 545 696 velut
568 635 678 694 exustis
695 631 843 709 cautibus,
869 632 936 700 loca
949 631 1147 698 inhabitabilias

144 721 264 782 fervore
281 737 450 798 quamquam
473 719 595 782 hiberno
614 727 749 798 tempore
774 724 908 798 experto.
926 718 974 796 qui
996 715 1132 794 proximos

145 804 305 866 inhabitent
326 803 418 862 saltus
439 804 566 863 refertos
588 801 807 884 elephantorum
827 801 1015 879 terarumque
1037 809 1066 859 et
1082 817 1133 860 ser·

146 889 274 967 pontium
289 887 365 948 omni
379 905 491 964 genere
507 884 647 948 canarios
662 885 820 965 appellari,
839 885 948 969 qnippe
964 885 1070 952 victum
1084 885 1134 944 eius

146 971 274 1032 animalis
300 974 476 1050 promiscum
503 971 547 1032 his
574 987 642 1030 esse
671 979 701 1030 et
726 969 841 1030 dividua
850 968 990 1032 ,terarum
1020 969 1134 1027 viscera.

106 1055 272 1120 lolunctam
294 1055 402 1118 Aethio
425 1075 471 1116 um
497 1063 632 1134 gentem,
659 1069 732 1137 quos
756 1052 901 1113 Perorsos
925 1061 1051 1128 vocant,
1078 1053 1148 1112 satis

148 1149 271 1202 constat.
305 1138 375 1200 luha
396 1073 557 1203 &clamosi
578 1147 676 1218 pater,
698 1138 747 1216 qui
771 1139 878 1216 primus
902 1137 1020 1216 utrique
1036 1135 1134 1196 hlaurc·

146 1226 241 1285 tanlae
269 1225 460 1306 imperitavit,
493 1224 652 1286 studiorum
672 1221 804 1282 claritate
827 1219 1048 1282 memorabilior
1064 1222 1137 1280 etiam

147 1325 230 1388 quam
251 1325 361 1384 regno,
385 1307 487 1369 similia
509 1307 635 1389 prodidit
657 1305 694 1366 dc
718 1304 854 1380 Atlante,
876 1313 1055 1388 praeterque
1069 1305 1137 1382 gigni

144 1392 265 1454 herbam
291 1391 329 1450 ibi
357 1392 545 1470 euphorbium
570 1391 684 1451 nomine
710 1389 746 1450 ab
773 1391 927 1450 inventore
952 1389 1069 1460 medico
1094 1405 1138 1447 suo

147 1475 332 1554 appellatam.
363 1477 443 1536 cuius
461 1477 586 1536 lacteum
610 1491 708 1538 sucum
729 1475 806 1536 miris
820 1473 955 1541 laudibus
972 1473 1104 1534 celebrat
1118 1475 1139 1531 iu

147 1559 279 1618 claritate
293 1561 373 1624 visus
390 1569 548 1640 contraque
561 1569 718 1638 ,serpentes
735 1569 763 1619 et
778 1577 890 1622 uenena
906 1559 1003 1618 emnia
1018 1559 1139 1638 privatim

145 1643 242 1702 dicato
257 1643 412 1703 volumine.
445 1643 482 1704 Et
500 1646 569 1704 satis
586 1661 733 1729 superque
752 1644 788 1704 de
805 1644 934 1705 Atlante.

105 1735 137 1790 lt
208 1724 237 1786 2.
255 1726 424 1806 Tingitanae
440 1729 608 1808 provinciae
623 1727 774 1804 longitudo
788 1725 890 1788 ctxx
900 1726 929 1788 iil
941 1745 1082 1806 passuum
1093 1735 1139 1786 est.

147 1808 255 1871 Gentes
269 1813 298 1870 iu
316 1817 366 1872 ea:
388 1811 540 1886 Quondam
560 1815 718 1892 praecipua
734 1809 914 1888 blaurorum,
940 1811 1015 1875 unde
1029 1829 1140 1875 nomeu.

146 1913 221 1974 quos
237 1893 371 1974 plerique
393 1893 554 1959 Maurusios
578 1897 719 1956 dixerunt.
753 1904 899 1956 attenuata
917 1895 1003 1955 bellis
1024 1891 1065 1956 ad
1082 1914 1140 1974 pau·

146 1997 195 2038 cas
212 1979 315 2043 recidit
331 1979 462 2039 familias.
501 1981 635 2063 proxima
656 1979 698 2041 illi
714 1978 959 2056 nassaespcrum
977 1979 1086 2040 iuerat.
1112 1979 1142 2038 si-

145 2063 204 2122 mili
227 2063 313 2124 modo
335 2064 475 2144 exstincta
496 2073 549 2124 est.
582 2063 722 2126 Gaetulae
744 2082 821 2124 nunc
835 2073 934 2130 tenent
949 2073 1075 2142 gentes,
1097 2063 1141 2122 Bn-

145 2153 245 2209 niurac
260 2145 408 2224 multoque
423 2148 591 2212 validissimi
602 2148 759 2208 Autololes
773 2156 802 2208 et
814 2147 915 2208 horum
925 2165 994 2228 pars
1003 2149 1143 2228 quondam

144 2233 272 2310 Nesimi,
296 2233 344 2316 qui
360 2229 452 2292 avolsi
468 2231 514 2292 his
531 2227 678 2312 propriam
688 2231 794 2292 iecere
810 2241 926 2310 gentem
940 2235 1020 2294 versi
1037 2233 1077 2293 ad
1092 2233 1142 2292 Ac·

105 2331 135 2378 rs
145 2317 269 2394 thiopas.
298 2317 365 2395 lpsa
377 2317 525 2394 provincia
541 2316 577 2376 ab
594 2318 706 2376 oriente
721 2325 873 2376 montuosa
888 2317 945 2376 lert
960 2315 1142 2396 elephantos,

144 2405 174 2462 lu
188 2401 284 2477 Abyla
302 2417 416 2480 quoque
433 2409 529 2460 monte
551 2409 580 2460 et
601 2418 675 2478 quos
690 2401 811 2479 Septem
828 2401 932 2460 iratres
948 2417 964 2460 a
980 2401 1070 2462 simili
1087 2403 1144 2460 alti·

144 2480 242 2540 tudine
266 2483 424 2568 appellant.
452 2484 527 2551 ireto
551 2485 688 2544 inmineat
712 2484 731 2544 ii
754 2485 843 2550 iuncti
866 2483 990 2560 Abyiae.
1033 2485 1084 2546 Ab
1106 2485 1144 2544 his

144 2581 196 2627 ora
217 2566 321 2625 interni
345 2568 447 2641 maris,
470 2568 577 2628 humen
597 2567 724 2628 Tamuda
746 2568 927 2650 navigabile,
951 2570 1098 2648 quondam
1121 2575 1146 2628 et

144 2649 297 2729 oppidum,
324 2649 429 2718 flumen
451 2650 528 2712 haud
555 2661 584 2711 et
609 2653 703 2732 ipsum
723 2654 904 2728 navigiorum
926 2670 1030 2732 capax.
1069 2653 1144 2728 lihy·

102 2729 239 2801 19saddir
257 2735 393 2818 oppidum
410 2745 439 2796 et
453 2744 570 2815 portus,
587 2734 721 2807 blalvane
736 2736 840 2797 lluvius
856 2736 1039 2816 navigabilis.
1079 2740 1145 2814 Siga

143 2818 281 2896 oppidum
308 2838 345 2878 ex
374 2820 498 2881 adverso
527 2819 658 2883 Malacae
686 2822 714 2881 iu
741 2819 879 2902 Hispania
905 2821 977 2886 sitae
1001 2822 1146 2901 Syphacis

142 2903 242 2978 regia,
275 2901 394 2964 alterius
419 2906 474 2965 iam
499 2903 704 2965 Mauretaniae.
740 2921 864 2986 namque
889 2904 937 2966 diu
965 2903 1070 2982 regum
1099 2922 1145 2964 no·

140 2985 217 3044 mina
235 2987 404 3065 optinuere,
422 2999 452 3048 ut
471 2988 630 3066 Bogutiana
648 2988 850 3070 appellaretur
865 2999 996 3064 extnma,
1017 2991 1147 3068 itemque

143 3065 252 3128 Bocchi
269 3085 344 3146 quae
361 3089 435 3130 nunc
450 3069 661 3132 Caesariensis.
684 3073 730 3133 Ab
747 3091 782 3133 ea
799 3083 899 3154 portus
913 3073 1033 3153 blugnus
1052 3093 1146 3156 aspa-

142 3152 182 3210 tio
199 3153 379 3230 appellatus,
395 3157 511 3234 ,civium
525 3155 719 3218 Romanorum
740 3159 859 3240 oppido.
887 3159 975 3230 amnis
997 3155 1137 3218 llulucha

142 3233 250 3318 Bocchi
257 3235 562 3319 Massaesylorumque
574 3241 648 3302 linis.
667 3239 759 3316 Quina
772 3239 912 3305 Cerbana
923 3244 1119 3322 peregrinoru

142 3319 294 3399 oppidum,
311 3320 486 3390 Arsennaria
500 3323 679 3401 Latinorum,
695 3325 734 3385 lll
749 3325 864 3386 milibus
879 3345 1015 3404 passuum
1029 3343 1047 3386 a
1063 3329 1146 3384 mari.

98 3400 289 3466 toOartenna
306 3406 421 3468 colonia
436 3407 569 3486 Augusti.
594 3409 673 3486 legio
690 3410 828 3470 secunda.
850 3413 918 3470 item
936 3409 1053 3470 colonia
1069 3412 1135 3469 eius
