2572 3936
348 130 604 188 ΝΑΤ.Η18Τ.ΙΧ
624 137 728 186 rv-io
748 134 873 202 (ea-ao)
1061 133 1124 198 129

104 283 220 362 putatio
235 281 333 340 aufert
346 288 513 342 traversum
528 282 663 344 animum
675 281 711 342 ad
726 281 1005 362 contemplationem
1020 301 1125 344 eorum

62 440 68 446 ,
107 373 208 450 quiin
228 371 443 449 conquestione
461 369 549 431 lrrxus
569 389 681 449 coquos
696 373 755 431 erui
773 371 1016 452 singulosplurt's
1036 389 1125 450 quam

107 478 201 538 equos
229 457 419 538 quiritabant.
469 467 499 520 at
526 477 606 520 nunc
633 462 698 520 coci
728 461 819 522 trium
844 479 992 536 equorum
1018 461 1124 541 pretiis

102 555 250 629 parantur
278 554 307 608 et
331 567 496 628 coquorum
519 551 630 630 pisces,
660 549 819 630 nullusque
847 568 940 629 prope
965 552 1023 612 iam
1045 568 1124 616 mor·

77 638 174 700 stalis
198 638 371 701 aestimator
398 637 493 716 pluris
516 657 604 718 quam
634 641 685 718 qui
709 640 892 724 peritissime
921 657 1045 702 censum
1072 639 1122 700 do·

106 729 180 788 mini
198 728 315 806 mergit.
364 721 421 788 18.
445 727 571 788 mullum
589 741 686 788 nxxx
710 727 852 790 librarum
876 730 906 790 in
926 731 1002 790 mari
1020 727 1122 790 Rubro
1143 733 1177 782 68

107 824 227 898 captum
247 815 411 876 Licinius
438 815 623 877 Mucianus
650 817 793 899 prodidit,
826 821 928 896 quanti
955 826 1124 886 mercatura

108 901 177 967 eum
200 905 317 966 luxuria
341 904 520 968 suburbanis
542 905 680 968 litoribus
703 904 878 970 inventum?

176 988 249 1077 (32)
273 991 326 1059 Est
350 994 475 1059 ethaeo
499 1003 605 1056 natura
632 1003 666 1056 ut
689 995 737 1057 alii
761 995 831 1064 alibi
852 998 951 1075 pisces
973 997 1121 1076 priucipa-

64 1101 92 1142 1o
106 1091 172 1146 tum
195 1085 356 1164 optineant,
380 1085 536 1146 coracinus
558 1086 590 1144 in
610 1084 753 1165 Aegypto,
777 1103 847 1152 zeus
864 1085 944 1156 idem
965 1084 1048 1148 faber
1066 1104 1122 1166 ,ap-

105 1171 233 1254 pellatus
253 1171 391 1255 Gadibus,
410 1176 490 1234 circa
506 1171 640 1236 Ebusum
659 1173 749 1254 salpa,
767 1172 915 1234 obscenus
934 1172 1004 1234 alibi
1017 1181 1052 1236 ,et
1071 1175 1123 1252 qui

106 1281 254 1344 nusquam
276 1265 421 1343 percoqui
443 1265 539 1344 possit
561 1263 620 1330 nisi
643 1262 739 1324 ferula
761 1261 949 1342 verberatus;
980 1264 1011 1322 in
1034 1261 1122 1340 Aqui-

106 1355 186 1414 tania
210 1351 301 1414 salmo
324 1351 474 1414 fluviatilis
498 1353 620 1414 marinis
644 1349 782 1415 omnibus
796 1351 982 1430 praefertur.

175 1435 249 1524 (33)
286 1441 423 1504 Piscium
447 1443 496 1504 alii
525 1441 682 1502 branchias
711 1439 891 1520 multiplices
921 1439 1044 1520 habent,
1074 1439 1124 1499 alii
1142 1446 1176 1494 oo

66 1548 94 1589 15
109 1531 268 1612 simplices,
291 1530 339 1592 alii
358 1531 500 1612 duplices.
542 1531 589 1592 his
609 1549 714 1610 aquam
734 1531 874 1593 emittunt
893 1536 1043 1610 acceptam
1063 1548 1123 1588 ore.

108 1622 272 1682 senectutis
290 1619 434 1686 indicium
453 1638 644 1702 squamarum
663 1620 780 1700 duritia,
805 1637 880 1697 quae
899 1637 959 1680 non
974 1625 1044 1678 sunt
1062 1637 1123 1678 om·

108 1708 197 1770 nibus
221 1709 340 1770 similes.
388 1711 447 1770 duo
472 1709 554 1772 lacus
577 1707 677 1770 ltaliae
701 1711 733 1769 in
756 1706 906 1768 radicibus
929 1707 1048 1786 Alpium
1070 1705 1123 1766 La-

108 1800 173 1858 rius
197 1807 226 1860 et
249 1798 424 1860 Verbannus
448 1799 642 1880 appellantur,
671 1800 701 1859 in
726 1795 834 1878 quibus
862 1799 960 1876 pisces
986 1795 1124 1856 omnibus

110 1889 194 1950 annis
217 1887 408 1968 vergiliarum
427 1897 496 1950 ortu
515 1890 663 1950 exsistunt
682 1889 812 1966 squamis
832 1887 986 1965 conspicui
1010 1883 1124 1945 crebris

68 1994 96 2034 ao
110 1984 198 2057 atque
221 1981 398 2060 praeacutis,
421 1978 572 2040 clavorum
595 1977 767 2056 caligarium
790 1976 896 2056 effigie,
919 1993 975 2036 nec
999 1973 1124 2054 amplius

110 2084 199 2146 quam
222 2069 301 2130 circa
324 2087 393 2130 eum
416 2063 550 2130 mensem
572 2069 717 2129 visuntur.

177 2151 236 2220 19.
261 2151 336 2240 (34)
367 2157 492 2220 Miratur
516 2165 545 2218 et
568 2155 692 2218 Arcadia
716 2173 805 2218 suum
827 2161 1003 2216 exocoetum
1026 2151 1123 2232 appel·
1143 2150 1176 2199 ⁷⁰

109 2245 201 2307 latum
231 2246 267 2307 ab
291 2266 326 2307 eo
358 2247 436 2326 quod
466 2249 497 2307 in
525 2249 638 2307 siccum
666 2247 762 2308 somni
790 2263 878 2306 causa
906 2250 999 2304 exeat.
1044 2243 1124 2302 circa

1 2363 2 2377 ¹
111 2333 267 2398 Clitorium
289 2337 398 2399 vocalis
421 2336 471 2418 hic
492 2336 621 2402 traditur
643 2327 674 2396 et
698 2336 761 2396 sine
785 2332 948 2414 branchiis,
971 2331 1050 2392 idem
1073 2329 1122 2390 ali·
1168 2394 1174 2407 ,

1 2431 2 2454 ¹
68 2441 96 2482 25
111 2427 178 2503 quis
200 2423 311 2488 Adonis
334 2425 440 2488 dictus.
875 2488 877 2494 ,

179 2507 252 2596 (35)
275 2513 394 2576 Exeunt
415 2516 448 2576 in
472 2523 584 2576 terram
606 2521 636 2576 et
660 2515 711 2592 qui
733 2513 840 2574 marini
857 2529 959 2572 mures
980 2517 1123 2570 vocantur
1143 2516 1175 2565 71

111 2611 141 2664 et
163 2603 263 2684 polypi
287 2611 317 2664 et
334 2623 486 2686 murenae,
510 2606 582 2683 quin
601 2612 631 2664 et
648 2605 679 2662 in
698 2601 797 2662 Indiae
817 2599 989 2660 fluminibus
1009 2606 1124 2658 certum

111 2711 205 2773 genus
227 2695 365 2775 piscium,
388 2712 421 2754 ac
445 2693 551 2754 deinde
572 2691 676 2754 resilit.
716 2691 834 2750 namin
853 2696 955 2768 stagna
975 2696 1004 2747 et
1023 2705 1124 2748 amnes

111 2784 287 2844 transeundi
305 2783 457 2863 plerisque
476 2783 597 2844 evidens
616 2783 692 2842 ratio
713 2787 758 2840 est
778 2787 810 2839 ut
828 2786 910 2840 tutos
928 2778 1008 2838 letus
1028 2776 1125 2855 edant,

70 2889 98 2928 ao
111 2875 180 2952 quia
209 2891 270 2934 non
295 2873 355 2933 sint
384 2871 425 2932 ibi
456 2874 507 2950 qui
530 2872 673 2932 devorent
702 2875 805 2949 partus
828 2867 997 2946 flumusque
1025 2867 1124 2925 minus

111 2964 250 3022 saeviant.
295 2961 349 3022 has
372 2961 504 3042 intellegi
517 2960 563 3021 ,ab
581 2963 618 3021 iis
642 2977 745 3020 causas
767 2958 937 3035 servarique
955 2963 1125 3034 temporum
1155 2973 1159 2980 ·

110 3053 191 3112 vices
215 3053 307 3132 magis
331 3053 466 3132 miretur,
497 3052 521 3111 si
545 3052 612 3129 quis
637 3055 757 3128 reputet
784 3053 875 3126 quoto
899 3047 1007 3123 cuique
1031 3043 1123 3103 borni·

202 3349 324 3419 2pluris
342 3365 367 3403 o.
396 3365 451 3403 ·rcs
470 3349 498 3403 ll,
569 3345 784 3416 3queribabai1i
800 3343 844 3396 12².
873 3342 939 3411 qrib-
958 3341 1002 3394 11¹.
1020 3342 1024 3409 Ι
1040 3340 1125 3393 trium

113 3438 248 3490 equorum
264 3420 411 3476 Boiocalus
428 3436 487 3476 eor.
507 3420 563 3474 leet.
582 3424 612 3484 2,
631 3422 648 3472 7
664 3435 693 3488 p.
708 3420 770 3472 170.
800 3414 1006 3484 triumphorum
1025 3411 1053 3466 ll.

113 3499 145 3548 11
167 3493 235 3548 alibi
253 3494 283 3548 ob
300 3493 349 3562 qui
367 3507 417 3548 om.
436 3496 467 3548 Β.
530 3496 562 3544 12
582 3507 668 3559 quam
685 3493 716 3542 B.
741 3503 880 3554 nusquam
897 3503 920 3538 r.
982 3485 1125 3566 ibimus·

112 3565 197 3620 eundi
220 3565 278 3621 Gel.
310 3565 390 3619 -eunt
411 3566 456 3618 ad.
491 3564 570 3618 eunt
592 3562 621 3615 in
644 3559 686 3614 1³².
718 3558 808 3614 -eunti
825 3574 848 3611 r.
948 3562 982 3610 32
1006 3571 1082 3609 orces
1100 3570 1127 3610 c.

112 3638 198 3693 uisa.
225 3638 269 3692 ius
286 3653 309 3692 r.

165 3729 233 3768 Pnru.
247 3739 303 3769 nau.
317 3737 380 3768 mer.
407 3727 438 3768 11.
949 3722 965 3770 9
