2340 3934
129 131 192 198 100
478 131 507 184 Ο.
527 131 626 184 PLINI
646 129 803 185 SECUNDI

202 192 216 222 l

126 293 244 346 nentur.
292 285 385 344 tauris
413 284 527 342 minora
555 299 644 358 quam
672 279 770 340 bubus
800 299 914 340 cornua
944 283 1129 359 tenuioraque.

75 383 126 432 180
136 374 284 436 domitura
308 373 398 434 boum
421 373 453 431 in
473 373 608 450 trimatu,
632 378 735 448 postea
759 389 839 448 sera,
863 379 933 430 ante
951 379 1131 450 praematura.

128 467 237 545 optime
271 481 339 524 cum
363 461 474 522 domito
502 461 646 520 iuvencus
670 459 812 520 inbuitnr.
867 462 983 520 socium
1007 462 1082 520 enim
1102 460 1132 518 la·

126 541 209 616 ioris
237 555 358 632 agrique
388 550 521 612 culturae
549 548 694 610 habemus
722 549 778 608 hoc
806 549 915 610 animal
944 557 1041 610 tantae
1069 549 1134 627 apud

127 647 244 724 priores
275 660 364 702 curae
397 649 429 702 ut
460 641 499 699 sit
530 641 608 700 inter
639 637 773 717 exempla
803 638 961 698 damnatus
992 657 1008 697 a
1037 638 1155 717 populea

128 734 260 794 Romano
289 732 336 792 die
364 731 452 810 dieta,
479 731 530 807 qui
554 727 721 790 concubino
746 730 866 806 procaci
896 746 968 788 rnre
1000 745 1136 788 omassum

129 822 225 883 edisse
250 841 281 882 se
306 827 432 898 negante
460 817 610 880 occiderat
632 817 752 897 bovem,
782 825 927 896 actusque
955 821 986 877 in
1012 817 1137 878 exsilium

128 921 278 989 tamquam
302 909 405 970 colono
430 927 484 970 suo
508 911 696 986 interempto.

76 1009 126 1058 181
195 999 301 1060 Tauris
329 1001 359 1058 in
388 1006 510 1077 aspectu
537 999 736 1076 generosum,
768 1003 852 1056 torva
880 997 994 1078 fronte,
1027 995 1139 1058 auribus

129 1091 266 1169 saetosis,
295 1087 445 1148 cornibus
464 1089 495 1146 in
519 1087 676 1164 procinctu
702 1085 923 1146 dimicationem
946 1085 1158 1165 poscentibus

130 1179 182 1240 sed
200 1186 262 1238 tota
281 1179 469 1238 comminatio
486 1173 638 1254 prioribus
657 1178 687 1235 in
705 1173 840 1254 pedihus.
864 1184 924 1236 stat
942 1178 988 1236 ira
1005 1175 1140 1254 gliscente

129 1267 259 1328 alternos
282 1266 429 1346 replicans
453 1283 654 1345 spargensque
678 1267 709 1326 in
733 1265 831 1326 alvom
848 1265 992 1326 harenam
1016 1274 1048 1325 et
1071 1265 1142 1324 solus

78 1365 128 1415 182
139 1356 310 1418 animalium
333 1375 369 1416 eo
382 1353 512 1423 stimulo
536 1354 703 1416 ardescens:
745 1354 872 1416 vidimus
895 1373 932 1414 ex
954 1356 1084 1434 imperio
1106 1354 1142 1412 di·

128 1449 272 1508 micantes
291 1453 321 1508 et
334 1444 401 1506 ideo
420 1451 600 1506 monstratos
618 1446 721 1526 rotari,
739 1443 880 1504 cornibus
896 1443 1040 1504 cadentes
1055 1445 1142 1522 excipi

128 1539 297 1614 iterumque
316 1538 424 1614 regeri,
448 1534 535 1594 modo
553 1535 691 1594 iacentes¹
704 1539 740 1594 ex
754 1533 845 1594 humo
860 1533 932 1615 totu,
951 1533 1144 1613 bigarumque

130 1627 218 1686 etiam
246 1643 337 1684 curru
370 1625 459 1684 citato
487 1623 567 1682 velut
596 1625 714 1701 aurigas
741 1625 889 1683 insistere.
936 1623 1145 1684 Thessalorum

129 1716 226 1792 gentis
244 1715 398 1774 inventum
417 1719 463 1772 est
482 1730 558 1790 equo
578 1714 659 1772 iuxta
674 1711 906 1790 quadripedante
926 1731 1024 1773 cornu
1041 1715 1145 1774 intorta

130 1805 245 1864 cervice
264 1810 365 1864 tauros
384 1819 500 1862 necare.
530 1803 645 1880 primus
663 1801 694 1860 id
713 1801 917 1880 spectaculum
937 1801 1021 1864 dedit
1040 1803 1145 1863 Romae

78 1899 129 1948 183
140 1891 247 1955 Caesar
270 1892 405 1952 dictator.
446 1891 516 1952 hinc
540 1892 675 1951 victimae
699 1893 814 1968 opimae
838 1898 868 1950 et
890 1891 1059 1953 lautissima
1082 1892 1145 1952 deo-

130 1997 198 2042 rum
211 1981 346 2060 placatio.
368 1979 438 2040 hiric
452 1987 568 2040 tantum
586 1979 705 2043 animali
720 1983 853 2042 omnirnn
869 1981 980 2059 quibus
995 1985 1149 2062 procerior

130 2069 223 2130 canda
246 2089 306 2129 non
330 2072 430 2130 statim
453 2076 521 2130 nato
545 2077 767 2130 consummatae
791 2077 824 2130 ut
848 2073 957 2132 ceteris
981 2090 1150 2132 mensurae.

130 2160 239 2218 crescit
262 2161 314 2218 uni
337 2159 431 2220 donec
457 2158 493 2218 ad
516 2161 639 2238 vestigia
665 2161 724 2218 ima
746 2161 908 2238 perveniat.
937 2162 1151 2240 quamobrem

130 2249 316 2308 victimarum
334 2247 470 2326 probatio
491 2251 522 2308 in
541 2248 632 2308 vitulo
656 2256 691 2330 ut
709 2247 869 2311 articulum
889 2250 1065 2330 suffraginis
1084 2271 1150 2312 con-

129 2338 230 2415 tingat.
274 2335 410 2396 breviore
434 2355 494 2398 non
517 2335 611 2402 litant.
656 2337 714 2398 hoc
738 2355 859 2418 quoque
881 2347 1019 2402 notatum
1044 2341 1152 2402 vitulos

130 2425 166 2486 ad
189 2443 254 2486 aras
277 2428 389 2486 umeris
410 2425 538 2488 hominis
561 2427 673 2492 adlatos
697 2445 757 2488 non
780 2429 843 2489 lere
866 2428 965 2510 litare,
991 2432 1074 2492 sieut
1099 2449 1152 2490 ner

131 2514 312 2576 claudicante
345 2534 400 2578 uec
428 2514 522 2576 aliena
550 2515 646 2576 hostia
678 2517 751 2577 deos
778 2517 889 2596 placari
921 2537 978 2578 nec
1011 2521 1152 2581 tralrentr·

130 2623 161 2664 se
190 2603 226 2664 ah
255 2607 322 2665 aris.
373 2613 427 2668 est,
446 2605 588 2683 frequens
615 2609 646 2666 in
673 2607 818 2686 prodigiis
845 2609 1015 2686 priscorum
1046 2609 1153 2670 bovem

129 2693 275 2774 locutum,
290 2713 357 2772 -quo
381 2695 516 2770 nuntiato
541 2703 677 2756 senatum
696 2695 756 2756 ¹suh
780 2695 831 2756 diu
854 2695 958 2758 haberi
982 2698 1120 2762 solitum.

78 2789 130 2838 184
197 2775 257 2844 46.
281 2777 355 2865 (ll)
385 2781 443 2844 Bos
466 2785 498 2844 in
521 2785 652 2864 Aegypto
676 2787 765 2846 etiam
780 2788 918 2848 numinis
941 2789 1006 2848 vice
1031 2790 1154 2852 colitur.

130 2872 206 2950 Apin
223 2881 337 2932 vocant.
369 2874 485 2951 insigne
509 2875 537 2933 ei
560 2875 591 2934 in
610 2875 715 2935 dextro
734 2875 826 2936 latere
851 2876 1010 2940 candicans
1034 2881 1155 2940 maenia

130 2959 271 3020 cornibus
290 2961 375 3021 lunae
395 2980 531 3022 erescere
550 2965 729 3045 incipientia,
747 2964 844 3026 nodus
863 2964 918 3030 sub
937 2965 1041 3047 lingua
1063 2989 1156 3048 quem

133 3119 345 3128 ——w———n-

200 3205 332 3258 elautae
349 3203 391 3257 1³2.
415 3206 456 3258 -ta
474 3222 497 3260 r.
557 3211 678 3262 baem.
697 3211 749 3262 Μ,
806 3211 960 3279 inegente
978 3227 1005 3264 v.
1030 3215 1111 3268 -tem
1132 3215 1157 3268 li.

202 3280 235 3328 10
257 3274 287 3328 in
309 3274 385 3328 1²⁸².
413 3292 463 3334 om,
487 3295 510 3331 r.
534 3331 536 3336 ,
586 3285 618 3332 12
641 3279 779 3348 replicans
804 3281 884 3336 orbes
907 3280 951 3334 Ρ.
1026 3289 1066 3338 14
1090 3285 1157 3340 ideo

130 3345 194 3398 sede
218 3345 255 3398 αἳ.
320 3352 352 3400 15
371 3347 463 3416 regeri
482 3349 525 3404 Μ.
540 3348 686 3418 Houpiine
704 3351 823 3409 Homer
841 3355 890 3406 III
896 3356 965 3410 1149.
990 3370 1100 3425 regere
1120 3361 1151 3409 ι’

128 3431 450 3542 illulallmiilll
484 3421 816 3548 Illwalssll‘l‘lgi'a
855 3431 898 3550 1¹1⁷
922 3424 1157 3550 illm*

130 3535 239 3619 opimae
258 3529 282 3608 1⁸.
308 3529 482 3626 epaumee'r.
503 3511 778 3627 inautusimarfflg.
805 3513 961 3622 leudal-:a
1015 3515 1075 3624 Πέοο
1090 3519 1157 3626 irruit·

128 3621 193 3675 3²11.
221 3624 294 3678 hene
312 3629 356 3680 11¹.
383 3627 458 3684 hunc
476 3648 498 3684 r.
573 3637 607 3688 28
626 3633 672 3691 dio
691 3640 715 3688 d.
744 3637 809 3692 divo
826 3654 851 3692 c.
