2308 3936
221 175 301 224 neu.
317 177 411 226 rursu.
427 179 465 226 ιι.
486 174 589 230 9-1a.
607 167 723 246 (6—9.)
957 170 996 234 73

25 331 98 392 οιιιιίι
116 347 146 392 ac
173 329 289 392 diurnae
316 331 392 394 lucis
418 331 513 412 plena.
560 333 678 396 anobis
699 346 794 399 autem
809 355 864 417 per
879 349 996 403 noctem

26 423 150 476 cernuntur
167 414 261 478 sidera
281 425 314 476 ut
336 417 449 498 reliqua
469 418 575 480 lumina
597 437 614 479 e
638 421 784 497 tenebris,
819 431 848 484 et
874 434 996 506 propter

24 501 61 560 lus
75 517 162 562 causas
179 509 322 562 nocturno
339 511 472 582 ternpore
490 502 589 564 delicit
603 503 680 566 luna.
710 508 777 568 stati
796 516 890 570 autem
906 518 994 590 atque

24 585 130 646 menstrui
139 601 194 645 non
205 585 680 668 suntutriqucdeiectuuspropter
692 590 894 674 obliquitatem
906 594 993 672 sigui·

10 671 61 730 uteri
72 671 200 750 lunaeque
213 669 412 750 multivagos,
424 680 455 732 ut
472 669 578 734 dictum
595 671 788 751 est,llexuus,
802 692 859 736 nou
875 695 991 758 semper
1002 701 1026 738 cc

23 757 40 813 iu
53 755 166 834 scripulis
182 755 306 834 partium
322 766 503 834 congruente
519 756 646 818 siderum
663 769 751 821 motu.

67 841 104 898 ii.
120 837 178 920 (8.)
197 838 280 900 llaec
298 842 374 902 ratio
385 837 525 902 mortales
540 843 651 904 animos
674 844 807 906 subducit
823 845 851 904 in
869 844 991 923 caelum,
1002 858 1042 914 to

21 943 44 983 cc
57 923 121 984 uelut
137 925 203 984 iude
226 924 491 1006 contemplantibus
511 927 596 988 trium
627 930 815 990 maximarum
831 947 926 990 rerurn
944 947 992 991 ua·

21 1017 78 1069 turae
92 1010 207 1088 partium
225 1009 450 1088 magnitudinem
467 1011 588 1090 detegit.
605 1029 662 1072 non
678 1007 780 1092 posset
795 1014 902 1094 quippe
915 1023 993 1074 totus

6 1093 52 1152 usui
64 1093 135 1155 adimi
149 1095 237 1156 terris
253 1095 455 1156 intercedente
471 1095 547 1172 luna,
567 1095 592 1155 si
607 1105 686 1158 terra
705 1098 797 1158 maior
813 1107 894 1158 esset
909 1117 995 1180 quam

21 1177 71 1238 luna.
95 1180 173 1240 tertia
200 1197 239 1239 ex
261 1188 388 1260 utroque
409 1181 528 1242 vastitas
551 1180 623 1242 solis
648 1181 799 1243 oculorum
816 1183 993 1261 argumentis

21 1263 134 1342 aperitur,
174 1273 207 1324 ut
231 1267 348 1325 nonsit
370 1283 495 1326 necesse
518 1265 734 1345 amplitudIneun
756 1269 820 1328 eius
843 1267 994 1328 oculorum

20 1349 160 1424 argumentis
177 1357 266 1430 atque
282 1350 451 1412 coniectura
466 1350 551 1413 animi
567 1351 705 1412 scrutari:
736 1352 895 1414 inmensum
914 1369 992 1426 esse,
1003 1367 1043 1420 50

20 1435 64 1510 quia
76 1432 205 1494 arborum
228 1434 258 1494 in
274 1433 410 1497 limitibus
430 1443 631 1513 porrectarum
648 1436 677 1494 in
696 1434 842 1516 quotlibet
857 1453 993 1515 passuum

6 1517 70 1578 unitio
87 1517 201 1580 umbras
220 1517 339 1598 paribus
360 1519 446 1580 iaciat
467 1517 627 1582 intervallis
648 1528 791 1600 tamquam
814 1528 876 1581 toto
897 1521 992 1600 spatio

19 1601 107 1677 nudius,
123 1611 152 1662 et
168 1603 237 1682 quia
253 1621 307 1682 per
322 1604 536 1684 aequinoctium
552 1602 685 1690 omnibus
696 1605 725 1664 iu
736 1602 893 1666 meridiana
905 1605 993 1684 plaga

19 1683 177 1748 habitantibus
196 1687 281 1748 simul
297 1687 347 1748 liat
362 1706 378 1748 a
395 1688 524 1763 vertice,
543 1689 611 1748 item
629 1690 696 1767 quia
712 1690 790 1751 circa
807 1688 993 1750 solstitialem

19 1770 124 1832 circulum
140 1769 331 1834 habitantium
355 1771 475 1836 meridie
497 1772 532 1834 ad
553 1773 784 1852 septentrionem
805 1773 923 1834 umbrae
943 1780 991 1833 ta·

19 1853 74 1930 lunt,
88 1865 148 1916 ortu
163 1872 239 1916 vero
257 1856 293 1917 ad
311 1873 465 1934 occasum,
487 1875 563 1936 quae
589 1856 653 1920 lieri
670 1858 749 1919 nullo
766 1858 854 1920 modo
870 1866 993 1938 possent

6 1939 52 1995 tuisi
65 1939 142 2002 multo
167 1959 257 2020 quam
277 1949 356 2002 terra
372 1943 463 2003 maior
479 1949 578 2018 esset,
601 1959 657 2002 neo
679 1943 757 2022 quod
773 1950 898 2002 montem
913 1939 993 2002 ldam

21 2025 122 2084 croriens
137 2025 290 2090 latitudine
309 2035 485 2105 exsuperet,
504 2025 606 2087 dextra
622 2025 765 2107 laeuaque
782 2026 864 2105 large
882 2025 992 2105 amplc-

21 2115 88 2182 ctcns,
104 2111 278 2188 praesertim
294 2118 372 2170 tanto
391 2109 535 2171 discretus
551 2110 715 2172 interuallo.
748 2109 890 2172 Deiectus
906 2110 991 2171 lunae
1001 2118 1037 2174 51

20 2192 210 2268 nigritudinem
227 2194 290 2254 eius
312 2193 379 2256 baut
400 2193 486 2256 dubia
503 2195 615 2256 ratione
634 2194 780 2271 declarat,
807 2195 881 2255 sicut
895 2203 992 2255 terrae

20 2278 153 2350 parcitatem
170 2279 239 2356 ipse
257 2277 408 2340 delicians.
445 2295 570 2359 namque
594 2297 658 2339 cum
683 2279 739 2339 siut
754 2287 815 2339 tres
830 2277 993 2338 umbrarum

6 2357 111 2440 iiturae,
137 2371 332 2443 constetque,
360 2363 385 2422 si
408 2381 461 2442 pau
482 2362 579 2423 lumini
603 2363 639 2423 sit
662 2363 781 2424 materia
804 2380 879 2444 quae
896 2361 992 2438 iaciat,

19 2444 111 2508 mbram
122 2447 278 2510 columnae
291 2445 391 2526 ciiigie
402 2447 457 2508 iaci
469 2465 524 2507 uec
536 2446 647 2508 babere
660 2445 762 2524 linem,
780 2448 888 2508 sivero
903 2447 994 2507 maior

18 2531 103 2592 ucteria
118 2528 206 2612 quarn
222 2531 330 2608 lumen,
346 2530 467 2592 turbinis
482 2532 567 2608 recti,
584 2539 614 2591 ut
626 2531 663 2592 sit
678 2533 763 2593 imum
776 2531 839 2592 eius
851 2532 992 2610 augustis·

20 2611 88 2674 sinum
101 2625 129 2676 ct
139 2615 227 2678 simili
241 2615 329 2676 modo
341 2615 447 2676 inlinita
459 2615 619 2694 longitudo,
637 2616 661 2676 si
671 2615 764 2678 minor
776 2616 894 2678 materia
908 2633 993 2695 quam

21 2693 58 2771 lit,
71 2707 155 2762 metae
172 2701 323 2761 exsistere
340 2699 468 2778 eiligiem
484 2701 512 2760 in
528 2701 684 2762 cacuminis
700 2701 785 2762 linem
798 2701 989 2775 desinentem,

6 2779 127 2862 utriunque
151 2785 237 2846 cerui
255 2783 384 2844 umbram
405 2783 560 2846 deficiente
578 2783 661 2862 luna,
692 2785 786 2865 palam
802 2785 848 2861 lit,
871 2791 900 2844 ut
915 2782 1038 2846 nullacb

22 2865 108 2941 anplius
117 2869 301 2949 relinquatur
311 2868 465 2945 dubitatio,
490 2869 622 2948 superari
642 2870 865 2948 magnitudinem
883 2877 992 2944 terrae,
1029 2873 1032 2878 '

22 2945 139 3026 idquideun
156 2963 187 3014 et
204 2953 303 3014 tacitis
318 2961 436 3014 naturae
454 2953 545 3032 ipsius
561 2953 685 3014 iudiciis.
721 2973 772 3016 cur
789 2953 863 3014 enim
879 2954 993 3033 partitis

23 3030 100 3094 uicibus
113 3039 176 3098 anui
194 3037 336 3098 brumalis
363 3037 495 3098 abscedit
521 3045 570 3098 aut
590 3039 717 3098 noctium
734 3039 881 3118 opacitate
897 3047 992 3098 terras

22 3114 102 3178 reiciet
130 3131 290 3184 exusturus
305 3121 373 3182 baut
388 3120 485 3199 dubie,
502 3130 531 3182 et
547 3122 590 3182 sic
601 3139 719 3203 quoque
733 3140 858 3184 exurens
870 3121 992 3201 quadam

6 3195 38 3254 tiu
49 3211 122 3276 parte.
137 3214 216 3268 tanta
231 3205 397 3284 magnitudo
415 3214 470 3266 est.

63 3285 100 3344 ll.
116 3290 177 3370 (9.)
194 3289 234 3351 Et
258 3289 399 3349 rationem
415 3287 529 3368 quidem
545 3286 699 3350 deiectuus
721 3290 869 3370 utriusque
886 3290 1035 3369 primasca

23 3360 109 3430 lumeni
122 3375 241 3450 generis
256 3375 286 3433 in
300 3374 418 3452 uulgum
431 3373 532 3434 extulit
544 3373 690 3452 Sulpicius
703 3371 812 3450 Gallus,
830 3375 879 3453 qui
891 3371 993 3434 consul

24 3463 63 3510 tun
75 3451 106 3513 bl.
117 3455 260 3519 llarcello
277 3457 341 3535 iuit,
358 3457 410 3518 sed
425 3466 482 3540 tum
497 3456 627 3518 tribunus
642 3457 775 3536 militum,
795 3456 992 3520 sollicitudine
