2302 3938
284 248 366 296 nnn.
383 247 477 297 mrsu.
492 247 526 296 u.
545 239 569 293 9.
591 233 742 314 (to-11.)
964 234 1024 300 195

48 407 92 483 dat,
110 403 257 465 umbrarum
272 403 405 464 deiectus
426 401 472 464 his
494 401 598 464 diebus
618 411 649 465 et
669 403 745 464 locis
767 404 831 464 sino
854 403 911 465 line
934 404 1026 466 adest.

46 491 123 568 Incipit
136 506 265 550 crescere
281 487 349 548 luna
364 505 458 566 nora,
474 485 679 568 'quaecumque
700 496 771 568 post
791 489 949 549 solstitium
970 499 1025 568 est,

47 576 126 634 sensim
143 573 314 652 modiceque
334 589 467 634 canorum
489 570 553 634 sole
570 577 756 651 transeunte,
782 572 1027 634 abundantissime

46 669 115 719 nutem
131 658 258 734 leonem,
289 665 321 717 et
338 650 443 718 r'esidit
466 657 496 717 in
516 657 632 736 virgine
648 657 751 718 iisdem
774 657 879 737 quibus
897 658 1027 720 adcrevit

30 741 125 802 enodis.
150 745 177 802 in
189 751 282 804 toturn
302 749 398 803 autem
412 749 570 802 revocatur
584 743 659 804 intra
674 743 753 822 ripas
768 744 797 802 in
811 742 903 820 libra,
927 753 956 803 ut
972 751 1027 804 tra·

45 827 252 904 litherodotus,
276 828 437 887 eenmsimo
454 825 509 886 die.
540 843 603 886 oum
618 829 743 904 eresoit,
763 843 855 905 reges
873 836 921 888 aut
943 845 1029 907 prae-

44 915 113 972 lectas
128 913 262 990 navigare
281 929 319 972 eo
338 911 421 972 nelas
437 910 591 972 indicatum
607 920 661 972 est.
699 919 820 972 auetuus
845 930 900 990 per
920 919 1026 990 putens

44 1015 163 1058 mensurae
176 997 254 1057 notis
271 995 538 1074 deprehenduntur.
572 996 679 1056 iustum
693 999 900 1057 incrementum
918 1003 964 1057 est
978 1015 1026 1056 eu·
1043 1001 1077 1055 58

42 1083 136 1142 bitonum
154 1080 233 1142 xvl.
276 1082 405 1141 minores
423 1097 514 1159 aquae
535 1097 594 1140 nou
616 1081 710 1140 omnia
728 1082 840 1158 rigant,
868 1079 1026 1160 ampliores

22 1166 140 1226 adclinant
160 1163 270 1226 tardius
292 1163 467 1226 recedendo.
504 1163 560 1225 hae
581 1165 698 1225 serendi
721 1173 852 1244 tempora
874 1164 1027 1224 absumunt

42 1251 86 1310 solo
99 1251 235 1326 madente,
255 1247 323 1311 illae
339 1265 397 1310 non
411 1250 481 1312 dant
496 1249 633 1310 sitiente·
659 1257 811 1328 utrumque
827 1257 944 1329 reputat
959 1265 1026 1328 pro-

42 1336 116 1399 vincia.
141 1337 169 1396 in
183 1331 240 1394 Xll
261 1334 366 1395 cubitis
380 1334 484 1395 lamem
503 1335 610 1408 sentit,
627 1335 657 1394 im
668 1333 737 1394 Xlll
752 1334 906 1394 etiamnum
922 1335 1026 1411 esurit,

40 1417 98 1479 lllll
111 1420 203 1481 cubita
216 1418 395 1480 hilaritatem
411 1419 562 1496 adierunt,
578 1417 634 1480 XV
650 1421 853 1496 securitatem,
869 1417 939 1479 XVI
953 1417 1026 1479 deli·

40 1506 88 1564 cias.
125 1507 277 1564 maximum
301 1506 510 1566 incrementum
537 1503 572 1564 ad
604 1503 663 1564 hoc
690 1505 756 1566 aeui
785 1505 839 1566 luit
862 1503 1027 1565 cubitorum

19 1587 108 1650 nilssl
126 1587 247 1650 Claudio
264 1590 416 1669 principe,
431 1587 618 1648 minimumll
635 1587 804 1650 Pharsalico
819 1588 919 1665 hello,
935 1588 1026 1650 veluti

39 1691 113 1735 necem
126 1665 221 1752 hlagni
238 1673 378 1754 prodigio
399 1673 523 1754 quodam
544 1673 660 1734 humine
682 1681 847 1735 aversante.
889 1691 952 1734 eum
968 1681 1026 1732 ste·

39 1765 82 1818 tere
94 1775 196 1839 aquae,
215 1759 328 1838 apertis
342 1759 468 1821 molibus
481 1758 678 1820 admittuntur.
708 1767 739 1818 ut
753 1775 887 1838 maeque
901 1756 1026 1817 liberata

38 1851 68 1901 est
80 1851 162 1922 terra,
185 1844 306 1904 seritur.
345 1843 426 1905 Idem
445 1844 534 1904 amnis
549 1859 622 1902 unus
638 1845 762 1904 omnium
784 1841 877 1902 mullas
895 1841 1026 1919 exspirat

39 1943 104 1987 anas.
145 1927 278 2012 Diciomis
305 1928 474 2009 Aegyptiae
501 1945 570 1988 esse
593 1929 695 2008 incipit
722 1949 737 1988 a
760 1927 819 1987 fine
846 1924 1024 2003 Aethiopiae
1042 1933 1077 1984 59

15 2011 116 2085 ‘aspele
144 2015 184 2073 ιιι
206 2021 331 2074 vocatur
346 2012 515 2094 paeninsula
533 2011 563 2073 Μ
582 2031 716 2092 passuum
733 2012 839 2072 ambitu
857 2012 957 2089 inqua
978 2026 1024 2069 ea·

39 2105 79 2156 stra
87 2105 145 2160 sunl
155 2099 255 2160 latere
267 2098 395 2158 Arabiae
406 2107 438 2158 et
449 2115 487 2158 ex
498 2097 635 2160 adverso.
656 2097 749 2157 insania
762 2104 808 2157 est
820 2093 920 2156 Philae
932 2091 983 2154 bc
996 2091 1026 2152 Μ

39 2199 141 2260 passuum
161 2203 177 2244 ι
196 2181 258 2244 Nili
281 2181 404 2260 fissura,
428 2181 506 2242 ande
527 2181 670 2262 appellari
691 2182 813 2242 diximus
835 2179 933 2240 Delta.
968 2177 1027 2238 hnc

38 2267 235 2413 {patsiffidfflit
253 2267 527 2412 ΜιιιωιᾱοιᾸιι,ιει
545 2267 575 2328 in
588 2285 625 2328 eo
635 2264 714 2412 beolaLl
732 2265 964 2430 pppiduadluisde,
982 2261 1026 2323 lu·

51 2369 62 2408 a
270 2369 385 2428 sanum,
407 2367 635 2413 .rrsooreona
716 2371 732 2410 e
775 2368 810 2410 an
855 2367 909 2410 ea
945 2365 1025 2407 mane

15 2431 151 2497 abacta!
187 2369 316 2500 asspuznm.
346 2435 517 2516 Elephantis
533 2436 626 2496 insula
641 2438 715 2496 intra
731 2436 919 2495 novissimum
937 2441 1026 2492 catam
1133 2445 1134 2448 ’

37 2455 185 2583 nantenllff
209 2519 241 2583 Μ
266 2537 401 2601 passuum
429 2530 458 2582 et
484 2539 572 2600 supra
591 2519 709 2598 Syenen
729 2517 798 2580 xvl
817 2517 847 2578 Μ
869 2517 1026 2592 habitatur,

38 2607 201 2682 nauigationis
217 2605 389 2686 Aegyptiae
404 2605 488 2684 linis,
509 2607 545 2665 ab
561 2604 739 2665 Alexandria
756 2599 890 2662 DthlX
903 2599 933 2660 Μ
947 2618 1028 2678 pass.-

38 2685 163 2752 intantum
178 2709 322 2752 erravere
339 2692 552 2770 suprascripti.
579 2689 622 2750 lbi
640 2689 836 2766 Aethiopicae
849 2686 1027 2746 conveniunt

39 2789 120 2853 naves,
140 2792 266 2856 namque
282 2793 333 2837 eas
351 2775 498 2855 plicatiles
517 2777 624 2836 umeris
646 2773 823 2834 transierunt
843 2770 977 2849 quotiens
991 2766 1027 2827 ad

18 2863 181 2922 :conterrentes
197 2869 317 2922 ventum
335 2869 390 2921 est.

84 2941 157 3026 (11.)
178 2945 337 3024 Aegyptus
360 2963 450 3025 super
472 2954 600 3006 aeteram
629 2943 807 3022 antiquitatis
828 2940 952 3019 gloriam
970 2935 1028 2997 XX
1045 2953 1078 3006 ιιι)

40 3021 57 3081 ll
70 3028 166 3088 urbium
186 3030 245 3090 sihi
260 3029 369 3090 Amase
386 3037 530 3108 regnante
547 3029 674 3088 habitata
688 3027 836 3107 praelert,
860 3043 938 3084 nanc
957 3039 1027 3102 quo·

43 3127 83 3186 qne
95 3114 185 3174 multis
201 3116 316 3176 etiamsi
333 3113 512 3192 ignobilibus
535 3113 684 3191 frequens.
729 3110 916 3172 celebrantur
932 3116 1028 3168 tannen

40 3195 178 3278 Apollinis,
192 3217 265 3260 mox
282 3197 488 3275 Leucotheae,
503 3196 655 3274 Diospolis
671 3213 791 3273 magna,
807 3195 909 3255 eadem
925 3190 1027 3252 Thebe

20 3286 302 3354 incaementatum
324 3282 432 3344 nobilis
454 3283 542 3358 lama,
568 3279 683 3361 Coptos
704 3279 863 3340 indicarum
890 3275 1029 3338 Arabica·

41 3380 136 3446 rumque
158 3371 297 3430 mercium
322 3366 391 3428 Nilo
420 3368 582 3448 proximum
609 3367 785 3446 emporium,
813 3381 882 3424 mox
900 3360 1028 3421 Veneris

42 3449 151 3525 oppidum
170 3463 200 3514 et
221 3456 328 3514 iterum
346 3452 444 3530 lovis,
472 3469 506 3512 ae
528 3450 682 3528 Tentyris,
711 3451 785 3510 inira
807 3447 884 3525 quod
905 3443 1028 3521 Abydus

43 3525 176 3599 hannonis
191 3539 275 3617 regia
292 3546 322 3599 et
337 3536 431 3600 Osiris
447 3536 556 3618 templo
572 3536 725 3612 inclutum,
743 3529 840 3680 ΜῙΙΞΜ
855 3530 881 3591 D
896 3547 975 3609 pass.
999 3529 1029 3587 in
