2286 3938
139 209 181 272 14
485 206 514 263 C.
533 197 633 262 PLINI
652 205 810 262 SECUNDI
899 253 902 263 .

134 358 333 419 multiformes
360 366 446 420 notas
473 360 626 438 inprimet,
661 375 731 418 cum
754 359 863 416 ceteris
886 353 1092 446 animantibus
1113 357 1140 414 in

131 447 259 508 'mobiles
283 451 343 509 sint
365 450 457 509 animi
484 454 515 508 et
538 447 649 508 similes
673 444 810 508 omnibus
833 445 1022 525 singulisque
1047 447 1079 504 in
1104 465 1132 504 su

81 545 115 594 53
135 539 243 616 otiique
266 542 385 616 genere
422 536 568 597 Antiocho
591 538 655 615 regi
677 535 780 616 Syriae
803 554 819 595 e
842 533 930 615 plebe
954 535 1083 595 nomine
1104 537 1140 592 ,tr

133 635 213 688 temo
232 628 393 687 intantum
412 626 516 687 sireniis
530 626 588 686 luit
605 633 639 687 ut
652 625 779 686 Laodice
798 626 927 685 conirmx
946 625 1034 704 regia
1053 631 1135 684 necat

133 718 192 775 iam
214 715 360 776 Antiocho
387 717 512 776 mimum
534 733 589 795 per
617 733 686 775 eum
713 714 979 775 commendationis
1008 715 1143 792 regniqu

133 807 333 865 successionis
360 807 519 884 peregerit.
567 805 673 883 Magno
695 803 837 884 Pompeio
859 801 965 864 Vibius
992 801 1120 882 quidam

132 892 219 972 plebe
238 901 268 954 et
281 893 434 954 Publicius
453 897 543 956 etiam
561 895 705 954 servitute
719 892 862 954 liberatus
880 892 1053 953 indiscreta
1068 911 1138 971 prop

133 983 232 1061 specie
256 983 340 1043 inere
364 983 484 1064 simileS,
507 983 580 1044 illud
603 1001 637 1043 os
659 981 787 1062 probum
810 982 972 1042 reddentes
994 983 1138 1062 ipsumqu

79 1079 114 1127 54
132 1071 277 1132 honorem
300 1074 423 1133 exinriae
447 1073 563 1133 frontis.
611 1071 707 1151 qualis
730 1090 819 1133 causa
841 1073 919 1152 patri
943 1089 1074 1150 quoque
1098 1075 1140 1130 eiu

132 1159 303 1240 Menogenis
331 1165 396 1222 coci
424 1163 470 1222 sni
498 1172 664 1242 cognomen
691 1163 837 1242 inposuit,
869 1163 928 1221 iarn
953 1159 1119 1220 Strabonis

132 1252 231 1329 specie
255 1250 411 1311 oculorum
429 1249 566 1312 habentis
588 1253 694 1312 vitium
712 1251 826 1312 imitata
847 1253 879 1312 in
898 1267 997 1330 servo,
1026 1247 1140 1329 Scipio

133 1336 316 1420 Serapionis,
353 1343 405 1415 qni
437 1347 501 1401 erut
529 1343 621 1401 suarii
650 1342 843 1420 negotiatoris
870 1339 928 1399 vile
962 1341 1102 1418 mancipi
1129 1364 1142 1391 ιι

133 1427 267 1489 eiusdem
289 1429 415 1490 familiae
431 1429 564 1510 Scipioni
585 1438 655 1510 post
677 1447 747 1491 eum
763 1447 879 1491 nomen
894 1427 1026 1489 Saluitto
1053 1431 1141 1488 mimu

132 1516 225 1598 dedit,
248 1520 327 1579 sicut
350 1517 492 1599 Spinther
516 1519 715 1581 secundarum
738 1519 956 1597 tertianamque
981 1517 1141 1598 Pamphilu

132 1605 255 1685 collegio
278 1605 397 1668 Lentuli
420 1615 450 1668 et
472 1607 583 1669 Metelli
606 1608 776 1691 consulum,
798 1611 830 1668 in
854 1625 913 1687 quo
935 1625 1097 1687 perquam
1119 1625 1139 1666 ιι

131 1702 259 1774 portune
282 1697 439 1757 fortuitum
462 1696 519 1757 hoc
543 1715 662 1778 quoque
685 1699 755 1778 fuit,
778 1697 907 1759 duonum
930 1697 1029 1758 simul
1055 1715 1139 1757 consu

79 1792 112 1841 55
132 1783 193 1845 lum
215 1787 246 1845 in
270 1803 376 1846 scaena
398 1788 541 1866 imagines
565 1789 657 1848 cerni.
688 1787 841 1848 ediverso
855 1785 887 1847 L.
901 1785 1042 1848 Plancus
1063 1793 1126 1847 orat

131 1865 269 1935 histrioiri
300 1874 414 1936 Rubrio
445 1893 556 1936 nomen
587 1879 727 1956 inposuit.
778 1895 884 1938 rursus
916 1873 1053 1936 Curioni
1087 1883 1142 1955 patr

131 1960 319 2046 burbuleius,
341 1967 473 2045 itemque
491 1964 633 2026 Messalae
656 1965 1007 2048 censon'oMenogenos,
1034 1965 1142 2046 perind

130 2050 300 2114 histriones.
347 2053 440 2115 Surae
464 2054 585 2134 quidem
606 2055 795 2134 proconsulis
823 2057 911 2116 etiam
933 2057 1042 2116 rictus
1067 2059 1100 2116 in
1121 2045 1142 2114 l*

131 2141 249 2218 qnando
278 2146 572 2224 contractionemque
599 2144 717 2223 linguae
745 2154 776 2206 et
803 2147 950 2206 sermonis
980 2145 1123 2206 tumultu

130 2246 190 2289 non
212 2231 371 2310 imaginem
394 2233 496 2315 modo,
527 2236 659 2313 piscator
681 2233 803 2314 quidam
828 2237 860 2294 in
883 2232 989 2294 Sicilia
1017 2233 1138 2295 reddidi

131 2317 231 2380 Cassio
260 2318 371 2402 Severo
398 2322 510 2384 celebri
537 2326 650 2384 oratori
673 2323 843 2384 Armentari
869 2323 1086 2385 murmillonis
1113 2341 1129 2382 o

128 2409 206 2470 iecta
233 2409 395 2474 similitudo
423 2419 478 2474 est.
528 2413 616 2472 modo
644 2415 675 2472 in
703 2414 793 2474 Ionia
820 2414 907 2474 domo
935 2411 1116 2474 Gallionem

130 2495 296 2560 Castellano
323 2499 431 2562 liberto
459 2519 520 2562 non
543 2501 766 2584 discernebant,
797 2521 892 2564 neca
917 2499 1040 2563 Sannio
1072 2505 1141 2563 min

76 2594 111 2644 56
129 2585 235 2649 Paride
250 2592 457 2668 cognominato
471 2590 668 2670 Agrippinum
682 2599 859 2653 senatorem.
878 2591 1037 2654 Toranius
1053 2609 1141 2670 mang

129 2676 257 2738 Antonio
280 2681 339 2740 iam
362 2681 519 2740 triumviro
546 2681 670 2741 eximios
693 2681 789 2742 forma
810 2699 933 2762 pueros,
966 2679 1109 2743 alterum
1131 2685 1139 2740 i

141 2929 220 3046 1ηιξ
235 2923 371 3048 inpirimae
389 2924 650 3051 D.113mitqnlqeb.
708 2931 728 2980 '2
749 2925 921 3050 singqlisqne
937 2929 973 2978 B.
1004 2925 1138 3053 liqnlqs

127 3035 259 3120 libendo.
290 3011 365 3120 sr,3
390 3012 596 3137 scipioblum'ad
622 3013 753 3137 illdabdiio
772 3067 816 3122 ΒΞ.
845 3013 907 3122 -ddd
923 3011 987 3121 {qo
1016 3015 1093 3123 11118
1111 3085 1140 3122 nc

127 3151 193 3190 men
215 3141 298 3190 ΜΒ.
331 3153 488 3209 cognomen
510 3155 554 3193 ru.
645 3145 680 3193 20
702 3140 790 3194 rietus
811 3139 853 3193 ri.
885 3138 942 3193 ritu
966 3142 992 3193 d
1030 3141 1112 3194 rictu
1135 3157 1140 3192 r

127 3206 230 3262 rictum
246 3224 271 3262 o.
348 3214 381 3262 21
406 3209 683 3280 contractionemque
705 3209 782 3265 ΙΨ.
810 3211 878 3265 intu-
899 3228 923 3265 r.
1003 3217 1047 3268 24
1073 3213 1140 3267 mod

127 3309 161 3319 —
176 3285 211 3335 26
230 3281 387 3334 senatorem
404 3280 532 3336 babet?
548 3298 573 3338 o.
588 3287 631 3339 22
644 3288 709 3352 pon
727 3283 846 3348 oratori;
864 3298 915 3338 om.
929 3299 953 3337 r.
973 3281 1140 3354 trmwposul

126 3350 199 3408 Detl.
214 3353 264 3420 cfr.
278 3367 346 3407 mun.
360 3351 448 3408 then.
466 3355 494 3405 X
498 3355 573 3406 VIII
578 3371 608 3424 p.
616 3359 672 3410 231
686 3370 726 3426 eq.
743 3356 843 3424 eposio
855 3358 941 3424 potat
958 3353 1124 3411 Mommsen

127 3421 214 3480 Solio.
230 3423 321 3493 praes.
340 3440 371 3494 p.
395 3427 504 3480 XXIX.
524 3428 630 3479 LXVI
642 3441 670 3480 n.
707 3427 712 3496 Ι
747 3425 828 3480 Iunia
850 3425 901 3496 (nel
917 3424 1057 3495 maen)
1083 3427 1136 3481 Del

127 3495 181 3550 tt
206 3511 239 3550 ea
256 3495 299 3550 1³².
319 3497 323 3566 1
344 3496 452 3552 aDetl.
471 3502 521 3552 om'.
540 3496 582 3550 1².
658 3503 691 3552 25
711 3497 908 3552 discernebant
924 3496 998 3553 Detl.
1026 3499 1134 3553 -butr

128 3565 131 3633 l
164 3565 266 3621 Sannio
289 3567 362 3623 Deli.
395 3569 474 3623 sanic
496 3567 538 3622 1².
616 3575 651 3624 26
673 3569 861 3674 Agrippinum
884 3568 943 3623 Uri.
967 3585 1043 3626 mate.
1065 3570 1136 3626 Rae

130 3637 354 3780 {gladbssqm
383 3639 512 3710 eguinum
531 3645 556 3696 et
574 3655 643 3696 corn.
671 3657 720 3695 -no
738 3646 779 3696 r.
815 3645 820 3712 Ι
854 3642 1012 3696 senatorem
1034 3647 1064 3698 et
1084 3655 1139 3698 eon
