2392 3946
169 100 242 200 'seo
534 129 858 188 cremsocouor

125 292 160 343 66
248 279 281 348 7.
312 277 388 366 (14)
419 281 458 343 Et
485 281 617 363 Aegypto
644 281 737 342 multa
764 299 874 360 genera
901 299 975 360 quae
1000 297 1056 340 non
1078 278 1155 358 aliubi,

176 383 244 436 ante
264 375 361 434 omnia
379 373 455 434 ficus
473 371 511 432 ob
534 372 565 432 id
583 371 725 452 Aegyptia
748 373 962 450 cognominata.
992 367 1073 430 arbor
1091 386 1155 428 moro

177 463 281 525 similis
300 463 379 544 lolio,
402 462 614 543 magnitudine,
637 469 770 542 aspectu,
791 479 915 540 pomum
937 461 994 521 lert
1016 477 1070 520 uon
1089 460 1157 518 ramis

177 554 230 614 sed
258 553 379 614 caudice
406 554 485 632 ipso,
512 550 602 630 idque
629 551 705 612 licus
733 557 779 612 est
804 549 972 630 praedulcis
999 551 1058 609 sine
1082 549 1158 626 granis

177 641 381 723 interioribus,
403 657 549 721 perquam
567 639 695 702 secundo
713 647 870 722 proventu,
893 637 1049 718 scalpendo
1069 644 1175 698 aalma

126 737 160 789 67
180 733 286 794 ferreis
315 730 482 812 unguibus,
513 729 600 790 aliter
629 725 698 790 non
720 731 901 790 maturescit.
954 728 1007 789 sed
1036 745 1097 787 cnm
1119 725 1160 784 boc

177 822 288 882 lactum
307 831 362 901 est,
384 827 491 900 quarto
510 819 558 880 die
577 819 738 880 demetitur
756 819 813 880 alio
836 817 1043 898 subnascente,
1064 823 1160 896 septeno

177 913 218 970 ita
241 927 401 970 numerosa
423 917 511 988 partu
534 927 589 989 per
612 908 743 988 singrdas
767 915 903 990 aestateS,
926 907 1021 968 multo
1042 905 1109 966 laete
1127 903 1160 963 ab·

175 999 316 1060 undante.
354 997 553 1078 subnascitur,
577 1000 776 1058 etiamsinon
800 997 962 1078 scalpatur,
986 997 1061 1057 lctus
1082 1001 1161 1074 quater

176 1095 288 1149 aestate
310 1090 502 1168 prioremque
526 1087 647 1167 expellit
674 1090 865 1148 inmaturum.
910 1088 1050 1147 materies
1074 1086 1162 1164 propri

175 1179 295 1257 generis
311 1179 391 1239 inter
409 1176 590 1238 utilissimas.
627 1195 714 1238 caesa
732 1179 832 1238 statim
854 1179 967 1256 stagnis
991 1176 1123 1254 mergitur
1134 1205 1162 1212 —

175 1267 233 1327 boo
255 1274 302 1328 est
324 1269 390 1328 eius
413 1267 519 1326 siccari
542 1299 585 1309 —
608 1275 639 1328 ct
661 1269 757 1347 primo
781 1267 859 1347 sidit,
881 1273 988 1345 postea
1010 1265 1115 1325 lluitare
1133 1265 1162 1322 in·

177 1358 262 1438 cipit,
285 1363 427 1435 certoque
452 1372 517 1416 eam
540 1358 620 1435 sugit
643 1355 757 1418 alienus
779 1374 866 1416 umor
889 1357 940 1434 qni
965 1355 1052 1415 aliam
1072 1369 1163 1412 omnen

178 1447 263 1526 rigat.
308 1463 378 1506 cum
399 1447 535 1506 innatare
559 1448 705 1527 coeperit,
732 1447 925 1525 tempestivae
947 1443 1040 1504 habet
1065 1445 1163 1522 signum

123 1540 157 1590 58
243 1527 318 1616 (15)
349 1533 427 1596 Huic
455 1534 559 1596 similis
589 1535 805 1614 quadamtenus
836 1551 910 1614 quae
939 1541 1064 1594 vocatur
1085 1531 1163 1610 Cypria

176 1625 251 1686 licus
273 1626 305 1684 in
329 1622 426 1685 Creta.
470 1641 539 1684 nam
562 1626 679 1704 etipsa
702 1624 825 1684 caudice
847 1626 912 1703 ipso
935 1624 998 1684 lert
1019 1639 1127 1704 pomum
1145 1627 1165 1678 el

176 1715 280 1794 ramis,
303 1731 372 1774 oum
395 1715 426 1773 in
450 1712 680 1774 crassitudinem
702 1713 870 1794 adolevere,
897 1713 950 1774 sed
974 1713 1049 1774 baec
1070 1727 1163 1791 germen

150 1804 285 1864 'emittit
308 1805 372 1864 siue
395 1801 464 1862 ullis
494 1801 573 1863 loliis
600 1801 694 1863 radici
721 1803 825 1863 simile.
870 1803 986 1863 caudex
1013 1800 1118 1864 arboris
1138 1799 1162 1858 si-

177 1891 255 1952 milis
286 1891 413 1972 populo,
451 1891 554 1952 lolium
586 1891 676 1952 ulmo.
730 1893 854 1964 ‚fructus
890 1899 1055 1970 quaternos
1085 1888 1163 1966 fundit,

176 1983 286 2041 totiens
305 1987 336 2041 et
353 1982 508 2060 germinat.
546 1977 598 2041 sed
616 1999 740 2060 grossus
764 1983 829 2042 eius
852 1999 913 2040 non
935 1981 1107 2056 maturescit
1124 1977 1162 2036 nisi

175 2071 306 2130 incisura
334 2071 442 2130 emisso
470 2069 556 2131 lacte.
601 2072 730 2130 suavitas
759 2077 789 2130 et
815 2071 959 2152 interiora
987 2070 1050 2149 lici,
1080 2065 1163 2144 magni·

176 2158 248 2219 tudo
272 2157 361 2220 sorbi.

126 2253 160 2303 59
247 2242 281 2310 8.
319 2240 402 2330 (16)
441 2247 551 2309 Similis
582 2255 612 2308 et
641 2265 729 2327 quam
759 2247 846 2308 lones
875 2251 1049 2310 cerauniam
1075 2251 1165 2320 vocant,

173 2344 280 2398 trunco
313 2343 344 2397 et
373 2339 437 2416 ipsa
467 2337 582 2398 fertilis.
628 2337 681 2398 sed
710 2355 833 2417 pomum
863 2341 895 2398 tn
925 2337 1041 2417 siliqua.
1090 2334 1122 2394 ob
1145 2330 1164 2390 id

173 2425 293 2504 qrridam
320 2425 493 2505 Aegyptiam
520 2427 608 2488 licum
636 2426 738 2488 dixere
771 2445 874 2487 errore
911 2428 1077 2488 manifesto.
1123 2436 1177 2482 non

174 2517 309 2577 enimin
331 2514 464 2594 Aegypto
487 2518 630 2598 nascitur,
653 2516 706 2577 sed
729 2518 760 2576 in
784 2515 870 2596 Syria
892 2515 1035 2596 loniaque
1058 2522 1087 2575 et
1106 2513 1164 2572 circa

175 2603 302 2666 Cnidum
326 2612 413 2684 atque
436 2607 469 2665 in
491 2604 609 2686 Rhodo,
636 2623 755 2686 semper
782 2605 971 2668 comantibus
999 2603 1088 2684 loliis,
1112 2602 1164 2660 llore

175 2695 299 2755 candido
323 2713 391 2754 cum
414 2693 600 2755 vehementia
626 2694 741 2776 odoris,
768 2693 933 2774 plantigera
960 2696 1029 2755 imis
1055 2689 1164 2773 partibus

175 2789 205 2844 et
237 2783 304 2844 ideo
337 2783 495 2862 superficie
528 2782 706 2864 flavescenS,
744 2803 849 2845 sucum
886 2785 1040 2846 auferente
1076 2777 1163 2842 subole.

174 2921 387 2931 n———...—

244 2995 261 3043 4
280 2989 394 3045 caudice
413 2989 469 3044 lert
485 2996 520 3044 lt.
544 2993 548 3059 Ι
570 2990 632 3060 ipso
650 2989 735 3059 idque
754 2997 815 3047 nn.
847 2991 932 3060 idque
949 2990 1009 3062 ipse
1030 2993 1081 3060 (so
1096 2985 1134 3054 θ’)
1149 3003 1163 3036 r-

172 3059 233 3130 ipso
247 3061 331 3130 idque
345 3061 438 3132 ipsum
451 3079 476 3119 o.
548 3066 565 3116 8
580 3063 702 3117 aestates
715 3062 842 3134 ilc(1>?).
864 3064 923 3118 aelf
936 3080 959 3120 r.
976 3065 981 3131 Ι
996 3063 1037 3116 ita
1049 3059 1162 3134 multoss

245 3138 278 3187 12
297 3133 356 3188 eius
370 3139 446 3189 ltro.
475 3133 502 3188 ei
515 3133 659 3189 coodDol.
716 3141 748 3189 13
767 3151 849 3189 umor
862 3134 940 3203 quali
953 3139 988 3188 Η.
1043 3139 1076 3187 14
1092 3129 1162 3196 coepti

171 3209 223 3259 ne.
296 3209 329 3259 16
348 3205 403 3260 hoc
421 3209 456 3260 u.
531 3212 564 3260 16
582 3207 612 3259 et
629 3205 692 3275 ipsa
709 3211 744 3259 Ι.
773 3205 939 3262 stillano.
967 3204 1064 3260 inille
1080 3221 1101 3260 r.
1126 3197 1161 3264 tlt

171 3291 233 3329 ooo.
248 3276 300 3330 luc.
310 3281 397 3344 1237.
426 3293 464 3330 ore
476 3275 593 3330 utilia?
672 3281 704 3331 18
723 3277 825 3332 radicis
839 3281 873 3333 n.
902 3276 1018 3332 -oend¹¹
1096 3273 1161 3328 llll-l

172 3345 277 3400 similes
295 3351 331 3400 lt.
416 3353 450 3400 22
470 3347 546 3402 sorui
562 3352 598 3400 Ι.
627 3348 677 3414 cfr.
696 3351 756 3399 XV
761 3353 806 3403 61.
895 3353 929 3404 23
950 3347 1086 3404 caroniam
1103 3343 1160 3398 rto

171 3430 193 3493 e¹
201 3414 333 3495 meopte.
347 3417 373 3470 h.
386 3419 426 3486 pl.
435 3421 484 3470 IV
488 3423 517 3484 2,
527 3422 551 3472 4.
639 3423 674 3472 24
693 3418 742 3472 sed
760 3435 809 3475 om.
823 3425 887 3476 HR.
912 3419 917 3488 Ι
941 3420 972 3474 in
988 3419 1087 3487 siliqua
1103 3415 1160 3469 Pto

172 3483 274 3551 srquna
287 3487 420 3541 nuDett.
448 3503 493 3541 -ae
507 3505 551 3542 ro.
624 3494 659 3542 27
673 3489 791 3558 gnidum
803 3495 880 3546 loo.
900 3489 1072 3546 cersennium
1083 3493 1111 3540 li.

172 3557 206 3638 39
224 3553 378 3609 flauescent
394 3563 429 3610 it.
462 3572 501 3612 ou
518 3557 707 3613 flaccescens?
740 3561 791 3628 cfr.
809 3561 941 3632 lbeoplrr.
961 3563 978 3618 t.
997 3563 1014 3615 l.
1033 3561 1129 3615 ἄνωθεν
1143 3553 1160 3604 δ’

170 3625 433 3691 υποξηραινόμενον.
462 3629 512 3694 cfr.
531 3632 558 3680 X
563 3631 591 3680 V
595 3633 659 3684 121.
