2392 3946
275 195 360 253 nur.
379 194 471 252 insu.
491 195 558 252 xur
576 203 682 253 m-oc
702 199 829 268 (rr-n)
990 199 1057 264 345

40 363 115 405 vero
142 344 224 406 abies
254 352 284 406 et
313 361 444 424 quercus
474 345 595 408 cubitali
625 347 788 409 altitudine.
833 349 924 408 ramis
954 365 1057 411 earnm

39 434 202 496 adhaerent
225 434 364 496 conchae.
411 450 526 515 quercu
548 444 580 498 et
601 438 697 516 tingui
720 437 801 510 lanas
823 437 955 520 tradunt,
977 437 1057 517 giam

38 524 107 584 dem
130 525 221 586 etiarn
244 525 385 604 quasdam
408 525 497 586 ierre.
542 527 574 586 in
601 526 660 587 alto
689 531 778 588 etiam
806 527 956 606 naufragis
983 527 1057 590 haec

38 613 225 693 deprehensa
243 613 491 694 urinantibusqne
511 621 558 676 est
574 623 604 676 et
622 615 694 677 aliae
713 616 873 678 traduntur
890 633 1048 696 praegran-
1059 623 1113 674 13⁸

13 704 93 764 ades
111 704 191 764 circa
211 703 376 784 Sicyonem.
418 705 486 764 ritis
509 707 589 765 enim
607 708 717 784 passim
741 708 882 786 nascitur,
905 706 958 766 sed
981 708 1056 767 licus

38 796 103 854 sine
127 792 216 874 iuliis,
238 793 331 854 rubro
355 795 476 854 cortice.
522 794 555 855 iit
578 803 609 855 et
634 795 731 876 palma
758 796 902 857 fruticum
928 798 1055 875 generis.

38 887 124 944 extra
146 881 285 944 Herculis
310 882 466 944 columnas
493 885 576 963 porri
605 884 711 946 fronde
738 886 872 946 nascitur
899 885 999 946 irutex
1026 893 1057 947 et

37 972 115 1032 alius
138 971 216 1032 lauri
238 973 272 1033 dc
294 971 402 1055 thymi,
431 975 482 1052 qui
505 971 592 1033 ambo
616 975 703 1034 eiecti
726 977 757 1034 ln
784 976 935 1054 pumicem
961 983 1056 1036 trans·

37 1063 216 1141 ligurantur.
591 1141 592 1144 Ἴ

4 1165 24 1204 ιο
106 1144 182 1235 (50)
218 1150 256 1212 lt
283 1153 315 1212 in
343 1153 458 1213 oriente
486 1141 597 1212 mirum
626 1159 672 1214 est
702 1155 801 1213 statim
832 1152 966 1233 adopto
994 1171 1050 1234 per
1060 1159 1113 1210 139

38 1239 217 1302 solitudines
236 1240 310 1302 nihil
328 1243 409 1322 gigni
427 1248 547 1322 praeter
566 1243 681 1322 spinam
700 1259 775 1321 quae
799 1243 904 1304 sitiens
927 1251 1059 1325 vocatur,

38 1337 70 1391 at
88 1330 165 1390 hanc
183 1345 283 1391 raram
300 1331 472 1413 admodum,
490 1333 522 1392 in
540 1333 616 1392 mari
633 1347 704 1392 vero
723 1330 826 1392 Rubro
846 1331 933 1393 silvas
952 1333 1058 1414 virere,

37 1419 127 1480 lauru
145 1421 272 1480 maxime
291 1428 322 1482 et
344 1419 419 1481 oliva
438 1420 605 1482 serentibus
623 1420 711 1482 bacas
730 1427 773 1502 et,
792 1436 861 1482 cum
878 1421 974 1502 pluat,
992 1422 1058 1482 iun·

38 1528 102 1591 gos,
126 1511 179 1589 qui
201 1509 264 1570 sole
288 1512 358 1570 tacti
381 1517 536 1572 mutentur
557 1513 588 1571 in
611 1513 769 1590 pumicem.
815 1511 958 1574 fruticum
980 1513 1058 1590 ipsc-

2 1613 24 1652 15
39 1617 110 1660 rum
132 1599 304 1678 magnitudo
331 1609 453 1662 ternum
481 1599 651 1662 cubitorum
683 1607 737 1660 est.
783 1604 884 1661 morie
917 1599 1059 1661 caniculis

38 1688 162 1771 referta,
184 1690 232 1748 vix
250 1695 284 1750 ut
301 1692 475 1770 prospicere
496 1708 511 1750 e
531 1707 604 1750 nave
623 1697 721 1750 tntum
745 1692 784 1750 sit
806 1707 906 1750 remos
928 1689 1057 1770 plerum-

39 1795 100 1857 que
122 1779 204 1857 ipsos
227 1778 443 1840 invadentibus

108 1860 184 1950 (51)
212 1866 270 1939 Qui
292 1869 465 1948 navigavere
488 1869 520 1928 in
542 1866 631 1928 ludos
649 1867 807 1928 Alexandri
829 1867 947 1950 milites,
971 1867 1116 1928 iren-140

39 1957 110 2018 dem
129 1959 311 2018 marinarum
330 1956 470 2019 arborum
489 1956 638 2018 tradidere
661 1959 693 2018 in
716 1975 792 2036 aqua
814 1955 939 2017 viridem
957 1957 1059 2038 iulsse,

0 2062 26 2102 >o
40 2054 210 2126 exemptam
228 2045 289 2108 sole
312 2049 450 2126 protinus
472 2048 504 2106 in
527 2045 618 2106 salem
642 2054 835 2128 arescentem,
858 2048 964 2107 iuncos
987 2064 1059 2125 quo·

41 2154 100 2214 que
123 2135 255 2216 lapideos
277 2154 422 2216 perquam
446 2135 557 2196 similes
579 2137 658 2195 veris
680 2154 735 2216 per
757 2134 858 2218 litora,
886 2143 916 2196 et
942 2137 973 2195 in
1001 2135 1060 2197 alte

40 2224 185 2304 quasdam
208 2224 382 2286 arbusculas
405 2223 504 2286 colore
531 2224 636 2285 bubuli
659 2243 770 2286 cornus
797 2243 928 2286 ramosas
956 2232 987 2286 et
1014 2243 1059 2285 ca-

41 2313 213 2375 cuminibus
231 2313 385 2397 rubentes,
408 2333 477 2376 cum
495 2321 706 2397 tractarentur,
728 2317 798 2375 vitri
820 2315 908 2375 modo
932 2314 1060 2396 fragiles,

40 2405 159 2483 luigni
187 2397 286 2464 autem
314 2411 349 2464 ut
376 2405 489 2464 serrum
517 2403 753 2486 inardescentes,
781 2406 933 2464 restinctis
961 2404 1059 2464 colore

1 2507 27 2548 2⁵
43 2511 99 2554 suo
119 2492 273 2554 redeunte.
301 2493 406 2554 eodem
420 2500 518 2553 tractu
537 2491 703 2553 insularum
721 2492 808 2552 silvas
827 2494 925 2572 operit
943 2499 1051 2573 aestus,
1062 2496 1115 2546 141

117 2706 132 2754 2
155 2699 237 2754 lenas
255 2698 346 2753 ild’o.
379 2699 452 2754 linas
470 2718 493 2754 r.
589 2707 605 2754 3
629 2700 692 2754 dist.
711 2715 759 2768 epo
777 2699 836 2754 coll.
854 2698 986 2766 Theophr.
1007 2699 1023 2752 l.
1043 2699 1060 2754 l.

42 2771 104 2844 59.
129 2774 133 2838 Ι
155 2771 243 2826 etiem
260 2776 296 2824 li.
315 2787 366 2830 om,
380 2788 424 2826 ro.
510 2769 777 2838 defluentibusque
795 2771 839 2824 est
857 2771 886 2823 et
902 2785 957 2839 ego.
986 2769 1061 2824 lme-

43 2859 99 2912 que
119 2859 153 2898 ea
171 2845 200 2897 et
216 2847 252 2896 1.
286 2842 405 2911 -busque
425 2845 454 2898 et
470 2849 522 2899 lio.
555 2843 619 2896 -bus
642 2857 714 2911 quae
733 2844 763 2896 et
780 2859 804 2895 ι.
838 2841 901 2895 -bus
923 2840 1062 2909 quaedum

43 2917 74 2969 et
91 2919 117 2969 d.
190 2919 207 2967 ὅ
226 2913 369 2983 sicyonem
387 2931 431 2968 re.
455 2931 522 2968 euru
535 2912 626 2968 recte?
649 2915 802 2966 XXXVII
811 2916 849 2968 38
866 2913 920 2967 huc
937 2913 986 2966 oie
1000 2929 1062 2982 per-

42 2987 120 3042 tinet.
154 2985 279 3040 solonem
296 2991 332 3040 it.
362 2987 367 3055 Ι
396 2984 463 3040 uitis
480 2985 692 3045 lcodd.Borb.
724 2984 789 3038 uilis
807 2983 1062 3040 manauerint.

126 3056 235 3112 Blauri
252 3057 442 3112 trederici.
475 3073 518 3112 ·ro
537 3074 561 3111 r.
587 3058 592 3126 Ι
616 3055 759 3126 pumicem
776 3060 834 3110 liv.
866 3071 909 3110 ·ce
927 3073 950 3110 r.
1028 3060 1061 3108 11

45 3128 229 3184 solitudinem
245 3134 282 3183 1.
373 3135 408 3183 12
432 3129 523 3183 uirere
541 3133 576 3184 11.
609 3129 705 3182 uiuere
723 3144 767 3183 rc.
859 3133 893 3180 13
915 3126 998 3181 lenm
1016 3142 1063 3195 ego

44 3203 97 3256 luc.
115 3218 144 3270 p.
154 3206 201 3256 98.
229 3219 304 3255 ·rum
321 3205 397 3255 liro.
423 3202 428 3269 l
453 3199 530 3254 aliua
547 3205 610 3255 liii.
644 3216 706 3254 mee
724 3203 749 3253 1.
777 3215 856 3253 -uem
873 3215 919 3252 eo.
945 3199 949 3267 Ι
973 3198 1063 3252 feren-

44 3272 121 3328 tibus
143 3275 228 3330 und.
261 3273 317 3327 -tes
340 3291 364 3326 e.
398 3273 467 3326 tem
490 3288 515 3328 e.
545 3272 550 3340 Ι
579 3271 846 3340 complectione.
879 3269 974 3339 coripi-
997 3269 1065 3326 1³¹⁸.

45 3343 205 3414 complures
222 3343 266 3398 11².
360 3347 392 3397 15
411 3342 501 3398 maria
521 3342 598 3397 Pici.
613 3359 627 3397 e
642 3342 760 3411 theoph.
774 3342 800 3396 t.
810 3342 852 3411 pl.
867 3343 985 3407 [Vm.
1011 3357 1062 3396 ern.

43 3422 127 3474 lire.
219 3421 253 3472 16
271 3415 320 3470 uix
337 3414 434 3470 We.
461 3413 506 3468 uis
523 3431 546 3470 r.
572 3415 577 3482 Ι
605 3413 766 3484 prospicere
784 3413 874 3470 lGel.
902 3430 980 3483 resp·
998 3412 1063 3466 noi

44 3505 122 3558 resp·
140 3487 258 3545 fdcdd.
267 3486 417 3555 asiatici]
432 3487 525 3540 tntum
543 3485 639 3539 lin'o.
667 3486 774 3540 tortum
787 3501 811 3539 r.
884 3490 917 3539 17
930 3483 1065 3538 inuaden-

45 3557 292 3630 mauretiniam.
322 3558 405 3612 -li'mm
418 3556 702 3614 liredd.euteBerb.
776 3560 810 3610 20
829 3557 988 3626 exemplam
1005 3560 1062 3610 lto.

46 3634 88 3685 -ta
106 3629 171 3687 Μ
205 3632 277 3686 mie
294 3647 317 3685 r.
343 3632 348 3699 t
373 3629 432 3684 sale
450 3635 486 3684 1.
511 3629 516 3697 Ι
543 3629 716 3684 arescentem
733 3625 829 3682 We.
862 3629 902 3681 -te
921 3644 944 3685 r.
1030 3632 1063 3680 21

47 3702 154 3756 similes
171 3702 267 3760 Ili‘o.
296 3701 329 3756 -li
348 3720 370 3757 r.
444 3707 478 3755 22
496 3717 622 3755 ramosas
640 3704 696 3754 llo.
726 3716 769 3753 -sa
787 3716 810 3754 r.
