2286 3938
140 125 183 188 10
352 196 356 204 .
483 117 512 172 o.
531 116 631 172 rnuu
650 114 808 170 suenum

76 283 115 332 36
202 265 237 334 4.
282 269 327 331 Ει
354 269 472 330 leminis
500 268 609 327 mutari
636 267 668 326 in
695 282 793 326 mares
820 281 882 325 non
905 269 951 323 est
972 261 1129 323 labulosnm

133 363 301 424 invenimus
323 362 354 420 in
377 356 567 419 annalibus
587 357 620 415 P.
640 354 755 415 Licinio
774 353 881 414 Crasso
902 351 934 412 G.
953 351 1053 412 Cassio
1069 349 1136 410 lan-l

134 453 204 530 gino
228 467 288 512 cos.
307 447 406 510 Casini
424 462 552 526 puerum
570 446 682 505 lactum
705 461 741 504 ex
759 443 874 522 virgine
893 441 949 502 snb
967 439 1131 521 parentibus,

134 543 278 618 iussuque
314 538 507 616 haruspicum
542 534 732 637 deportatum
766 534 798 592 in
833 531 963 592 insulam
995 531 1132 592 desertam

135 629 301 690 Licinius
324 627 509 688 Mucianus
532 623 663 703 prodidit
685 625 782 682 visum
803 640 822 680 a
845 639 877 682 se
896 621 984 700 Argis
1007 601 1137 681 drescon

135 727 209 800 tem,
241 719 290 779 cni
317 733 427 777 nomen
449 715 613 775 Arescusae
642 713 748 792 luisse,
781 713 920 790 nupsisse
949 711 1053 790 etiam,
1082 727 1134 768 mor

135 807 257 868 barbam
281 813 311 867 et
329 805 499 866 virilitatem
516 804 689 882 provenisse
712 818 897 880 uxoremque
917 800 1049 860 duxisse.
1075 801 1138 878 eins

134 897 204 956 dem
226 897 316 956 sortis
339 903 369 956 et
387 893 530 974 Zmyrnae
548 909 678 971 puerum
696 909 713 950 a
732 909 764 951 se
782 893 888 950 visum.
916 892 982 969 ipse
1007 889 1039 949 in
1057 889 1138 948 dlrlra

135 984 194 1044 vidi
212 992 360 1044 mutatum
381 986 413 1044 in
431 999 545 1044 marem
563 983 736 1061 nuptiarum
754 980 802 1040 dre
819 979 851 1040 L
872 979 1043 1040 Cossicinm
1062 973 1139 1142 cirenp

135 1073 378 1154 Thysdritanum,
402 1072 576 1176 vivebatque
600 1089 669 1132 cum
691 1069 852 1150 proderem
875 1069 958 1130 hacc

78 1173 116 1222 37
202 1209 298 1223 .....
332 1163 419 1223 editis
445 1163 571 1240 geminis
601 1177 700 1220 raram
729 1177 795 1220 esse
826 1166 878 1220 ant
907 1177 1076 1239 puerperae
1103 1165 1139 1215 ant

135 1253 295 1332 puerperio
327 1258 536 1354 praeterquam
569 1250 656 1310 alteri
686 1250 792 1330 ritam3
834 1251 860 1309 si
891 1267 965 1308 vero
1001 1251 1128 1326 utriusqn

136 1359 226 1401 sexus
249 1341 321 1401 editi
344 1343 404 1402 sint
426 1341 549 1420 gemini,
576 1341 722 1400 rariorem
744 1341 866 1418 utrique
890 1338 1031 1400 salutem
1075 1338 1132 1396 leni

136 1447 190 1490 nas
213 1429 348 1490 celerius·
363 1432 443 1508 gigni
466 1447 555 1508 quam
577 1445 689 1509 mares,
722 1431 811 1489 sicuti
835 1428 966 1488 celerius
991 1443 1141 1502 senescere

137 1521 255 1598 saepius
282 1521 313 1580 in
340 1527 426 1580 utero
453 1520 567 1578 moveri
593 1535 704 1598 mares,
737 1526 768 1578 et
793 1520 826 1578 in
848 1517 974 1578 dextera
1004 1518 1069 1577 lere
1094 1517 1141 1594 gad

137 1616 234 1690 parte,
255 1610 288 1668 in
310 1608 392 1669 laeva
414 1609 548 1668 feminas,

80 1709 118 1758 38
204 1691 240 1759 5.
264 1691 315 1780 (4)
340 1697 454 1759 Ceteris
477 1695 676 1757 animantibus
700 1703 811 1757 statum
834 1704 864 1757 et
882 1696 1025 1776 pariendi
1047 1703 1077 1756 et
1093 1711 1142 1774 par-t

137 1795 187 1848 tus
209 1787 333 1866 gerendi
355 1795 473 1866 tempus
496 1794 554 1868 est,
577 1786 666 1847 homo
685 1793 749 1846 toto
772 1804 850 1846 anno
873 1793 903 1846 et
923 1788 1048 1847 incerto
1069 1785 1142 1866 gigni«

137 1884 188 1937 tur
211 1879 314 1958 spatio,
337 1876 412 1936 alins
435 1878 561 1956 septimo
585 1893 697 1956 mense,
720 1875 795 1936 alius
818 1883 921 1936 octavo
945 1883 979 1936 et
1003 1893 1099 1955 usque
1119 1889 1142 1932 ar

137 1967 256 2026 initium
279 1966 436 2026 undecimi.
478 1973 546 2026 ante
569 1967 731 2044 septimum
753 1983 888 2026 mensem
910 1964 994 2025 haud
1021 1975 1141 2044 umquan

138 2055 233 2115 vitalis
257 2064 311 2116 est.
343 2057 469 2135 septimo
492 2071 553 2116 non
575 2056 634 2115 nisi
652 2054 748 2134 pridie
767 2062 925 2134 posterove
943 2054 1095 2134 pleniluni
1111 2053 1141 2113 dir

81 2155 119 2204 39
139 2150 189 2202 aut
211 2143 372 2206 interlunio
395 2146 534 2224 concepti
556 2151 729 2205 nascuntur.
766 2144 946 2205 tralaticium
969 2146 1006 2205 in
1031 2145 1141 2222 Aegypt

138 2239 184 2292 est
207 2239 238 2292 et
260 2241 363 2294 octavo
386 2236 475 2314 gigni.
516 2235 575 2294 iam
598 2233 719 2313 quidem
743 2240 773 2293 et
795 2235 827 2293 in
849 2233 932 2294 ltalia
954 2233 1037 2295 tales
1060 2241 1142 2314 partu

138 2339 203 2382 esse
228 2321 330 2382 vitales
353 2332 457 2384 contra
474 2325 643 2403 priscorum
666 2325 830 2402 opiniones.
862 2325 979 2384 variant
1005 2323 1081 2384 lraec
1099 2321 1138 2401 plu

138 2409 222 2471 ribus
245 2411 349 2473 modis.
376 2411 489 2474 Vistilia
512 2411 581 2472 Gllti
605 2430 638 2472 ac
661 2419 766 2493 postea
788 2411 933 2492 Pomponi
956 2420 1054 2493 atque
1078 2411 1130 2474 Ori

138 2499 372 2562 clarissimorum
390 2504 499 2562 civium
517 2504 647 2562 coniunx
665 2521 702 2562 cr
721 2502 768 2576 his
787 2510 928 2581 quattuor
946 2511 1060 2581 partus
1079 2503 1143 2562 ertit

139 2594 265 2671 septimo
289 2609 407 2672 semper
430 2609 545 2672 mense,
567 2593 671 2670 genuit
694 2590 833 2652 Suillium
854 2591 965 2652 linium
991 2593 1142 2653 undecimo

140 2678 339 2743 Corbulonem
366 2683 506 2762 septimo,
535 2687 696 2760 utrumque
727 2681 893 2762 consulem,
922 2688 1035 2760 postea
1059 2681 1140 2742 Caeso

83 2781 121 2830 40
139 2773 218 2832 niam
237 2770 290 2832 llai
312 2773 456 2851 principis
480 2771 636 2850 coniugem
659 2777 770 2832 octavo.
803 2773 835 2831 in
858 2789 918 2850 quo
941 2788 1087 2832 mensum
1108 2787 1139 2829 nn

211 3047 277 3103 aP.
295 3066 320 3104 o.
344 3048 411 3104 (tlt.
431 3066 482 3104 om.
499 3049 528 3103 ι’
546 3051 578 3104 ιἰι
595 3066 652 3104 rae.
671 3049 702 3116 Q.
718 3050 823 3106 Gellius
837 3053 884 3102 IX
896 3054 1005 3114 I‚15.'
1061 3057 1136 3104 5³⁴

139 3121 266 3176 sconsum
284 3137 308 3177 v.
332 3120 498 3176 existentem
517 3121 544 3176 ll.
600 3125 616 3174 9
636 3121 785 3176 cossinium
802 3125 855 3176 Rd.
880 3121 963 3176 -tium
983 3121 1095 3179 Gellius
1111 3123 1125 3176 l.

140 3191 290 3249 consilium
308 3209 331 3247 r.
350 3192 424 3247 Deli.
515 3197 549 3245 to
575 3191 744 3262 vivebamus
771 3223 805 3234 -
832 3194 903 3248 haee
925 3207 973 3263 epo
997 3193 1108 3250 iesmi

141 3265 225 3321 Gellii
243 3264 261 3320 l.
280 3265 298 3318 l.
321 3263 373 3330 cfr.
393 3263 451 3318 Url.
469 3264 544 3318 clud.
563 3273 593 3318 a:
601 3269 664 3320 153.
754 3270 787 3318 11
807 3265 935 3320 lacunam
953 3281 1004 3336 epo
1023 3263 1139 3322 ιἰιιιίσιιιι·

139 3337 306 3394 interierunt
322 3337 438 3403 sortasse
455 3335 620 3391 Aristoteles
639 3336 733 3391 uadit.
793 3341 826 3392 te
845 3336 963 3391 feminas
982 3339 1128 3394 consisto

195 3407 360 3464 anicinum
377 3413 409 3462 B
434 3407 487 3462 -lia
504 3423 548 3462 rao
574 3407 705 3478 lundeci
722 3407 767 3462 11¹
790 3408 892 3464 decimi
910 3407 947 3462 ⁸².
1025 3415 1061 3464 25
1080 3407 1140 3463 nesti

140 3482 181 3536 lia
199 3478 277 3534 Μ’.
301 3479 371 3550 -ιμιι
389 3478 426 3533 d²·.
448 3478 537 3549 lglili
554 3485 610 3534 Dr.
634 3479 702 3550 gliei
719 3483 751 3534 B.
775 3479 844 3534 edili
861 3479 936 3537 s²in
952 3495 1012 3536 rur.
1037 3481 1108 3552 gluti
1120 3479 1142 3530 t'

141 3552 200 3622 gaii
218 3551 255 3605 (1².
281 3551 332 3618 cfr.
350 3552 424 3607 Detl
442 3565 510 3606 mue.
529 3550 617 3606 Rhea
640 3554 746 3603 XVIII
755 3568 786 3621 p.
796 3555 862 3606 230.
947 3556 981 3606 28
1008 3551 1143 3609 corbulon

142 3623 186 3676 κ’.
215 3639 263 3677 no
281 3623 326 3677 12¹
355 3638 419 3678 nae
437 3622 479 3676 ΕΙ
508 3639 608 3678 anae
627 3621 669 3676 1²²
697 3621 827 3677 l-iones.
