2340 3934
140 129 183 195 94
487 128 514 182 c.
534 127 633 182 amm
654 123 812 179 saeuum

141 288 291 359 strepunt:
315 281 414 339 occiso
435 279 539 357 regulo
563 295 599 336 ex
620 277 830 356 provocatione
852 275 1010 336 dimicante
1030 273 1155 354 hostenql

141 388 209 430 cum
232 371 328 430 victor
355 369 390 430 ad
414 366 598 447 spoliandum
622 367 766 446 venisset,
796 364 832 425 ab
856 383 936 444 equo
960 367 1024 424 eius
1046 363 1142 424 ictibus

140 477 301 538 morsuque
326 459 504 538 conlectum,
526 456 616 516 alium
635 454 769 516 detracto
793 454 950 516 oculorum
972 455 1143 534 operimento

141 559 171 609 et
194 550 313 627 cognito
342 566 410 609 cum
437 554 530 607 matre
559 547 640 606 coitu
663 547 786 624 petiisse
809 551 970 624 praerupta
996 550 1083 622 atque
1104 561 1142 601 er-

141 640 310 699 animatum.
340 655 433 717 aequa
455 654 597 696 excausa
619 637 651 694 in
670 633 795 696 Reatino
819 653 890 714 agro
909 633 1073 694 laceratum
1089 651 1143 712 pro·

140 731 235 806 rigam
258 729 432 788 invenimus
481 743 607 804 namque
632 732 662 784 et
685 727 896 803 cognationum
919 723 1088 784 intellectus
1108 721 1145 780 his

141 826 199 898 est,
230 825 318 895 atque
345 819 376 876 in
400 835 489 895 grege
513 816 621 894 prioris
645 816 715 874 anni
743 832 878 874 sororem
901 811 1047 872 libentius
1071 809 1156 871 etiam

89 913 238 985 157quam
263 914 388 966 matrem
411 923 487 984 equa
510 906 676 964 comitatur.
705 903 840 964 docilitas
863 909 944 962 tanta
968 909 1016 962 est
1040 909 1073 962 ut
1093 903 1145 960 uni·

141 1013 245 1055 versus
270 994 436 1074 Sybaritani
464 996 613 1054 exercitus
638 995 788 1072 equitatus
816 992 852 1052 ad
876 991 1069 1071 symphoniae
1092 1009 1146 1050 can·

142 1093 205 1144 tum
233 1084 387 1146 saltatione
416 1084 541 1163 quadam
568 1085 683 1144 moveri
710 1082 815 1143 solitus
842 1083 1024 1142 inveniatur.
1071 1079 1149 1139 iidem

141 1175 331 1254 praesagiunt
353 1191 482 1252 pugnam
506 1181 536 1232 et
558 1175 684 1233 amissos
707 1172 810 1250 lugent
832 1172 985 1232 dominos:
1026 1170 1149 1230 lacrimas

141 1261 292 1323 interdum
329 1262 477 1322 desiderio
510 1262 647 1323 irrndunt.
700 1262 859 1321 interiecto
891 1260 1055 1320 Nicomede
1092 1259 1157 1338 rogel

87 1357 140 1404 -158
152 1371 247 1431 equus
271 1354 335 1412 eius
358 1351 455 1411 inedia
478 1353 567 1411 uitam
591 1352 693 1412 finivit.
726 1350 949 1430 Phylarchus
973 1350 1070 1410 refert
1087 1349 1149 1408 Cen·

142 1449 270 1501 taretum
294 1459 309 1500 e
330 1439 438 1500 Galatis
461 1443 491 1500 in
511 1439 625 1518 proelio
649 1442 749 1500 occiso
768 1440 913 1502 Antiocho
931 1441 1065 1519 potitum
1085 1455 1150 1516 equo

142 1533 207 1590 eius
230 1529 438 1590 conscendisse
458 1537 603 1610 ovantem,
627 1538 656 1590 at
675 1529 758 1590 illum
776 1529 980 1609 indignatione
1002 1545 1150 1589 accensum

142 1619 261 1684 donatis
280 1619 382 1700 irenis,
405 1637 442 1679 ne
466 1621 530 1696 regi
548 1627 659 1700 posset,
681 1621 877 1699 praecipitem
899 1621 931 1679 in
953 1617 1083 1698 abrupta
1102 1619 1151 1678 isse

142 1711 400 1787 exanimatumque
431 1726 497 1768 una.
542 1707 721 1768 Philistus
749 1726 765 1768 a
792 1707 932 1788 Dionysio
962 1708 1103 1768 relictum
1126 1709 1150 1766 in

142 1816 233 1858 caeno
252 1797 433 1877 haerentem,
456 1805 490 1857 ut
513 1815 544 1857 se
569 1797 726 1878 evellisset,
750 1806 887 1858 secutum
904 1799 1033 1877 vestIgia
1052 1797 1158 1858 domini

143 1890 275 1952 examine
295 1889 394 1966 apium
412 1885 498 1946 iubae
517 1886 701 1968 inhaerente,
720 1905 815 1968 eoque
835 1895 953 1948 ostento
973 1887 1151 1967 tyrannidem

142 1995 157 2034 a
181 1975 320 2056 Dionysio
344 1983 525 2055 occupatam.

90 2069 141 2118 159
210 2058 285 2148 (65)
315 2065 436 2144 Ingenia
458 2083 563 2126 eorum
585 2065 802 2128 inenarrabilia.
831 2066 997 2128 iaculantes
1021 2067 1153 2144 obsequia

142 2156 337 2233 experiuntur
361 2153 496 2215 dilirc'iles
522 2163 647 2215 conatus
670 2174 795 2235 corpore
818 2158 884 2236 ipso
908 2158 1039 2236 nisuque
1063 2159 1159 2234 iurans

143 2245 225 2302 tium.
269 2241 354 2320 [iam]
378 2244 437 2304 tela
459 2244 543 2305 humi
566 2243 689 2304 collecta
712 2247 806 2324 equiti
827 2247 996 2325 porrigrmt.
1041 2265 1110 2306 nam
1130 2241 1159 2304 iri

143 2333 223 2392 circo
246 2332 282 2392 ad
302 2351 409 2394 currus
432 2335 527 2394 iuncti
550 2341 610 2394 non
628 2333 717 2394 dubie
738 2333 922 2412 intellectum
945 2334 1153 2396 adhortationis

90 2425 141 2474 160
152 2429 181 2481 et
204 2420 313 2500 gloriae
337 2422 476 2486 latentur.
517 2421 620 2483 Claudi
643 2421 777 2484 Caesaris
801 2425 998 2486 saecularium
1021 2425 1153 2486 ludormn

143 2510 327 2572 circensibus
346 2529 472 2573 excusso
490 2514 521 2572 in
536 2511 708 2573 carceribus
727 2515 828 2593 auriga
846 2513 936 2576 albati
954 2532 1035 2593 equo
1051 2514 1153 2575 Corace

142 2619 338 2684 occupavere,
365 2604 526 2680 primatum
553 2603 711 2680 optinuere
741 2611 939 2685 opponentem
971 2604 1153 2665 effundentes

142 2693 299 2771 omniaque
328 2699 431 2751 contra
454 2690 585 2751 aemulos
609 2709 684 2770 quae
708 2691 881 2754 debuissent
903 2695 1088 2772 peritissimo
1111 2712 1152 2752 au·

141 2783 205 2858 riga
227 2783 382 2842 insistente
406 2781 561 2862 iacientes,
595 2799 664 2840 cum
686 2781 814 2860 puderet
836 2781 991 2844 bourinum
1019 2791 1102 2844 artes
1123 2781 1152 2840 ab

143 2913 356 2920 --„—-----—--

214 2975 228 3021 1
248 2967 429 3024 dimicantem
447 2969 489 3024 1².
565 2977 581 3023 2
600 2970 692 3026 uictor
709 2977 741 3026 B.
764 2989 814 3028 om.
833 2990 856 3028 r.
882 2974 933 3040 cfr.
952 2971 1040 3028 Solia.
1061 2977 1108 3040 45,
1116 2977 1151 3026 11.

213 3044 339 3108 haeque
357 3041 455 3096 eadem
474 3041 511 3096 ⁸².
540 3059 596 3111 qua
614 3047 663 3097 or.
692 3060 783 3114 aequa
800 3061 845 3098 ro.
936 3049 952 3098 8
975 3046 1098 3099 mairem
1115 3043 1150 3095 Εἴ

141 3113 196 3164 tre
214 3127 238 3165 r.
295 3118 326 3165 11
346 3111 531 3182 lacrimasque
551 3113 588 3168 ι’.
648 3121 681 3169 13
700 3115 826 3185 pylarius
843 3121 875 3169 R.
934 3123 967 3172 16
985 3116 1041 3170 isse
1061 3115 1150 3168 r’ut'.

141 3201 167 3254 ei
185 3201 224 3254 d¹.
253 3217 312 3255 esse
332 3219 355 3256 r.
447 3207 479 3257 18
504 3218 533 3257 se
552 3203 696 3259 euellieset
714 3223 738 3259 a.
767 3221 827 3260 sese
845 3204 972 3260 uellisset
989 3210 1020 3262 R.
1051 3222 1082 3260 se
1100 3204 1149 3258 uel·

140 3271 221 3326 lissei
236 3270 279 3327 1².
308 3287 337 3328 se
355 3273 437 3330 uellie
456 3273 505 3329 sed
523 3275 592 3328 brt
619 3275 655 3329 -is
674 3293 695 3344 s;
714 3279 739 3330 d.
805 3282 838 3331 19
858 3293 947 3347 eoque
964 3275 1042 3330 W.
1069 3293 1149 3344 eoque

139 3344 170 3398 in
187 3348 265 3398 BH.
294 3348 376 3414 ecqui
393 3345 423 3400 in
440 3363 464 3400 r.
551 3352 585 3401 20
608 3349 776 3418 occupatum
797 3347 864 3403 3⁸¹.
946 3354 988 3403 22.
1002 3353 1036 3404 23
1060 3348 1148 3402 iuran-

79 3450 86 3460 ·
139 3417 212 3470 tium
234 3416 326 3499 Hard.
356 3416 537 3475 inrdtamtium
559 3419 587 3472 ll.
678 3426 712 3474 23
735 3436 820 3476 uncos
837 3421 924 3490 posui
945 3436 1005 3492 eqo:
1030 3421 1084 3489 cfr.
1103 3419 1147 3472 luc.

137 3504 166 3555 p.
182 3492 248 3543 122.
278 3490 364 3544 eham
384 3489 441 3544 Uri.
461 3489 597 3545 mmmmm.
615 3508 646 3559 p.
661 3496 724 3546 113.
814 3498 849 3547 26
864 3492 961 3554 111211
983 3509 1056 3561 equo
1079 3489 1146 3542 1²⁸².

141 3557 221 3610 albat
232 3558 279 3612 hie
293 3576 349 3627 quo
362 3560 407 3614 12².
427 3560 506 3614 albat
519 3560 566 3614 hic
579 3579 635 3630 quo
649 3564 693 3617 12¹.
709 3555 793 3618 'cluat
805 3564 852 3618 bic
867 3564 921 3635 (bis
931 3564 971 3632 d¹)
985 3579 1041 3632 quo
1054 3561 1146 3616 ΜΨ.

141 3625 318 3695 electioque
337 3630 374 3683 (1².
403 3630 575 3698 aluatlly‘qno
594 3632 635 3685 1³¹.
709 3641 743 3687 29
763 3637 851 3688 artem
871 3635 913 3690 Ρ.

483 3685 495 3699 la
