2340 3934
192 186 234 249 36
539 181 568 238 O.
587 182 686 238 PLlNl
705 180 864 237 SECUNDI

192 330 314 416 perire?
341 351 417 413 quos
439 333 542 394 hostes
564 333 671 395 vicisse
694 334 769 393 tanti
792 328 870 393 luit?
901 338 952 392 aut
974 350 1048 412 qnos
1070 349 1122 391 non
1141 331 1158 388 b

192 443 282 486 nores
310 441 477 502 currusque
506 421 554 483 illa
582 440 636 482 sua
659 421 798 482 violentia
820 422 941 482 fortuna
968 423 1117 502 retroegit,
1141 439 1158 499 p

192 515 320 576 mediam
346 512 452 574 urbem
480 530 605 573 censore
629 518 724 572 tracto
753 545 795 554 —-
823 513 935 571 etenim
963 510 1023 572 sola
1045 510 1112 571 baec
1136 529 1156 568 nr

193 604 278 666 randi
301 605 376 664 ratio
400 603 511 682 iuerat,
539 634 581 644 -
610 607 705 662 tracto
733 602 764 661 in
788 599 966 680 Capitolium
993 599 1042 660 illo
1068 602 1098 660 in
1122 617 1158 677 qirt

192 692 378 773 triumphans
406 694 469 772 ipse
498 690 623 752 deorum
651 691 765 752 exuviis
792 708 830 751 ne
858 692 990 771 captivos
1017 688 1158 769 quidemr

140 791 191 842 146
202 778 355 844 traxerat?
404 783 499 842 maius
527 779 584 841 boc
614 780 712 842 scelus
740 779 880 842 Felicitate
911 787 1071 842 consecuta
1097 779 1158 838 laetu

193 881 252 953 est,
279 869 446 952 periclitato
470 870 659 930 Macedonico
682 868 729 930 vel
752 871 842 930 funus
865 875 982 931 tantum
1005 888 1039 929 ac
1063 869 1114 929 tale
1133 887 1158 946 pr

192 960 277 1042 dere,
301 962 333 1021 in
357 978 416 1039 quo
440 979 456 1020 a
478 958 708 1039 triumphalibus
731 959 832 1020 liberis
855 967 1027 1038 portaretur
1050 959 1081 1020 in
1102 975 1158 1035 roga

192 1050 273 1112 velut
305 1051 454 1128 exsequiis
487 1067 606 1128 quoque
636 1048 831 1128 triumphans.
886 1048 968 1110 nulla
1000 1055 1048 1110 est
1075 1047 1158 1127 proter

192 1139 285 1201 solida
312 1139 437 1200 felicitas
466 1156 555 1218 quam
582 1138 762 1200 contumelia
787 1137 848 1198 ulla
870 1140 947 1199 vitae
975 1138 1071 1218 rupit,
1099 1135 1158 1196 neda

192 1237 282 1291 tanta.
328 1228 408 1308 quod
431 1235 583 1308 superest,
613 1230 714 1290 nescio
738 1246 856 1289 morum
878 1228 989 1307 gloriae
1019 1245 1057 1288 an
1078 1226 1158 1304 indign

192 1321 282 1380 tionis
310 1317 406 1378 dolori
436 1317 568 1397 accedat,
605 1319 684 1378 inter
711 1325 757 1378 tot
783 1317 917 1378 Metellos
946 1325 1007 1378 tam
1038 1316 1158 1378 scelerata

193 1408 224 1470 C.
247 1409 327 1470 Atini
350 1407 502 1468 audaciam
525 1425 644 1486 semper
667 1407 759 1468 luisse
782 1406 915 1468 inultam.

141 1505 191 1556 141
260 1491 320 1560 45.
354 1489 428 1580 (46)
474 1495 508 1556 br
536 1496 602 1557 divo
631 1500 751 1576 quodue
773 1497 920 1577 Augusto,
954 1515 1048 1576 quem
1074 1497 1158 1556 unirer

192 1587 355 1648 mortalitas
373 1589 405 1646 in
424 1585 479 1646 hac
498 1603 625 1646 censura
642 1594 809 1666 nuncupet,
832 1588 858 1646 si
877 1585 1038 1665 diligenter
1057 1585 1157 1646 aestiua

136 1726 140 1732 .
192 1685 243 1739 tur
271 1683 391 1755 cuneta,
420 1693 526 1754 magna
549 1677 639 1736 sortis
662 1675 807 1736 humanae
834 1677 1026 1755 reperiantur
1049 1675 1158 1736 roluuiu

193 1766 311 1846 repulsa
337 1767 370 1825 in
392 1767 562 1844 magisterio
586 1767 721 1844 equitum
749 1765 827 1844 apud
851 1763 1034 1827 avunculum
1056 1773 1086 1825 et
1106 1774 1158 1824 rout

191 1851 367 1937 petitionem
381 1856 446 1915 eius
460 1855 610 1934 praelatus
620 1853 788 1935 Lepidus*
804 1854 961 1934 collegium
974 1857 1009 1916 in
1023 1855 1158 1950 triumriup

191 1947 391 2026 pessimorum
414 1945 532 2025 civium,
555 1962 611 2004 nec
634 1963 729 2024 aequa
752 1943 856 2005 saltem
878 1947 1029 2026 portione,
1053 1943 1102 2006 sed
1122 1959 1157 2034 pap

142 2039 192 2090 148
202 2037 283 2114 gravi
300 2035 438 2114 Antonio,
461 2032 723 2114 *proscriptionis
746 2033 893 2115 invidia*
916 2033 1101 2114 Philippensi
1120 2049 1156 2116 pap

192 2124 232 2184 lio
255 2121 365 2202 morbi,
389 2123 457 2202 luga
476 2129 506 2183 et
524 2123 624 2184 triduo
648 2125 679 2184 in
697 2123 803 2203 palude
827 2125 941 2204 aegroti
959 2130 992 2183 et
1016 2116 1067 2206 (ut
1081 2124 1155 2200 iataul

192 2213 322 2291 Agrippa
345 2231 378 2272 ac
402 2206 572 2296 Maecenas)
597 2231 672 2292 aqua
690 2212 800 2278 subter
823 2222 923 2274 cutem
946 2213 1015 2274 lusa
1040 2209 1154 2291 turgidil

192 2301 286 2382 tebra,
309 2302 461 2380 naufragia
480 2301 580 2364 Sicula
603 2310 633 2362 et
655 2301 711 2364 alia
733 2301 775 2362 ibi
798 2321 917 2383 quoque
940 2304 971 2363 in
997 2303 1153 2384 speluneal

193 2391 324 2472 cultatio,
347 2393 455 2456 iamin
474 2390 568 2453 navali
586 2391 655 2470 iuga
677 2400 825 2471 urguente
843 2391 976 2454 bostium
997 2411 1087 2454 manu
1104 2401 1152 2470 pm

192 2480 348 2542 Proculeio
381 2483 486 2540 mortis
518 2480 665 2562 admotae,
702 2499 774 2542 cura
805 2481 966 2544 Perusinae
1002 2475 1151 2544 contemtui

193 2570 360 2634 sollicitudo
383 2568 487 2630 Martis
509 2570 634 2651 Actiaci,
661 2570 841 2636 Pannonicis
863 2570 950 2633 bellis
972 2574 1063 2633 ruina
1086 2590 1099 2632 e
1120 2559 1150 2646 tul

143 2667 247 2722 149111
270 2660 432 2722 seditiones
455 2659 596 2741 militum,
625 2667 670 2720 tot
693 2663 837 2740 aucipites
860 2659 957 2722 morbi
980 2647 1149 2742 corporis,l

193 2758 295 2830 specta
317 2748 447 2810 Marcelli
469 2757 548 2830 vota,
579 2748 717 2828 pudenda
739 2749 884 2831 Agrippae
910 2749 1072 2832 ablegatio,
1099 2749 1142 2808 toti

192 2841 285 2919 petita
311 2838 426 2899 insidiis
449 2841 521 2920 vita,
550 2841 701 2900 incusatae
725 2839 889 2910 liberorum
914 2849 1029 2902 mortes
1052 2840 1108 2901 luct

192 2946 253 2988 uon
280 2934 396 2988 tantum
424 2928 550 2990 orbitate
578 2931 687 3010 tristis,
717 2929 897 2992 adulterium
923 2929 1001 2990 tiliae
1030 2937 1062 2990 et
1086 2947 1116 2988 eo

192 3016 356 3096 parricidae
379 3017 476 3096 palam
498 3019 583 3100 lacta,
607 3018 839 3081 contumeliosus
862 3021 991 3099 privigni
1014 3019 1117 3080 Neroni

264 3261 350 3315 tillo
368 3263 410 3314 1⁶².
439 3261 478 3315 -le
496 3278 519 3316 r.
547 3261 609 3315 -lud
625 3279 650 3316 o.
713 3268 941 3319 7111111111.
1004 3268 1037 3318 10
1056 3279 1110 3315 rum

193 3351 232 3388 aas
250 3332 357 3402 ruperit
375 3332 492 3402 dapib?
577 3339 608 3388 15
631 3338 775 3406 nuncupet
791 3335 870 3389 1t²d².
899 3337 962 3405 pat
979 3354 1004 3390 a.
1032 3333 1085 3404 pit
1101 3349 1118 3384 r,

194 3411 227 3460 17
251 3403 421 3458 auunculum
443 3421 467 3458 a.
495 3403 601 3460 -colum
622 3405 667 3460 11².
696 3407 843 3462 -colarium
864 3407 909 3461 11¹.
937 3407 1084 3462 -culiarum
1099 3421 1117 3458 r·

194 3480 228 3530 18
249 3480 314 3544 post
331 3475 452 3545 Lepidus
472 3476 500 3531 ll.
525 3477 685 3534 amantea
707 3477 918 3548 proscriptionis
936 3477 1087 3546 invideo

193 3546 353 3615 composui
366 3547 398 3601 ic
410 3563 435 3602 o.
445 3551 493 3602 20.
547 3553 580 3603 21
595 3549 687 3608 morbi
701 3551 759 3608 lto.
777 3549 898 3605 morbidi
912 3551 1012 3606 Icmss.
1063 3553 1120 3602 aaa

192 3631 246 3684 Pae
264 3617 309 3671 1²¹·
338 3634 416 3688 -psm
433 3618 477 3672 12².
499 3622 503 3690 Ι
524 3636 557 3674 ac
575 3621 722 3676 Maecenas
740 3638 791 3678 ora.
810 3627 842 3676 B.
870 3623 984 3678 aetenae
1002 3626 1025 3676 d.
1077 3625 1108 3674 3⁰

192 3688 253 3740 bale
271 3691 317 3742 do.
346 3690 446 3744 -batem
462 3707 486 3744 r.
