2590 3934
326 104 332 110 ⁵
368 145 454 202 nar.
472 145 565 202 msa.
583 146 738 224 rme-s
757 149 849 218 <e-a)
1072 150 1113 213 st

94 304 159 377 tur,
191 304 296 376 postea
324 298 397 360 lessi
423 299 558 378 inpactos
589 296 696 359 arbori
716 297 857 379 frangunt
883 300 1051 380 praedaque
1082 320 1114 362 se

94 386 259 455 redimunt.

164 469 201 538 4.
220 469 273 560 (5)
303 475 412 537 Mirum
434 478 466 537 in
483 476 635 556 plerisque
658 476 828 538 animalium
851 481 929 538 scire
949 499 1040 559 quare
1063 492 1150 561 pec

92 572 209 646 tantm,
232 567 285 626 sed
308 575 339 626 et
360 585 415 645 per
438 574 546 626 cuncta
569 566 640 645 quid
664 575 794 628 caveant.
832 567 972 647 elephans
995 569 1114 632 homine

66 653 185 714 sonno
209 655 286 716 torte
309 658 340 717 in
363 655 524 716 solitudine
548 662 579 716 et
601 655 775 735 simpliciter
802 655 960 719 oberrante
984 659 1115 722 clemens

92 744 291 824 placidusque
311 747 400 806 etiam
417 745 623 806 demonstrare
642 747 719 805 viam
736 747 874 828 traditur,
897 749 976 808 idem
990 753 1114 830 vestigio

92 833 226 895 hominis
249 835 452 896 animadverso
475 837 560 916 prius
583 853 671 914 quam
692 834 811 896 homine
833 837 1047 900 intremescere
1070 842 1114 900 in·

94 923 241 984 sidiarum
264 932 355 1006 metu,
379 923 552 1006 subsistere,
579 925 616 984 ab
639 924 749 986 olfactu
772 927 1032 1012 circumspectare,
1054 931 1115 990 iras

93 1013 240 1095 proilare,
263 1032 319 1075 uec
342 1013 469 1096 cdcare,
494 1014 547 1075 sed
569 1021 689 1075 erutum
712 1017 846 1094 proximo
872 1016 1004 1100 tradere,
1031 1017 1114 1079 illum

50 1106 249 1185 insequenti,
279 1104 368 1165 simili
390 1106 496 1164 nuntio
524 1121 620 1183 usque
643 1103 680 1164 ad
703 1111 883 1186 extremum,
913 1111 985 1167 tunc
1008 1126 1114 1187 agmen

92 1194 260 1272 circumagi
283 1201 313 1254 et
335 1196 446 1254 reverti
469 1194 622 1272 aciemque
645 1193 741 1272 dirigi.
778 1193 851 1254 adeo
873 1197 1006 1257 omnium
1030 1197 1115 1257 odori

92 1281 206 1342 dirrare
234 1285 317 1343 virus
343 1283 417 1343 illud
444 1285 555 1344 maiore
584 1301 620 1344 ex
643 1289 727 1362 parte
755 1299 792 1343 ne
821 1283 971 1346 nudorum
994 1287 1115 1364 quidem

91 1370 216 1450 pedum.
261 1373 305 1433 sic
328 1379 359 1432 et
382 1374 467 1451 tigris
493 1375 582 1433 etiam
605 1373 678 1432 feris
701 1375 810 1433 ceteris
833 1374 1002 1435 truculenta
1026 1382 1169 1455 atquem

91 1463 160 1540 ipsa
179 1460 329 1540 elephanti
348 1479 467 1541 quoque
486 1479 632 1542 spernens
650 1463 773 1540 vestigia
791 1461 919 1524 hominis
937 1465 1000 1524 viso
1019 1473 1114 1526 trans·

49 1568 78 1610 15
92 1550 177 1611 lerre
201 1550 312 1611 dicitur
334 1554 472 1630 protinus
495 1549 617 1612 catulos.
664 1568 793 1630 quonam
815 1552 903 1612 modo
927 1556 1039 1636 agnito,
1063 1553 1115 1616 ubi

92 1647 165 1700 ante
190 1648 351 1720 conspecto
374 1640 425 1701 illo
448 1657 538 1720 quem
560 1635 670 1701 timet?
715 1643 826 1701 etenim
849 1642 922 1702 tales
950 1642 1037 1703 silvas
1060 1647 1113 1704 mi·

92 1731 177 1790 nime
201 1730 386 1809 frequentari
408 1738 525 1790 certum
543 1737 597 1790 est.
630 1747 701 1790 saue
720 1731 869 1795 mirentur
886 1735 980 1810 ipsam
998 1734 1115 1812 vestigii

92 1821 258 1880 raritatem.
289 1819 342 1880 sed
364 1818 444 1880 unde
469 1821 568 1880 sciunt
590 1817 715 1879 timendi
738 1816 826 1880 esse?
852 1823 942 1882 humo
965 1839 1036 1882 vero
1060 1841 1116 1882 cur

93 1906 141 1968 vel
164 1910 260 1988 ipsius
284 1915 477 1988 conspectum
500 1915 626 1988 paveant
647 1915 730 1968 tanto
753 1907 880 1991 viribus,
902 1911 1115 1993 magnitudine,

50 2017 79 2056 ao
92 1997 252 2059 velocitate
271 1995 527 2078 praestantiores?
554 1999 696 2059 nimirum
713 1997 787 2058 hacc
811 2006 858 2059 est
875 2008 980 2061 natura
1003 2018 1115 2082 rerum,

92 2088 171 2148 haec
193 2090 326 2167 potentia
349 2090 423 2169 eius,
447 2089 632 2148 saevissimas
650 2087 782 2149 terarum
805 2091 1006 2170 maximasque
1029 2108 1113 2151 uum-

92 2195 187 2257 quam
213 2177 323 2238 vidisse
352 2177 433 2256 quod
460 2176 587 2238 debeant
613 2178 720 2238 timere
753 2185 783 2238 et
812 2181 912 2240 atatim
941 2179 1113 2259 intellegere

93 2285 167 2328 cum
191 2269 231 2328 sit
253 2267 427 2348 timendum,

164 2350 200 2418 ὅ.
251 2354 408 2436 Elephanti
439 2357 584 2435 gregatim
616 2373 735 2436 semper
766 2357 982 2435 ingrediuntur.
1032 2357 1115 2420 ducit
1134 2368 1166 2416 11
1204 2410 1205 2413 ,

51 2463 78 2503 25
92 2463 203 2526 agmen
240 2447 385 2506 maximus
421 2452 506 2526 natu,
543 2447 624 2525 cogit
654 2451 750 2506 aetate
782 2449 943 2526 proximus.
998 2465 1115 2510 amnem

92 2537 255 2596 transituri
277 2537 416 2596 minimos
438 2537 646 2616 praemittunt,
676 2553 714 2595 ne
738 2537 884 2596 maiorum
910 2539 1046 2616 ingressu
1072 2545 1112 2597 at-

93 2632 215 2687 terente
234 2624 350 2685 alreum
368 2632 485 2685 crescat
498 2625 624 2703 gurgitis
642 2623 776 2685 altitudo.
804 2625 991 2704 Antipater
1010 2634 1115 2686 auctor

93 2722 144 2776 est
171 2714 247 2775 duos
270 2713 416 2776 Antiocho
443 2716 509 2793 regi
535 2715 566 2774 in
589 2711 704 2774 bellicis
731 2711 836 2775 usibus
864 2713 998 2775 celebres
1025 2716 1114 2776 etiam

92 2803 326 2882 cognominibus
349 2804 450 2864 lenisse.
480 2805 592 2863 etenim
613 2819 724 2863 novere
747 2821 789 2863 ea.
820 2811 902 2864 certe
926 2801 1023 2885 Cato,
1046 2822 1115 2864 cum

51 2912 79 2952 eo
92 2897 313 2974 imperatorum
340 2895 460 2954 nomina
487 2891 642 2953 annahbus
670 2892 846 2974 detraxerit,
879 2911 946 2954 eum
975 2895 1027 2972 qui
1055 2893 1114 2953 tor-

92 2986 212 3044 tissime
242 2982 406 3063 proeliatus
437 2989 517 3043 esset
546 2983 577 3042 iu
604 2981 717 3043 Punica
748 2983 823 3065 acie,
856 2981 967 3044 Surum
994 2981 1115 3045 tradidit

93 3081 235 3135 vocatum
262 3072 356 3134 altero
380 3073 469 3133 dente
496 3071 640 3132 mutilato.
685 3069 831 3132 Antiocho
854 3071 961 3132 vadum
983 3071 1114 3134 lluminis
1134 3081 1168 3130 aa

96 3164 265 3244 experienti
287 3164 389 3224 renuit
410 3160 496 3242 Aiax,
519 3160 629 3240 alioqui
651 3159 712 3221 dux
735 3162 859 3241 agminis
883 3179 1009 3240 semper.
1050 3169 1115 3222 tum

169 3378 186 3426 4
205 3375 235 3427 et
251 3370 398 3426 r²e²Rolt
419 3387 470 3425 om.
488 3387 512 3426 r.
545 3385 583 3426 cn
601 3367 652 3424 sed
669 3371 699 3424 et
715 3367 898 3439 praesciunt?
970 3371 986 3421 8
1005 3369 1115 3421 moetus

94 3449 128 3498 B.
156 3446 234 3498 metu
253 3443 404 3498 subsistere
422 3459 445 3497 r.
502 3447 535 3498 13
555 3441 654 3496 sitne.
709 3447 743 3495 14
762 3439 919 3511 elephantis
938 3457 963 3492 a.
986 3440 1056 3492 -tem
1070 3442 1115 3491 d't’.

96 3514 103 3588 1
136 3515 258 3586 vestigio
277 3519 326 3570 dn.
355 3515 405 3582 cfr.
425 3513 483 3569 Uri.
502 3513 577 3569 vind.
596 3531 624 3567 n.
635 3517 697 3568 169.
777 3515 809 3566 18
828 3511 983 3566 timendum
1001 3510 1043 3564 Ill.

95 3593 131 3642 2'1
150 3587 272 3658 gurgitis
290 3585 441 3641 r²R²1lob
467 3585 502 3640 -tt
519 3603 542 3640 r.
611 3590 646 3639 30
665 3583 820 3638 detraxerit
837 3583 874 3636 11¹.
900 3582 987 3636 destr—
1006 3581 1043 3636 (1².

96 3665 132 3714 33
151 3675 263 3730 semper
280 3660 341 3712 tum
358 3657 436 3712 Fial.
464 3659 606 3728 repertum
624 3674 647 3711 r.
