2572 3936
343 162 429 218 Ner.
448 162 539 218 fflsr.
559 163 598 219 tx
616 168 722 219 42-46
741 163 867 233 (or-ro)
1054 151 1117 226 149
1203 163 1208 170 “

102 317 234 394 tritoque
257 321 360 395 petrae
383 312 550 395 scalpentes
573 316 724 393 pruritum
746 311 866 376 invadit.
904 312 1008 374 eadem
1026 320 1118 374 noctu

101 406 237 484 pectines
260 410 291 464 et
313 403 435 464 echinos
457 405 614 483 perquirit.
651 420 721 464 cum
743 402 894 464 admoveri
917 400 974 462 sibi
996 418 1118 462 manum

102 495 202 575 sentit,
220 493 351 554 colorem
365 500 461 554 mutat
479 499 509 553 et
523 491 719 554 contrahitur.
755 500 833 554 tacta
847 491 1004 553 uredinem
1018 492 1119 572 mittit,

101 583 282 663 paulumque
300 585 327 643 si
345 583 402 643 luit
419 581 575 663 intervalli,
598 581 798 644 absconditur.
835 599 888 642 ora
911 581 993 642 etin
1016 579 1116 641 radice

73 691 168 734 cesse
191 671 359 753 traduntur,
383 678 572 732 excrementa
593 689 649 752 per
667 689 782 733 summa
800 673 885 732 tenui
907 669 1006 732 fistula
1023 668 1117 732 reddi.

168 755 243 844 (69)
267 759 472 841 spongearum
494 762 552 822 tria
574 777 684 840 genera
707 762 890 841 accepimns:
921 761 1050 840 spissum
1074 770 1170 821 11148

101 851 284 930 praedurum
314 859 344 910 et
373 867 513 930 asperum
542 856 641 930 tragos
673 848 730 928 [id]
762 857 894 932 vocatur,
926 851 1058 929 spissum
1086 856 1136 910 etv

102 939 221 1001 mollius
244 957 356 1020 manos,
378 947 468 1000 tenue
492 938 691 1022 densumque,
715 957 751 1000 ex
774 957 833 1020 quo
856 937 997 1020 penicilli,
1020 937 1117 999 Achil·

102 1029 183 1090 lium.
229 1036 393 1089 naseuntur
417 1045 521 1089 ornnes
543 1029 575 1089 in
597 1030 707 1110 petris,
728 1027 849 1090 aluntur
872 1027 1004 1110 conchis,
1026 1029 1118 1108 pisce,

60 1137 87 1176 ιο
101 1118 181 1178 limo.
226 1117 411 1178 intellectum
432 1119 532 1178 inesse
555 1116 602 1178 his
626 1125 757 1199 apparet,
780 1119 858 1200 quia,
880 1116 933 1178 ubi
951 1115 1118 1177 audsorem

101 1225 232 1289 sensere,
251 1214 420 1267 contractae
434 1205 528 1268 multo
543 1207 694 1268 difficilius
708 1206 931 1268 abstrahuntur.
968 1206 1025 1266 hoo
1039 1205 1119 1266 idem

43 1353 58 1368 „
101 1297 195 1358 ssuctu
212 1295 348 1375 pulsante
367 1296 488 1357 faciunt.
524 1298 623 1357 vivere
643 1314 710 1357 esca
728 1296 886 1357 manifesto
905 1293 1035 1356 conchae
1054 1295 1107 1355 mi·
1120 1302 1170 1353 149

102 1393 191 1446 nutae
214 1387 247 1445 iu
264 1384 312 1445 his
330 1393 467 1465 repertae
490 1385 662 1446 ostendunt.
702 1387 781 1446 circa
799 1385 939 1445 Toronen
957 1386 1038 1444 vesci
1061 1383 1119 1444 illis

102 1474 218 1535 avulsas
242 1476 331 1534 etiam
353 1477 437 1534 aiunt
459 1482 490 1534 et
512 1493 548 1535 ex
567 1474 679 1536 relictis
698 1473 849 1535 radicibus
869 1489 1051 1534 recrescere.
1087 1474 1119 1533 in

61 1581 87 1620 15
102 1565 196 1642 petris
214 1565 331 1624 cruoris
350 1581 470 1644 quoque
488 1563 624 1625 inhaeret
638 1563 728 1646 colos,
747 1563 854 1624 Africis
868 1565 1028 1643 praecipue
1043 1579 1119 1640 quae

102 1659 284 1732 generantur
306 1655 339 1712 in
362 1651 509 1732 Syrtibus.
547 1655 689 1713 maximae
708 1653 785 1714 liunt
805 1670 909 1712 manoe
934 1652 986 1712 sed
1009 1650 1119 1711 mollis·

2 1759 6 1766 ·
103 1744 194 1802 simae
217 1743 297 1801 circa
319 1739 448 1822 Lyciam,
472 1743 504 1802 in
526 1741 675 1821 profundo
699 1749 799 1802 autem
821 1759 878 1802 nec
900 1749 1024 1802 ventoso
1048 1739 1120 1800 mol·

102 1830 201 1891 liores.
246 1832 278 1890 in
307 1829 500 1911 Hellesponto
531 1849 667 1912 asperae,
697 1839 727 1892 et
750 1830 860 1891 densae
886 1833 965 1891 eirca
988 1829 1119 1890 Maleam.

102 1927 282 1998 putrescunt
310 1921 342 1980 in
372 1921 480 2000 apricis
510 1919 597 2002 locis,
626 1919 694 1980 ideo
724 1922 852 1999 optimae
882 1921 912 1980 in
943 1917 1119 1999 gurgitibus.

61 2025 88 2065 eo
103 2008 270 2077 viventibus
297 2009 377 2070 idem
406 2011 458 2089 qui
480 2008 668 2071 madentibus
693 2011 843 2089 nigricans
866 2007 956 2092 colos,
1002 2007 1173 2068 adhoc-150

103 2105 172 2159 rent
193 2115 249 2160 nec
268 2105 352 2178 parte
371 2117 428 2159 neo
447 2106 536 2160 totae.
573 2101 725 2159 intersunt
743 2101 823 2159 enim
841 2097 956 2159 fistulae
976 2097 1121 2177 quaedam

9 2223 12 2228 ·
103 2189 207 2248 inanes
234 2194 397 2268 quaternae
425 2187 488 2248 lere
512 2195 563 2248 aut
587 2189 708 2269 qrrinae,
739 2205 795 2267 per
818 2205 891 2266 quas
914 2189 996 2267 pasci
1020 2187 1121 2247 existi-

103 2284 230 2338 mantur.
268 2285 338 2338 sunt
361 2284 392 2338 et
414 2276 497 2358 aliae,
520 2276 572 2338 sed
594 2294 725 2357 superne
744 2284 909 2338 concretae.
947 2283 977 2336 et
995 2274 1120 2337 subesse

5 2423 6 2436 ξ
79 2427 82 2432 ,
104 2364 274 2425 membrana
302 2365 448 2445 quaedam
474 2364 624 2426 radicibus
652 2383 755 2426 earum
782 2365 975 2445 intellegitur.
1020 2367 1120 2426 vivere

62 2469 88 2509 25
103 2460 221 2514 constat
233 2453 322 2532 longo
335 2462 480 2533 tempore.
523 2456 687 2533 pessimum
700 2456 834 2514 omnium
848 2473 942 2534 genus
957 2462 1003 2515 est
1017 2473 1121 2514 earum

104 2559 180 2622 quae
203 2542 331 2623 aplysiae
353 2550 507 2622 vocantur,
531 2544 599 2621 quia
622 2542 682 2604 elui
705 2561 765 2602 non
787 2551 927 2624 possunt,
956 2545 988 2603 in
1012 2543 1120 2622 quibus

103 2649 226 2710 magnae
250 2639 321 2693 sunt
343 2630 458 2693 fistulae
483 2639 513 2692 et
536 2630 651 2710 reliqua
674 2632 806 2693 densitas
829 2634 932 2710 spissa.

171 2713 230 2784 46.
255 2713 330 2803 (70)
363 2719 571 2782 canicularum
590 2722 729 2781 'maxime
759 2720 918 2781 multitudo
950 2723 1029 2780 circa
1061 2738 1111 2781 eas
1122 2727 1171 2778 151
1222 2767 1225 2774 .

11 2869 12 2872 ,
102 2812 258 2872 urinantes
288 2813 370 2889 gravi
396 2809 531 2891 periculo
561 2809 691 2871 infestat.
737 2811 795 2890 ipsi
823 2809 925 2870 lerunt
952 2817 983 2870 et
1010 2808 1121 2870 nubem
1222 2859 1225 2868 .

62 2913 89 2954 ³0
103 2899 250 2978 quandam
283 2917 468 2961 crassescere
501 2917 593 2979 super
626 2900 721 2979 capita
757 2897 928 2960 animalium
963 2898 1121 2978 planorum

103 2990 231 3066 piscium
254 2989 394 3071 similem,
422 2995 611 3069 prementem
638 3006 690 3049 eos
713 2995 925 3068 arcentemque
950 3005 966 3048 a
989 2990 1120 3067 recipro-

105 3076 212 3157 cando,
242 3084 272 3137 et
299 3077 337 3138 ob
363 3079 393 3138 id
420 3077 504 3139 stilos
532 3085 709 3158 praeacutos
737 3076 824 3138 lineis
852 3077 982 3138 adnexos
1009 3076 1120 3138 habere

176 3301 349 3372 iperqnirit
364 3302 431 3357 Μ’.
458 3302 617 3372 perquefrit
633 3319 657 3359 r.
730 3303 835 3358 4111.
863 3305 893 3358 et
910 3303 938 3358 ll.
955 3304 959 3371 Ι
975 3301 1070 3358 radice
1087 3308 1119 3357 B.

104 3389 162 3428 roes
180 3389 204 3428 r.
294 3380 413 3430 'immeo
430 3389 477 3444 epo
490 3375 577 3444 pomae·
593 3379 619 3429 et
636 3375 764 3430 dhtiaai.
878 3379 913 3430 20
931 3373 1062 3442 idemque
1080 3377 1122 3426 (11

104 3445 163 3500 add.
182 3447 244 3499 vett.
270 3443 393 3514 itemque
411 3443 499 3500 Barh.
527 3463 566 3501 ao
583 3444 761 3515 iisdemque?
788 3445 840 3513 cfr.
853 3445 941 3502 Arist.
959 3446 985 3500 h.
1000 3461 1026 3502 o.
1046 3448 1074 3498 V
1084 3451 1121 3500 16

99 3514 322 3586 1541111111
345 3515 540 3571 adhaerente.
569 3517 681 3571 -herens
700 3518 728 3572 ll.
802 3523 835 3572 26
855 3516 980 3588 aplysiae
997 3532 1023 3572 o.
1052 3517 1120 3572 -tiee

105 3592 161 3641 nr.
191 3585 270 3641 -itiae
288 3591 313 3641 d.
342 3587 432 3658 ypiee
450 3604 474 3642 r.
495 3589 500 3658 Ι
520 3587 577 3644 elui
594 3587 682 3644 Barb.
710 3588 760 3643 flui
777 3593 808 3642 B.
832 3589 910 3644 fluuii
928 3606 952 3644 r.
1007 3595 1043 3644 39
1062 3589 1119 3643 ani-

103 3657 220 3714 malium
239 3661 308 3714 erc.
337 3659 370 3713 -li
388 3677 411 3715 r.
439 3690 473 3700 -
487 3659 592 3717 animal
610 3659 640 3714 id
655 3691 688 3701 -
707 3660 781 3716 Det.
813 3661 863 3730 cfr.
882 3677 943 3718 noo.
962 3661 1120 3730 11111128.
