2340 3934
216 151 301 207 666.
320 151 412 208 Hisr.
430 153 499 235 yur
518 159 622 212 rc-re
642 157 768 227 (er-aa)
956 159 996 224 ‘ll

69 295 127 383 (23)
167 300 315 364 Panthera
347 310 379 364 et
404 304 490 383 tigris
522 305 704 366 macularum
732 309 873 370 varietate
903 327 995 390 prope
1016 317 1051 368 ot

23 391 77 452 solae
98 390 251 452 bestiarum
278 399 464 474 spectantur,
494 397 603 456 ceteris
630 413 707 458 unus
735 415 768 458 ao
791 415 865 459 suus
888 400 996 480 cuique

22 483 94 558 generi
112 480 189 542 color
211 488 266 562 est,
289 481 409 544 leonum
429 490 544 544 tantum
566 486 598 545 in
618 484 702 565 Syria
721 487 813 566 niger.
844 487 997 568 pantheris

22 570 158 632 incandido
181 569 288 632 breves
315 572 498 634 macularum
520 573 607 635 oculi.
653 575 755 637 lerunt
777 577 869 638 odore
894 595 997 639 earum

21 661 70 719 nire
91 659 235 720 sollicitari
263 661 460 742 quadripedes
488 671 624 745 cunctas,
654 665 706 726 sed
730 667 835 744 capitis
857 669 996 728 torvitate

21 751 102 808 terreri.
129 749 336 829 quamobrem
364 751 511 814 occultato
540 771 575 812 eo
603 753 718 833 reliqua
741 754 896 818 dulcedine
922 759 996 818 iuvi·

19 845 68 897 tatu
89 841 256 919 corripiunt.
308 848 379 901 sunt
406 843 458 920 qui
485 842 603 902 tradant
632 845 664 903 in
692 861 774 904 armo
802 847 839 906 iis
869 846 996 908 similem

19 925 76 986 lunae
95 945 155 989 esse
176 929 323 990 maculam
342 937 528 992 crescentem
550 933 582 991 in
601 931 689 993 orbes
712 940 743 993 et
761 941 914 996 cavantem
931 939 996 1016 pari

17 1016 76 1076 nodo
98 1035 214 1078 cornua.
261 1037 341 1079 nunc
369 1021 464 1080 varias
494 1027 525 1081 et
550 1022 673 1103 pardos,
706 1039 764 1102 qua
791 1041 889 1085 mares
917 1033 996 1107 sunt,
1015 1033 1048 1082 63

17 1105 127 1183 appellant
151 1110 183 1168 in
211 1125 247 1168 eo
274 1107 355 1168 omni
378 1125 488 1188 genere
516 1109 698 1171 creberrimo
722 1114 752 1171 in
776 1113 874 1174 Africa
898 1113 995 1194 Syria·

17 1211 59 1272 que.
97 1197 212 1276 quidam
240 1196 276 1257 ab
303 1197 351 1258 bis
377 1198 536 1277 pantheras
565 1201 692 1261 candore
721 1198 783 1261 solo
812 1201 995 1284 discernunt,

15 1299 50 1343 nec
67 1285 151 1346 adbuc
175 1286 262 1347 aliam
286 1285 483 1350 differentiam
505 1290 614 1350 inveni.
706 1289 716 1320 ‘

58 1368 119 1458 (24)
143 1375 272 1436 Senatus
292 1377 461 1438 consultum
484 1378 541 1439 luit
558 1386 644 1439 retus
668 1397 704 1440 ne
724 1379 828 1440 liceret
842 1379 994 1442 Africanas
1014 1390 1048 1438 64

15 1461 140 1524 inltaliam
163 1465 319 1526 advebere.
351 1474 454 1527 contra
476 1466 533 1527 boc
556 1467 625 1528 tulit
648 1467 684 1528 ad
706 1469 849 1550 populum
868 1468 919 1530 06.
937 1470 994 1530 Arr-

15 1551 73 1612 idius
95 1553 234 1614 tn'buuus
260 1553 370 1635 plebis,
398 1558 594 1635 permisitque
622 1559 803 1618 circensium
829 1561 922 1638 gratia
950 1561 995 1620 in·

15 1651 105 1718 ponere.
148 1645 267 1724 primus
294 1651 395 1705 autem
419 1644 550 1706 Scaurus
577 1645 724 1707 aedilitate
753 1665 807 1709 sua
831 1649 926 1710 varias
951 1661 995 1709 66

15 1733 130 1792 rurenses
152 1734 248 1814 misit,
272 1733 342 1794 dein
362 1733 521 1814 Pompeius
540 1735 663 1814 Magnus
683 1749 809 1817 ccccx,
832 1737 917 1799 dirus
936 1737 995 1798 Au·

15 1829 85 1896 putus
113 1834 261 1884 ccccxx.
317 1815 390 1906 (25)
427 1823 507 1884 idem
535 1823 569 1896 Q.
597 1824 756 1887 Tuberone
784 1825 875 1887 Paulo
904 1825 994 1887 Fabio
1014 1834 1048 1884 65
1151 1821 1154 1838 ⁴

15 1903 103 1970 larimo
124 1930 185 1973 cos.
210 1925 273 1972 1111.
297 1931 390 1974 nonas
413 1911 504 1973 Maias
527 1913 637 1975 theatri
655 1913 786 1976 Marcelli
809 1915 994 1978 dedicatione

15 1997 80 2076 igrim
99 2004 216 2082 primus
243 2004 377 2064 omnium
399 2001 509 2063 Romae
536 2003 666 2065 ostendit
693 2007 723 2064 in
747 2023 835 2066 cavea
858 2023 994 2067 mansue-

16 2087 101 2171 actum,
122 2090 211 2152 divus
234 2109 304 2152 vcro
328 2089 469 2152 Claudius
492 2093 580 2154 simul
603 2107 668 2155 1111.
1154 2141 1155 2182 3

55 2173 103 2242 18.
134 2179 251 2260 Tigrim
273 2179 403 2260 Hyrcani
426 2189 456 2242 et
474 2181 540 2242 Indi
563 2182 676 2264 ierunt,
700 2184 807 2245 animal
829 2184 995 2246 velocitatis
1014 2193 1049 2242 66
1154 2185 1155 2212 ³

16 2271 147 2334 remendae
179 2279 211 2331 et
237 2272 363 2332 maxime
394 2273 542 2353 cognitae,
575 2269 647 2333 dum
676 2277 793 2354 capitur
820 2281 901 2335 totus
929 2276 995 2336 eius

16 2353 72 2439 ius,
98 2363 147 2439 qui
176 2377 296 2439 semper
324 2377 502 2421 numerosus
531 2368 584 2422 est.
630 2362 666 2423 ab
694 2364 852 2424 insidiante
880 2367 995 2444 rapitur

16 2463 60 2522 quo
85 2468 173 2528 quarn
204 2452 330 2510 manime
358 2452 487 2531 pernici,
519 2458 608 2530 atque
639 2453 671 2512 in
700 2461 838 2514 recentes
868 2453 995 2514 subinde

16 2539 163 2600 unslertur.
210 2547 240 2599 at
262 2539 314 2600 ubi
337 2557 463 2600 vacuum
487 2538 585 2600 cubile
609 2543 817 2623 reperitleta,
841 2575 883 2584 -
907 2544 994 2603 mari·

16 2641 44 2684 us
62 2630 135 2689 enim
158 2627 274 2689 subolis
297 2646 371 2690 cura
392 2647 452 2690 non
476 2636 535 2710 est,
554 2662 596 2672 -—
618 2631 715 2692 fertur
735 2649 879 2710 praeceps
903 2631 994 2691 odore
1013 2663 1016 2669 ·

16 2718 131 2794 cstigans.
179 2726 283 2798 raptor
306 2718 561 2798 adpropinquante
580 2719 706 2780 'fremitu
730 2719 819 2780 abicit
842 2737 996 2780 unomen

16 2805 90 2866 atriis.
132 2807 213 2868 tollit
234 2806 284 2867 illa
307 2825 409 2868 morsu
433 2814 464 2868 et
485 2807 618 2886 pondere
643 2811 732 2869 etiam
755 2811 838 2869 ocior
860 2816 925 2869 acta
947 2827 994 2869 re-

16 2903 61 2954 reat
79 2899 248 2976 iterumque
276 2898 470 2976 consequitur
493 2915 527 2956 ac
551 2895 690 2980 subinde,
718 2898 812 2959 donec
836 2900 867 2958 in
890 2917 997 2960 navem
1080 2954 1085 2964 .

16 2997 113 3060 egresso
136 2988 229 3047 inrita
252 2986 354 3046 feritas
378 2987 470 3046 saevit
492 2988 523 3046 in
546 2985 642 3048 litore.

16 3137 193 3154 *w

56 3236 68 3282 3
84 3230 197 3286 leonem
215 3229 252 3283 (1¹.
280 3229 361 3284 leone
380 3235 411 3283 R.
471 3235 489 3283 4
507 3229 592 3284 odore
610 3231 744 3286 Budaeus
761 3232 794 3285 dc
812 3247 870 3286 asse
886 3249 914 3300 p.
925 3237 994 3287 229.

17 3295 40 3362 (6.
51 3301 128 3358 Arist.
142 3304 170 3356 b.
186 3319 212 3358 a.
227 3303 274 3354 ΙΧ
287 3306 305 3355 6
316 3318 346 3370 p.
357 3300 510 3367 612A,13.
535 3301 667 3370 Tbeopbr.
682 3318 703 3358 c.
714 3303 755 3372 pl.
771 3306 814 3355 VI
823 3308 850 3370 5,
859 3308 886 3358 2.
907 3302 995 3357 Solio.

17 3373 64 3434 7,8.
86 3373 180 3429 colore
200 3373 261 3443 (16-
274 3374 308 3441 Β)
328 3373 355 3426 ll.
428 3378 444 3426 9
464 3389 569 3427 cornua
586 3373 698 3428 r⁹s²d².
722 3389 772 3428 666.
791 3391 813 3429 r.
835 3375 839 3442 (
861 3374 910 3444 qui
927 3373 994 3428 ΒΜ.

17 3444 108 3506 quossi.
170 3450 203 3498 11
224 3444 386 3499 discernunt
403 3443 500 3498 Pali.
529 3443 627 3498 disces.
646 3445 768 3500 Nunc'r.
829 3451 860 3499 17
881 3441 996 3498 000οΧ

17 3509 63 3566 ”in
74 3532 124 3571 rae.
138 3516 213 3570 e²d².
238 3533 282 3570 au.
298 3513 330 3569 X.
349 3521 379 3569 n.
404 3518 460 3570 nub
475 3515 509 3570 X.
528 3516 565 3570 2¹.
591 3515 679 3570 auXX
696 3515 740 3570 12³.
765 3515 851 3570 quib
863 3516 907 3570 12².
932 3516 996 3570 auX

17 3583 36 3634 2¹.
57 3591 142 3658 angd‘x
160 3589 198 3642 d¹.
293 3592 325 3641 18
348 3587 433 3656 paulo
451 3587 480 3642 ll.
505 3603 556 3641 mu.
575 3587 637 3641 Sili.
656 3589 757 3643 Ianus.
847 3593 882 3642 26
904 3589 996 3642 truns-

17 3657 70 3709 ulur
85 3659 152 3715 Rob.
162 3677 189 3715 6.
216 3660 328 3713 -runtur
345 3659 374 3716 ll.
770 3667 772 3672 '
