2364 3930
165 161 230 227 206
513 162 542 218 C.
560 161 659 217 PLlNl
679 161 835 218 suorum

165 313 359 373 adservantur
382 312 528 394 inclusae,
556 313 644 372 sicuti
668 313 768 372 aranei
793 328 926 393 quoque,
952 309 1059 390 alioqui
1082 319 1151 370 suctu

164 404 304 464 viventes.
355 401 421 462 ideo
451 401 566 463 nullum
595 403 698 463 interit
728 401 803 462 lame
833 407 884 460 aut
905 401 963 478 ¹siti
991 409 1152 460 venenatum.

164 509 231 552 nam
260 509 357 571 neque
386 489 465 552 calor
493 491 539 552 his
568 509 622 551 neo
651 493 772 571 sanguis
800 507 855 550 neo
882 489 986 570 sudor,
1014 507 1084 569 quae
1109 491 1152 548 ari·

164 581 286 642 ditatam
305 580 432 642 naturali
455 579 515 640 sale
539 587 656 660 augent.
702 582 733 641 in
757 597 816 659 quo
839 597 948 659 genere
967 579 1064 639 omnia
1080 581 1153 656 magis

111 680 161 729 roo
172 669 308 752 exitialia,
331 673 357 730 si
380 687 469 730 strum
487 687 581 749 genus
605 669 694 730 edere
718 678 877 749 autequam
894 676 1031 730 noceant.
1073 668 1165 728 condit!

162 761 193 818 in
216 759 373 820 thesauros
396 758 581 820 maxillarum
605 757 705 819 eibum
729 761 933 838 sphingiorum
955 765 988 818 et
1011 765 1152 836 satyromn

161 866 264 926 genus.
310 867 379 910 mox
401 848 471 910 inde
494 851 605 909 sensim
629 847 665 909 ad
689 847 889 909 mandendum
912 845 1048 908 manibus
1069 864 1152 925 expro·

161 939 228 1018 mit,
251 945 281 997 et
304 937 384 1017 quod
409 938 541 999 lormieis
563 940 595 998 in
619 955 730 998 annum
754 937 896 999 sollemne
919 944 967 997 est
989 935 1036 996 his
1057 938 1085 996 iu
1105 934 1152 993 diu

161 1025 207 1085 vel
236 1025 333 1088 horas.
389 1021 447 1090 73.
484 1045 577 1088 carrum
607 1027 714 1088 animal
744 1026 853 1107 digitos
881 1025 1055 1087 habentium
1080 1022 1151 1084 herba

161 1114 262 1197 alitur,
290 1117 388 1198 lepus3
416 1115 469 1177 sed
492 1125 523 1178 et
546 1117 631 1196 leuge
656 1115 834 1198 solidipedes
861 1125 892 1176 et
915 1134 931 1176 e
954 1114 1075 1175 bisulcis
1099 1127 1165 1173 sues]

161 1206 241 1264 omni
264 1205 364 1267 cibatu
392 1215 422 1266 et
449 1205 607 1268 radicibus.
654 1205 851 1287 solidipedum
878 1204 1020 1266 volutatio
1046 1205 1151 1285 propria.

160 1303 344 1356 serratorum
367 1295 501 1355 dentium
524 1297 680 1356 carnivora
702 1303 774 1357 sunt
793 1297 902 1356 omnia.
939 1296 1005 1356 ursi
1027 1303 1057 1355 et
1078 1295 1151 1370 lnge,

160 1383 274 1465 lronde,
298 1383 456 1465 vindemia,
484 1387 580 1463 pomis
608 1386 711 1445 vivunt
738 1393 768 1446 et
795 1383 914 1466 apibus,
932 1385 1058 1445 'canoris
1082 1384 1150 1443 etian

107 1481 203 1532 rooao
227 1473 368 1534 formicis.
414 1472 490 1555 lupi,
513 1482 546 1535 ut
569 1475 711 1556 diximus,
735 1482 764 1535 et
787 1475 923 1535 terrain
950 1474 1037 1534 lame.
1079 1489 1150 1552 pecus

105 1549 124 1599 ⁸³
132 1550 158 1590 ⁸³
167 1571 241 1640 potu
262 1563 445 1645 pinguescit,
472 1563 539 1623 ideo
563 1563 605 1623 sal
628 1562 687 1624 illis
711 1565 891 1643 aptissimus.
937 1565 1011 1624 ite‘m
1033 1563 1165 1638 verminat

159 1668 336 1730 quamquam
359 1661 390 1711 et
411 1651 498 1732 iruge
522 1661 552 1713 et
580 1651 681 1714 herba.
728 1653 781 1714 sed
808 1661 843 1714 ut
870 1650 973 1713 bibere
1002 1653 1045 1712 sio
1071 1651 1149 1711 edunt.

158 1743 308 1802 ruminant
326 1743 521 1820 praetoriam
541 1741 619 1802 diota
640 1741 822 1803 silvestrium
843 1743 937 1824 cervi,
960 1757 1030 1802 cum
1050 1737 1149 1800 anobis

158 1828 293 1912 aluntur,
328 1832 426 1891 omnia
456 1839 556 1891 antem
585 1833 711 1892 iacentia
740 1833 841 1911 potius
871 1848 959 1911 quam
990 1832 1105 1910 stantia,
1128 1839 1148 1884 u

156 1916 252 1978 hieme
277 1921 370 1998 magis
389 1937 478 1999 quam
501 1927 626 2002 aestate,
650 1922 782 2000 septenis
805 1921 869 1982 iere
893 1918 1054 1981 mensibus.
1095 1935 1148 1997 porr-

156 2008 207 2068 tici
231 2027 349 2088 qnoque
374 2027 475 2070 mures
498 2009 588 2070 simili
610 2009 698 2070 modo
721 2009 909 2072 remandunt.
1163 1999 1164 2004 ¹

103 2103 152 2152 201
223 2090 297 2180 (94)
329 2097 361 2159 ln
389 2107 462 2178 potu
490 2107 590 2160 autern
620 2098 728 2179 quibus
759 2101 866 2160 serrati
896 2098 1001 2159 dentes
1030 2013 1164 2178 lambuntl

155 2193 185 2247 et
206 2203 306 2245 mures
326 2185 356 2247 hi
376 2187 512 2268 vulgares
534 2191 667 2267 quamvis
689 2207 726 2248 ex
747 2188 804 2249 alio
825 2205 934 2268 genere
956 2189 1026 2248 sint.
1061 2183 1149 2264 quibus

154 2276 287 2334 continui
315 2274 421 2336 dentes
448 2276 583 2359 sorbent,
612 2285 645 2338 ut
673 2279 756 2360 equi,
784 2276 884 2338 boves.
930 2285 1069 2338 neutrum
1094 2275 1149 2352 ursi,

153 2362 210 2452 sed
229 2381 334 2442 aquam
363 2384 481 2445 quoquo
511 2384 613 2426 morsu
641 2375 754 2428 vorant.
800 2370 831 2428 in
854 2367 952 2427 dirioa
981 2368 1072 2427 maior
1095 2381 1148 2444 pars

153 2451 285 2514 serarum
314 2463 424 2515 aestate
457 2473 516 2515 non
547 2454 653 2516 bibunt
687 2458 786 2535 inopia
818 2455 975 2537 imbrium,
1012 2473 1095 2535 quam
1120 2451 1162 2511 obt

153 2560 271 2604 carosam
295 2546 373 2624 eapti
396 2562 498 2606 mures
516 2543 628 2626 Libyci,
651 2547 677 2606 si
695 2543 808 2627 bibere,
831 2547 1009 2606 moriuntur.
1046 2559 1146 2623 orygen

152 2641 297 2712 perpetuo
326 2635 455 2694 sitientia
485 2634 601 2694 Africae
632 2643 776 2714 generant
805 2653 842 2695 ex
872 2641 978 2696 natura
1007 2633 1064 2694 loei
1090 2641 1145 2712 pon

152 2730 316 2803 carentem,
334 2731 364 2782 et
382 2722 509 2784 mirabili
529 2722 616 2784 modo
631 2722 667 2784 ad
685 2724 815 2785 remedia
835 2725 1008 2785 sitientium.
1038 2737 1145 2799 namque

151 2808 267 2872 Gaetuli
298 2810 428 2873 latrones
461 2831 496 2874 eo
529 2813 638 2874 durant
670 2812 778 2874 auxilio
810 2814 939 2893 repertis
970 2815 1002 2874 iu
1038 2827 1143 2891 corpore

98 2909 263 2960 aeneorum
293 2899 480 2962 saluberrimi
509 2901 635 2982 liquoris
664 2904 780 2965 vesicis.
832 2901 967 2964 insidunt
996 2902 1027 2964 in
1058 2899 1160 2962 eadent

150 2987 247 3048 Alrioa
265 2988 350 3068 pardi
369 2991 518 3052 condensa
537 2989 652 3074 arbore,
676 2991 875 3072 occultatique
895 3008 998 3053 aarum
1019 2993 1102 3053 ramis
1120 2990 1141 3046 iu

149 3080 369 3155 praetereuntia
393 3079 535 3144 desiliunt
558 3088 646 3164 atque
670 3100 687 3141 e
710 3081 865 3144 voluerum
889 3080 959 3142 sede
981 3087 1140 3160 grassantur.

219 3311 233 3358 1
254 3307 335 3361 suctu
352 3305 436 3360 lide.
462 3321 507 3359 ru·
525 3321 548 3360 r.
621 3312 638 3362 3
656 3305 702 3362 his
720 3311 745 3363 d.
770 3307 795 3362 is
813 3325 837 3364 r.
853 3310 858 3378 Ι
874 3307 987 3380 sanguis
1004 3311 1028 3362 d.
1053 3301 1109 3360 duis
1123 3317 1133 3354 t·

218 3375 447 3447 oephingiorum
465 3375 553 3431 Borb.
582 3377 637 3448 spi·
656 3383 715 3434 mi.
744 3395 807 3449 spo·
825 3383 850 3434 d.
879 3379 1055 3450 spingionum
1070 3391 1090 3432 r.

147 3447 196 3497 7.8
215 3448 354 3516 expromit
370 3448 410 3502 ed.
424 3447 492 3502 Boo.
520 3447 631 3517 -primii
643 3449 671 3504 ll.
746 3455 780 3505 10
799 3467 862 3506 sues
879 3450 966 3506 lt'do.
990 3448 1044 3505 soie
1061 3465 1081 3503 r.
1157 3463 1158 3472 ¹

146 3520 179 3568 to
197 3517 230 3570 ut
246 3517 342 3572 bibere
359 3517 463 3573 Pado·
483 3517 579 3574 uiuere
597 3536 621 3576 r.
699 3526 732 3576 21
752 3524 824 3592 potu
841 3527 869 3579 ἱ.
898 3525 969 3579 -tum
986 3518 1059 3575 ΙΨ.
1084 3531 1134 3587 pon·

144 3584 241 3639 tumr.
313 3593 347 3644 2⁹1
366 3587 471 3644 africae
489 3593 515 3643 d.
547 3605 594 3646 -oa
610 3607 635 3648 r.
661 3593 666 3660 Ι
690 3593 785 3648 noturi
803 3593 866 3651 loco
885 3594 924 3650 αἱ.
957 3592 1018 3650 reli
1035 3585 1134 3648 loc⁰⁸¹=

113 3721 119 3731 ,
158 3707 160 3712 ,
215 3658 249 3709 28
268 3659 410 3714 carentem
428 3664 459 3714 x.
488 3661 528 3715 ·te
545 3677 570 3716 r.
643 3667 677 3718 29
695 3663 726 3718 in
743 3679 768 3721 o.
797 3683 850 3736 pro
866 3666 897 3721 in
913 3665 989 3722 1²2².
1014 3679 1062 3736 pro
1077 3677 1097 3715 r·
