2392 3946
111 153 117 164 '
172 149 237 216 352
520 147 548 202 C.
567 147 667 202 PHNI
685 145 842 202 succum

172 298 318 381 florescit,
343 296 456 362 imbres
479 304 730 378 tempestatesque
753 295 874 377 tolerat,
900 315 959 358 non
980 297 1045 357 item
1068 297 1147 376 maor,

120 397 155 448 se
174 389 228 450 sed
250 391 282 450 in
304 387 411 452 arbore
434 405 525 467 quam
546 388 579 448 in
600 389 670 466 iugo
693 388 792 448 minus
815 385 949 448 obnoxia.
984 383 1148 466 gemellarunq

173 477 282 558 quibus
304 477 361 540 hoc
384 495 493 540 nomen
516 495 590 538 uvae
614 493 731 556 semper
752 478 888 556 geminae
912 475 1031 556 dedere,
1050 477 1149 553 asperri-

172 585 240 628 mus
263 585 365 650 sapor,
394 567 447 628 sed
474 568 553 628 vires
575 567 762 647 praecipuae.
813 584 851 626 ex
879 565 926 626 his
957 567 1049 628 minor
1074 572 1150 624 austro

171 655 313 738 laeditur,
340 658 450 720 ceteris
472 658 568 718 ventis
591 655 694 737 alitur,
720 661 755 716 ut
782 657 814 716 in
836 654 962 719 Vesuvio
989 661 1080 716 monte
1100 651 1168 712 sir-⁵

171 748 359 826 rentinisquc
382 744 520 827 collibus,
547 748 579 808 in
606 745 730 824 reliquis
752 744 852 814 ltaliae
879 743 1013 826 partibus
1037 743 1154 806 nonnisi

172 833 272 896 arbori
299 836 527 898 accommodata.
572 837 710 915 quintum
739 853 835 914 genos
862 833 986 898 lanaue.
1030 850 1065 896 ne
1088 831 1155 894 Seras

171 925 316 986 miremur
343 933 395 986 aut
421 924 510 986 Indos
537 925 625 1006 adeo,
653 924 761 1004 lanugo
790 942 856 984 eam
881 926 979 986 uestit
1026 923 1110 1002 prima
1131 939 1155 980 er

172 1013 305 1076 Amineis
327 1017 502 1080 maturescit
524 1016 723 1094 ocissimeque
745 1015 902 1094 putrescit.

121 1112 154 1162 23
241 1099 307 1184 <2>
344 1103 483 1166 Proxima
514 1104 642 1183 dignitas
669 1103 864 1174 Nomentanis
896 1101 1023 1168 rubente
1052 1102 1175 1178 materia,

174 1201 356 1275 quapropter
375 1193 495 1272 quidam
517 1192 648 1256 rubellas
666 1193 851 1274 appellavere
869 1194 981 1256 vineas.
1014 1191 1066 1252 hae
1080 1192 1158 1251 *muns

174 1283 302 1364 fertiles,
324 1285 453 1346 vinaceis
476 1291 507 1344 et
529 1283 612 1344 foece
635 1285 756 1364 nimiae,
780 1289 884 1344 contra
911 1283 1035 1362 pruinas
1059 1281 1157 1342 tortissi-

173 1391 254 1455 mae,
291 1374 424 1434 siccitate
456 1375 549 1452 magis
582 1391 670 1453 quam
702 1371 813 1453 imbre,
848 1378 935 1444 aestu
969 1389 1055 1452 quam
1083 1369 1157 1450 algore

172 1470 326 1524 vexantur.
372 1461 576 1542 quamobrem
589 1465 620 1523 in
648 1462 763 1542 frigidis
791 1460 961 1540 umidisque
990 1462 1158 1542 principatum

172 1551 316 1614 obtinent.
352 1551 480 1614 fertilior
499 1570 574 1632 quae
593 1554 691 1612 mium
713 1554 798 1615 acino
822 1559 853 1612 et
875 1551 946 1612 folio
967 1553 1058 1614 scissa
1077 1551 1158 1610 muns.

121 1647 156 1696 24
241 1637 307 1722 <3>
330 1641 450 1721 Apionis
473 1659 544 1721 apes
566 1641 676 1702 dedere
700 1659 879 1724 cognomen,
900 1643 1062 1722 praecipue
1082 1655 1159 1700 euin

174 1731 283 1792 avidae.
329 1749 366 1791 ex
393 1732 430 1791 iis
458 1731 517 1792 duo
545 1749 655 1810 genera
681 1730 821 1810 lanugine
853 1739 884 1792 et
914 1733 983 1810 ipsa
1013 1729 1158 1810 pubescunt.

174 1820 286 1882 distant
298 1819 378 1900 quod
392 1818 485 1882 altera
503 1820 631 1882 celerius
649 1823 833 1901 maturescit,
852 1838 1033 1900 quamquam
1051 1817 1158 1880 etaltera

172 1917 361 1990 properante.
406 1911 483 1972 situs
506 1909 628 1989 frigidos
651 1928 712 1970 non
735 1918 892 1992 respuunt,
915 1917 946 1970 et
969 1919 1069 1973 tamen
1088 1906 1157 1968 ndu

174 1998 303 2060 celerius
330 1998 425 2060 imbre
452 2006 639 2079 putrescunt.
690 2001 756 2062 vina
783 2002 880 2079 primo
908 1999 1009 2062 dulcia
1035 1999 1178 2060 adstent-t

122 2093 157 2142 25
176 2096 237 2150 tem
255 2090 341 2150 annis
364 2091 523 2168 accipiunt.
557 2087 680 2150 Etruria
702 2088 783 2152 nula
805 2091 898 2168 magis
921 2090 983 2150 vite
1004 2088 1114 2170 gaudet.
1139 2093 1156 2142 u

171 2177 317 2238 hactenus
339 2179 493 2257 potissima
514 2177 653 2240 nobilitas
676 2178 764 2240 datur
785 2177 990 2259 peculiaribus
1013 2186 1097 2258 atque
1116 2191 1159 2234 rer·

171 2266 285 2328 naculis
308 2265 417 2327 ltaliae.
459 2275 575 2330 ceterae
602 2267 759 2328 advenere.
805 2287 823 2330 e
845 2266 918 2328 Chio
941 2267 1074 2333 Thasoue
1095 2265 1159 2326 Grae·

172 2355 239 2416 cula
265 2374 327 2416 non
354 2355 479 2416 inferior
506 2355 637 2420 Amineis
664 2355 813 2439 bonitate,
839 2365 1018 2438 praetenera
1045 2358 1120 2422 acino
1140 2361 1159 2412 cl

171 2463 228 2506 uva
249 2452 310 2506 tam
328 2463 418 2526 parva
440 2454 475 2507 ut
497 2449 555 2508 nisi
571 2448 767 2526 pinguissimo
791 2446 854 2508 solo
878 2447 1060 2511 colerence
1080 2445 1178 2526 prosit.

171 2537 327 2615 eugeniam
341 2535 584 2598 Tauromenitani
598 2535 688 2598 colles
702 2555 772 2598 enm
786 2538 995 2616 generositatis
1013 2533 1159 2616 cognomine

169 2627 280 2686 misere
294 2624 406 2686 Albano
420 2633 535 2688 tantum
549 2632 629 2708 agro,
647 2627 788 2705 quoniam
805 2625 909 2688 tralata
927 2628 1028 2690 statim
1046 2633 1160 2688 muuur.

170 2733 298 2795 namque
317 2722 364 2776 est
381 2714 488 2794 aliquis
506 2723 607 2776 tantus
624 2715 760 2777 locorum
783 2734 866 2776 amor
887 2723 922 2776 ut
944 2733 1063 2776 omnem
1083 2717 1110 2774 in
1129 2711 1159 2770 lis

118 2809 153 2860 26
171 2803 295 2882 gloriam
313 2822 398 2864 stram
415 2804 586 2884 relinquant
604 2823 660 2866 nec
678 2823 806 2884 usquam
819 2812 973 2866 transeant
991 2813 1077 2866 totae.
1102 2799 1158 2881 quod

127 2905 153 2944 1³
171 2901 202 2954 et
223 2895 255 2953 in
277 2893 398 2954 Raetica
416 2892 660 2974 Allobrogieaque
684 2913 774 2974 quam
797 2913 887 2974 supra
908 2896 1037 2974 picatam
1058 2889 1158 2974 appella·
1172 2902 1179 2923 ²¹

170 3025 385 3034 *—

241 3089 260 3138 4
277 3083 369 3141 minus
387 3100 409 3137 o.
483 3091 516 3140 12
535 3086 597 3140 cut.
611 3085 685 3140 Dect.
706 3085 711 3154 1
730 3083 835 3143 nimiae
853 3083 1111 3140 nocuaeeflnru.
1133 3077 1158 3130 -ie

170 3160 220 3211 du.
248 3155 288 3210 -ia
305 3154 417 3210 rHcrci.
501 3163 534 3212 17
552 3155 615 3226 ipso
631 3155 778 3227 eulaeo.
806 3172 866 3212 -sae
884 3154 1107 3226 eddone-taut
1129 3163 1158 3202 tt

169 3244 193 3282 r,
266 3232 299 3284 19
318 3225 436 3298 frigidos
454 3227 553 3284 u²d²c
581 3227 644 3284 -dus
662 3227 744 3284 rSo'll.
761 3229 765 3298 Ι
781 3229 915 3298 respuunt
932 3232 979 3285 do.
1000 3228 1109 3299 -puntur
1122 3229 1156 3274 llo.

170 3299 257 3352 -uitur
275 3297 359 3354 adoll.
384 3299 389 3366 l
413 3297 509 3352 nullae
526 3300 617 3356 uedd.
628 3305 691 3356 aruc
699 3299 779 3356 Brut.
807 3299 847 3354 -le
866 3304 909 3361 od.
942 3300 982 3356 -la
999 3299 1094 3355 sBrot.

170 3374 205 3422 20
223 3368 341 3424 celerius
359 3369 523 3426 maturescit
539 3369 623 3426 sSc‘ll.
715 3377 748 3426 21
769 3371 874 3430 etruria
891 3377 932 3426 du
940 3365 1154 3440 codfflo'ffillcrd

170 3440 200 3490 et
216 3439 312 3494 rubria
329 3446 379 3494 nc.
411 3439 475 3494 —bre
491 3441 577 3496 cedd.
587 3446 652 3500 cnm
660 3442 752 3502 Hard.
825 3449 859 3498 23
879 3444 942 3500 dict.
952 3443 1028 3503 Pac.
1044 3446 1049 3511 Ι
1066 3459 1080 3498 e
1097 3440 1154 3494 Plut-

169 3522 220 3586 pm.
234 3509 292 3562 itu
310 3511 314 3576 Ι
330 3509 459 3570 Thasoue
477 3527 502 3566 c.
529 3511 657 3568 thasiove
676 3515 730 3582 (ta-
745 3515 780 3583 lt)
799 3515 828 3570 ll.
914 3521 950 3570 24
966 3511 1154 3572 uterinum.

169 3577 253 3630 maen
270 3579 314 3635 ll1.
343 3581 411 3634 nior
425 3598 452 3637 r.
475 3583 480 3649 Ι
503 3582 637 3637 eminneis
655 3585 700 3638 11¹.
722 3585 727 3656 Ι
750 3603 789 3642 on
807 3587 838 3642 ut
854 3584 1037 3656 praetenera?
1063 3583 1106 3652 cfr.
1119 3579 1154 3634 Co

170 3643 234 3704 lom.
248 3649 299 3698 ΙΙΙ
307 3653 393 3714 eet.
472 3655 506 3705 28
526 3653 700 3710 omneminus
719 3674 763 3711 ec.
791 3658 939 3714 omeminis
956 3662 981 3712 d
