2308 3936
115 217 157 284 98
461 231 493 281 1.
512 231 609 278 nunu
631 229 781 280 sncunnu

116 389 164 448 diu
180 389 297 468 saepius
313 405 396 467 quam
407 395 505 465 noctu,
522 395 552 448 et
566 386 655 448 multo
671 385 798 448 celerius
811 384 923 447 resolvi
936 403 1018 465 quam
1028 386 1116 465 niues,

115 471 238 533 nebulas
254 490 308 533 nec
323 480 436 534 aestate
453 491 508 533 nec
524 471 647 532 maximo
663 471 775 549 frigore
809 470 956 548 existere,
971 487 1055 531 rores
1070 489 1116 530 ne·

117 575 173 636 que
184 556 254 635 gelu
268 575 365 636 neque
380 556 533 620 ardoribus
551 574 648 635 neque
660 557 756 617 ventis
768 574 823 616 nec
834 555 890 615 nisi
905 572 1011 616 serena
1024 563 1152 644 noete,

116 641 241 720 gelando
258 641 402 720 liquorem
417 643 521 718 minui,
544 641 698 720 solutaque
715 639 811 718 glaeie
830 657 889 701 non
908 638 1152 719 1111111111-5

117 727 173 786 niri
188 725 313 788 modum
341 723 391 788 61.
407 725 564 786 varietates
579 724 710 786 colorum
725 725 962 804 figurarumque
953 743 982 784 ι1
999 723 1118 784 nubibus

117 811 209 886 cerni,
225 819 312 889 prout
328 811 491 871 admixtus'
482 811 558 888 iguis
574 817 695 888 superet
711 817 760 870 111
775 811 915 870 vincatur.

78 902 126 956 153
183 890 235 955 62.
253 891 336 974 (62.)
352 893 511 954 Praeterea
526 894 662 980 quasdam
677 894 877 973 proprietates
896 893 1065 972 quibusdam
1082 895 1121 954 lo·

118 979 161 1038 cis
177 997 262 1055 csse,
283 978 414 1040 roscidas
432 987 545 1040 aestate
560 979 678 1039 Africae
699 980 843 1056 111111,
834 997 864 1038 ι1
878 977 962 1038 ltalia
977 977 1079 1038 Locris
1094 987 1123 1039 et

117 1064 147 1122 in
163 1061 226 1124 lacu
241 1061 349 1124 Veline
364 1062 444 1124 nullo
461 1081 520 1124 non
534 1063 581 1124 die
594 1074 735 1142 apparere
751 1081 866 1140 areuus,
881 1059 977 1124 Rhodi
994 1071 1024 1123 et
1041 1062 1152 1154 Syra·¹⁰

118 1149 196 1208 cusis
218 1165 370 1228 numquam
389 1156 468 1209 tanta
487 1147 584 1208 nubila
607 1147 713 1208 obduci
740 1155 850 1208 utnon
871 1144 966 1225 aliqua
985 1146 1058 1207 hora
1082 1115 1152 1208 eol¹⁰

117 1241 264 1376 qernatur,
286 1233 381 1312 qualia
397 1233 491 1312 aptius
511 1233 570 1293 suis
587 1231 754 1292 referentur
768 1231 854 1293 locis.
882 1229 962 1294 llaec
977 1233 1036 1293 sint
1051 1230 1124 1292 dieta

137 1336 251 1380 caere.

75 1407 125 1460 111
181 1401 230 1466 63.
249 1398 334 1484 (63.)
356 1402 494 1482 Sequitur
509 1411 603 1481 terra,
626 1404 672 1464 cui
687 1403 735 1463 uni
751 1421 848 1464 rerum
863 1411 984 1464 naturae
1003 1404 1126 1482 partium

119 1488 224 1546 eximia
245 1495 369 1567 propter
387 1489 491 1548 merita
512 1505 677 1566 cognomen
699 1487 850 1549 indidimus
872 1495 1021 1548 maternae
1039 1505 1127 1547 vene·
1152 1495 1153 1560 1

117 1572 247 1632 rationis.
282 1574 326 1632 sic
340 1571 485 1632 hominum
499 1573 560 1650 illa,
579 1580 610 1632 ut
629 1571 740 1633 caelum
753 1571 818 1650 dei,
841 1590 916 1652 quae
934 1589 989 1632 nos
1008 1571 1153 1632 nascen-rt

119 1663 165 1716 tes
184 1656 310 1735 excipit,
327 1665 412 1718 natos
427 1656 489 1736 alit,
505 1657 655 1736 semelque
672 1657 767 1718 editos
784 1659 910 1718 sustinet
927 1674 1059 1735 semper,
1080 1675 1128 1716 no-

118 1741 238 1801 vissime
257 1742 402 1821 conplexa
416 1743 530 1820 gremio
548 1744 604 1802 iam
619 1759 635 1801 a
650 1740 763 1820 reliqna
778 1749 881 1802 natura
898 1740 1052 1802 abdicatos
1074 1750 1130 1800 tum

118 1827 241 1886 maxime
256 1834 288 1885 ut
306 1835 399 1887 mater
422 1828 561 1906 operiens
568 1869 578 1904 ,
601 1825 681 1886 nullo
699 1826 790 1904 magis
816 1845 898 1887 sacra
917 1827 1021 1887 merito
1046 1845 1130 1906 quam

118 1927 175 1989 quo
184 1929 238 1972 nos
247 1928 365 1991 quoque
377 1929 477 1972 sacros
490 1911 569 1989 iacit,
579 1911 665 1970 etiam
676 1912 850 1972 monimenta
862 1929 895 1972 ac
905 1910 1007 1972 titulos
1018 1929 1130 1988 gerens

118 2013 282 2074 nomenque
295 2012 458 2074 prorogans
475 2003 605 2057 nostrum
622 2003 652 2056 et
666 1996 833 2055 memoriam
849 1995 1011 2056 extendens
1027 2005 1131 2056 contra
1141 2024 1153 2045 a

118 2079 294 2140 brevitatem
309 2080 392 2154 1111,
413 2081 493 2140 11111
517 2097 622 2140 11111
638 2079 766 2158 ultimum
786 2081 842 2140 iam
868 2080 954 2140 nullis
974 2099 1131 2160 precamur

120 2165 185 2222 irati
207 2181 310 2241 grave,
325 2171 466 2242 tamquam
485 2165 647 2225 nesciamus
667 2163 741 2224 hanc
761 2183 830 2224 esse
845 2164 937 2226 solam
955 2183 1030 2244 quae
1053 2185 1132 2226 num·

77 2254 223 2326 tauquam
238 2248 378 2309 irascatur
393 2247 512 2311 homini.
541 2249 646 2329 Aquae
660 2248 786 2310 subeunt
800 2249 829 2308 in
840 2248 961 2325 imbres,
976 2251 1133 2328 rigescunt

119 2334 149 2391 in
164 2332 333 2411 grandines,
351 2341 514 2396 tumescunt
528 2335 559 2394 in
575 2333 708 2411 lluctuus,
724 2333 952 2412 praecipitantur
969 2335 999 2393 in
1014 2343 1133 2395 torren-

120 2425 177 2477 tes.
193 2435 245 2478 aer
256 2416 394 2479 densatur
405 2418 541 2496 nubibus,
552 2419 623 2478 furit
634 2417 784 2497 procellis.
803 2425 833 2478 11
842 2417 917 2478 haec
926 2418 1071 2498 benigna,
1084 2421 1147 2479 mi·

119 2502 168 2581 tis,
180 2500 346 2581 indulgens,
359 2520 505 2583 usuusque
514 2501 677 2563 mortalimn
686 2520 805 2582 semper
816 2501 932 2580 ancilla,
941 2521 1016 2581 quae
1025 2513 1134 2565 coacta

118 2594 260 2666 generat,
275 2605 350 2666 quae
368 2596 476 2667 sponte
491 2587 599 2664 fundit,
621 2605 694 2666 quos
711 2586 818 2648 odores
837 2605 1039 2666 saporesque,
1060 2607 1134 2667 quos

118 2689 223 2749 sucos,
239 2690 312 2751 quos
329 2680 452 2733 tactuus:
468 2690 541 2751 quos
558 2671 692 2733 colores!
717 2689 801 2751 quam
815 2671 893 2732 bona
913 2670 969 2732 lide
986 2671 1135 2734 creditum

117 2757 222 2817 foenus
240 2757 349 2818 redditi
366 2775 440 2836 quae
455 2765 556 2818 nostra
570 2773 656 2817 11111
672 2755 737 2817 alit!
755 2756 898 2834 pestilera
913 2757 988 2816 enim
1004 2759 1135 2818 animan·

119 2840 175 2916 tia,
195 2841 276 2900 vitali
298 2843 403 2921 spiritu
423 2841 549 2902 habente
569 2840 699 2920 culpam,
720 2840 763 2900 illi
782 2859 908 2902 necesse
926 2849 972 2902 est
987 2846 1152 2903 seminata

119 2925 259 3002 excipere
277 2934 307 2986 et
322 2925 422 3003 genita
438 2927 599 3003 sustinere,
620 2925 674 2986 sed
690 2926 720 2986 in
736 2925 818 2986 malis
834 2927 1039 3004 generantium
1058 2946 1136 2988 noxa

120 3016 174 3068 est.
196 3007 246 3068 illa
258 3017 427 3089 serpentem
440 3009 556 3071 homine
566 3028 710 3090 percusso
723 3009 845 3090 amplius
857 3029 916 3071 non
927 3012 1049 3089 recipit,
1063 3029 1137 3090 poe·

119 3109 228 3170 nasque
237 3094 323 3153 etiam
331 3095 465 3153 inertium
477 3097 591 3156 nomine
605 3096 709 3173 exigit,
720 3095 771 3155 illa
782 3093 1009 3156 medicasiundit
1020 3093 1137 3157 herbas

76 3182 163 3236 15611
179 3194 296 3255 semper
310 3177 417 3238 homini
430 3181 561 3257 parturit.
590 3175 666 3251 Quin
687 3188 717 3240 et
734 3198 848 3240 venena
861 3175 954 3240 nostri
968 3181 1138 3242 miseritam

118 3261 282 3322 instituisse
300 3261 380 3322 credi
393 3271 504 3341 potest,
521 3260 559 3324 ne
571 3265 600 3322 in
616 3264 713 3325 taedio
729 3265 808 3326 vitae
819 3263 922 3342 fames,
938 3281 1017 3326 mors
1031 3273 1150 3326 terrae·

116 3347 230 3407 meritis
247 3345 439 3424 alienissima,
462 3346 539 3407 lenta
555 3365 610 3408 nos
629 3357 816 3410 consumeret
838 3348 923 3426 tabe,
947 3367 986 3408 ne
1002 3347 1139 3412 lacerum

115 3447 223 3511 corpus
236 3430 357 3510 abrupta
368 3429 587 3510 dispergerent,
602 3451 641 3496 ne
656 3433 753 3512 laquei
766 3441 919 3512 torqueret
935 3451 1036 3512 poena
1050 3453 1139 3514 prae-

114 3523 238 3596 postera
251 3515 363 3578 incluso
380 3516 485 3597 spiritu
500 3517 546 3578 cui
560 3526 753 3598 quaereretur
765 3519 874 3598 exitus,
889 3537 926 3580 ne
942 3519 971 3578 in
983 3519 1140 3598 profundo
