2390 3938
154 223 215 290 194
504 239 535 289 e.
553 239 651 289 emm
663 241 818 312 ¹suencuam

150 395 186 456 ad
208 396 360 475 proximos
380 395 561 478 Aethiopas,
586 403 673 476 atque
696 396 745 457 ubi
774 397 875 457 iterum
900 399 994 460 sensit
1015 395 1145 473 hominen,

153 481 273 560 prosilit
288 480 386 560 fonte,
404 489 436 540 ut
450 479 610 542 verisimile
627 489 689 558 est,
705 479 757 541 illo
774 499 859 560 quem
873 479 997 560 Nigrum
1013 497 1143 542 vocavere.

101 571 137 626 53
151 563 222 627 Inde
239 564 367 626 Alrieain
385 565 420 626 ab
437 563 597 646 Aethiopia
613 565 804 645 dispesceus,
826 567 1020 636 etiamsinon
1036 567 1145 646 protinus

151 649 287 730 populis,
309 651 381 712 ieris
404 657 500 711 tamen
517 659 547 711 et
568 648 664 710 beluis
685 651 824 736 l'reque'ns
843 651 1040 729 silvarumque
1056 651 1145 729 opifer,

151 735 263 796 medios
280 733 443 813 Aethiopas
462 744 545 796 secat
561 735 948 816 cognominatusAstapus,
966 735 1044 814 quod
1057 733 1164 794 iliarum

151 817 281 898 gentium
296 809 395 898 lingua
417 817 561 898 significat
577 837 679 899 aquam
694 839 711 880 e
727 819 858 881 tenebris
876 819 1079 900 profluentem.
1115 816 1147 877 ln·

151 903 230 964 sulas
244 903 284 964 ita
308 903 472 964 innumeras
492 903 621 986 spargit,
649 903 853 985 quasdamque¹
868 913 924 964 tam
944 912 1046 984 vastae
1061 905 1146 980 magui·

151 987 276 1064 tudinis,
298 987 467 1068 quamquam
489 987 590 1068 rapida
609 987 780 1068 celeritate,
801 997 832 1048 ut
849 997 945 1049 tamen
960 988 1071 1049 dierum
1087 989 1147 1066 quin·

151 1091 208 1151 qne
229 1073 316 1133 cur'su
337 1089 396 1132 non
417 1069 555 1134 breviore
586 1072 730 1151 travdlet‚
757 1075 837 1134 circa
858 1073 1049 1134 clarissimam
1071 1089 1147 1133 eamn

149 1147 274 1220 Meroen
288 1153 455 1220 Astobo'res
471 1157 557 1219 laevo
581 1156 666 1218 al'veo
682 1157 793 1236 dictus,
817 1157 875 1218 boc
896 1163 943 1218 e'st
965 1175 1061 1218 ramus
1075 1173 1167 1232 aquam.

150 1241 296 1304 venientis
319 1241 500 1320 elenchus,
532 1239 635 1303 dantia
660 1259 734 1318 vero
755 1241 937 1321 A'stuaap'es‚
966 1239 1046 1320 quod
1065 1240 1146 1300 lateris

152 1321 397 1404 sig'niiicatioirein
414 1325 518 1403 adicit,
545 1343 601 1387 neo
623 1326 690 1388 ante
706 1319 789 1386 Nilus
811 1329 894 1405 quam
915 1328 948 1386 s'e
971 1333 1063 1398 totum
1083 1327 1146 1402 aquis
1186 1397 1187 1406 ἵ

99 1415 135 1470 54
151 1429 252 1471 rursus
268 1409 464 1470 concordibus
486 1404 588 1470 iunxit.
633 1412 677 1472 sic
697 1428 815 1490 qnoque
832 1412 986 1471 etiamnum
1003 1409 1078 1471 Giris
1097 1417 1146 1467 ante
1186 1443 1187 1448 κ

150 1495 313 1554 nominatus
333 1512 388 1572 per
409 1493 520 1575 aliquot
534 1493 629 1574 milia,
654 1501 683 1558 'et
704 1496 732 1556 in
755 1498 847 1554 toturn
862 1493 991 1556 llomero
1014 1495 1146 1573 Aegyptus
1186 1511 1187 1550 1

150 1579 275 1658 aliisque
299 1573 419 1656 Triton,
444 1578 567 1641 subinde
590 1577 693 1641 insulis
714 1579 866 1661 inpactus,
892 1578 1015 1644 totidem
1032 1579 1187 1638 imitatusu

149 1657 358 1742 inritamentis,
385 1671 535 1744 postremo
559 1661 690 1742 inclusus,
703 1661 875 1758 montibus³¹
893 1683 948 1724 nec
969 1663 1085 1726 aliunde
1103 1669 1146 1720 tor-

151 1749 263 1811 rentior
272 1792 283 1827 ,
299 1750 404 1809 vectus
420 1749 507 1828 aquis*
518 1745 746 1828 properantibus
764 1747 799 1809 ad
813 1747 910 1810 locum
926 1747 1101 1828 Aethiopum
1113 1747 1145 1824 qui

152 1831 294 1918 Catadupi
311 1831 626 1914 vocaninr'nouissimo
642 1835 802 1894 catarracte
814 1831 891 1894 irite‘r
906 1833 1085 1894 occursantis
1100 1848 1145 1890 sco-

150 1917 236 1997 pulos
252 1936 311 1978 non
332 1913 424 1980 llu'er'e
438 1919 572 1979 inmenso
594 1917 714 1996 fragore
730 1919 845 1998 quaerit
861 1917 914 1980 sed
936 1937 1037 1982 ruere.
1062 1923 1145 1995 postea
1185 1963 1186 1978 i

149 2001 225 2062 lenis
258 2011 289 2062 et
315 2001 473 2063 confractis
508 2003 590 2082 aquis
620 2002 785 2082 domitaque
814 2001 972 2080 violentia,
1002 1999 1102 2080 aliquid
1125 2005 1167 2058 eir·

151 2086 247 2165 spatio
270 2085 385 2163 fessus,
410 2084 508 2146 multis
532 2085 661 2165 quamvis
683 2083 815 2148 faucibus
838 2083 868 2147 in
889 2085 1069 2166 Aegyptium
1087 2101 1144 2144 mare

151 2187 184 2229 se
201 2177 334 2244 evomat,
354 2167 444 2230 certis
460 2169 555 2230 tamen
577 2169 681 2232 diebus
700 2179 785 2231 auctu
801 2167 905 2249 magno
917 2189 976 2251 ,per
996 2177 1083 2230 totam
1098 2185 1143 2246 spa·

97 2260 132 2312 55
151 2255 238 2314 tiatus
260 2253 428 2332 Aegyptum
450 2253 590 2316 fecundus
611 2256 721 2316 innatat
743 2261 850 2316 terrae.
887 2239 997 2315 Causas
1019 2249 1100 2315 'huius
1116 2254 1144 2310 iu·
1184 2301 1185 2310 ,

149 2338 291 2399 crementi
311 2339 407 2400 varias
425 2335 598 2417 prodidere,
615 2337 668 2400 sed
683 2339 806 2400 maxime
822 2337 993 2418 probabiles
1012 2337 1145 2399 etesiarum

150 2439 187 2482 eo
207 2429 341 2503 tempore
361 2441 399 2483 ex
423 2419 547 2482 adverso
570 2421 696 2483 flantium
722 2425 927 2501 'repercussum
952 2422 1028 2483 ultra
1056 2423 1082 2482 in
1105 2431 1165 2480 oran

149 2513 214 2568 acto
245 2507 333 2586 mari,
360 2516 409 2567 ant
436 2506 544 2567 imbres
572 2505 751 2586 Aethiopiae
775 2502 904 2571 aestivos
931 2505 1037 2591 iisdem
1063 2505 1144 2566 etesiis
1183 2567 1184 2590 p

148 2591 246 2652 nubila
264 2591 316 2652 illo
332 2591 496 2652 latentibus
514 2609 530 2651 e
550 2585 667 2670 'reliquo
683 2583 767 2652 orbe.
797 2589 929 2651 Timaeus
947 2591 1144 2653 mathematicus

149 2675 289 2737 occultam
309 2673 431 2756 protulit
456 2671 615 2752 rationem,
639 2668 767 2736 Phialam
779 2671 925 2755 'appellari
951 2672 1063 2737 iontem
1080 2676 1137 2748 eins,

147 2762 299 2840 mergique
319 2759 350 2836 in
364 2759 513 2840 cuniculos
533 2757 627 2840 ipsum
647 2776 759 2821 amnem
780 2759 890 2840 'vapore
910 2757 1091 2822 anhelantem
1110 2759 1139 2819 lu·

147 2845 231 2906 midis
247 2845 378 2906 cautibus
392 2842 442 2905 lubi
459 2832 602 2906 conditur.
624 2862 725 2930 verum
741 2843 806 2906 sole
822 2862 876 2924 per
892 2843 945 2906 eos
961 2828 1027 2930 dies
1043 2839 1154 2910 commi-u

148 2947 201 2990 nus
223 2929 302 2990 facto
324 2931 436 2990 extrahi
460 2925 572 2990 ardoris
594 2929 622 2988 vi
645 2937 674 2990 et
695 2947 868 3009 suspensum
891 2926 1040 3006 abundare
1066 2948 1097 2990 ac
1116 2944 1141 2986 ne

93 3018 131 3072 nb
148 3012 307 3074 devoretur
328 3013 476 3075 abscondi.
510 3010 540 3073 id
568 3007 688 3075 evenire
708 3032 725 3074 a
747 3015 825 3076 canis
846 3009 915 3074 ortu
931 3033 988 3094 per
1009 3015 1140 3078 introilum

148 3097 221 3158 solis
239 3101 269 3158 in
288 3098 422 3182 leonem,
445 3093 545 3175 centra
567 3092 805 3179 perpendicnlum
826 3097 916 3161 fontis
938 3099 1039 3162 sidere
1055 3105 1142 3168 stante,

147 3197 211 3242 curn
234 3183 264 3242 in
284 3200 321 3243 eo
340 3190 433 3243 tractu
456 3180 640 3260 absumantur
662 3180 798 3266 umbrae,
825 3181 976 3264 plerisque
1002 3185 1142 3245 ediverso

149 3267 274 3346 opinatis
294 3265 453 3344 largiorem
473 3261 564 3329 fluere
590 3267 624 3328 ad
639 3269 865 3348 'septentriones
883 3269 947 3330 sole
972 3267 1165 3338 discedentes·

148 3351 227 3429 qnod
240 3353 269 3410 in
284 3367 390 3412 cancro
408 3360 438 3410 et
452 3351 538 3412 leone
557 3353 672 3430 evenit,
691 3352 819 3432 ideoque
839 3361 907 3413 tunc
928 3355 1024 3414 minus
1047 3352 1143 3414 siccari.

148 3452 250 3494 rursus
267 3435 297 3493 in
312 3436 511 3515 capricornum
527 3445 557 3496 et
571 3438 729 3498 austrinum
743 3436 841 3516 polum
857 3455 980 3498 reverso
996 3438 1109 3500 sorberi
1123 3441 1143 3492 ei

148 3517 187 3578 ob
204 3516 232 3577 id
248 3519 362 3595 parcius
378 3515 480 3582 fluere.
519 3520 571 3581 sed
586 3520 704 3582 Timaeo
726 3522 750 3582 si
771 3523 835 3600 quis
852 3521 964 3582 extrahi
991 3539 1082 3602 posse
1097 3536 1144 3580 cre·
