2340 3934
157 139 200 203 96
504 141 532 194 C.
551 139 652 194 PLINI
671 138 828 194 SECUNDI

157 293 193 352 ad
217 291 484 371 quadragesimum.
525 292 632 350 vixisse
657 307 768 368 equum
791 302 889 350 nxxv
912 305 1004 350 annos
1026 290 1144 369 proditur.

106 384 196 444 losin
220 381 276 442 hoc
299 399 409 462 genere
433 378 551 459 gravida
574 386 656 439 stans
678 381 769 460 parit,
792 386 972 458 praeterque
994 386 1096 440 ceteras
1115 379 1143 438 le·

158 480 222 531 tum
245 471 349 549 diligit.
386 478 417 530 et
439 487 509 530 sane
533 470 619 547 equis
643 470 752 528 amoris
775 470 890 528 innasci
912 469 1080 530 veneficium
1098 467 1145 546 lip-

157 578 299 640 pomanes
323 559 501 639 appellatum
522 560 555 618 in
573 559 682 638 fronte,
705 559 819 617 caricae
840 557 1050 638 magnitudine,
1070 557 1144 616 colore

158 651 257 729 nigro,
289 648 368 728 qnod
397 649 498 708 statim
525 646 605 707 edito
632 654 721 726 partu
744 645 953 708 devorat-leta
980 657 1030 708 aut
1055 655 1157 726 parturn

158 738 309 804 adubera
333 757 393 797 non
416 737 552 797 admittit.
583 739 609 796 si
630 738 698 816 quis
718 745 910 816 praereptum
928 735 1042 818 habeat,
1063 736 1146 796 ollartu

158 830 189 887 in
212 826 326 886 rabiem
353 826 383 886 id
407 845 502 905 genus
530 827 636 905 agitur.
682 828 789 886 amissa
811 834 934 904 parente
961 828 995 886 in
1018 844 1098 905 grege
1116 844 1147 884 ar·

157 918 252 976 menti
274 915 404 994 reliquae
425 917 501 976 letae
526 915 654 976 educant
673 914 789 976 orbum.
819 923 931 975 terram
954 918 1093 994 attingere
1112 933 1147 973 oro

158 1005 257 1065 triduo
281 1007 416 1084 proximo
440 1024 528 1084 quarn
552 1007 590 1064 sit
613 1007 732 1082 genitus
755 1012 864 1082 negant
885 1023 984 1084 posse.
1027 1023 1081 1084 quo
1100 1005 1149 1082 qun

158 1096 255 1154 acrior
282 1096 313 1154 in
341 1093 469 1154 bibendo
497 1112 532 1154 eo
559 1094 737 1172 profundius
767 1111 855 1153 nares
881 1095 1000 1172 mergit.
1050 1094 1148 1172 Scythae

157 1201 212 1262 per
235 1182 312 1243 bella
334 1184 461 1243 leminis·
475 1184 520 1243 uti
543 1182 669 1263 malunt,
698 1185 838 1261 quoniam
861 1185 977 1244 urinam
1003 1201 1088 1244 cursu
1107 1201 1149 1242 rron

158 1272 291 1351 inpedito
313 1271 447 1332 reddant.

106 1373 158 1421 1oo
226 1355 300 1443 (67)
341 1360 462 1422 Constat
488 1363 519 1421 in
542 1360 693 1421 Lusitania
722 1363 801 1422 circa
825 1359 1010 1440 Olisiponem
1037 1360 1150 1440 oppidnn

159 1459 188 1510 et
212 1450 324 1530 Tagum
347 1469 464 1510 amnem
487 1467 579 1528 equas
602 1451 718 1510 favonio
741 1450 830 1510 llante
857 1450 999 1511 obversas
1023 1449 1151 1511 animalen

159 1542 316 1619 concipere
345 1539 496 1621 spiritum,
525 1539 614 1618 idque
638 1547 758 1619 parturn
781 1539 845 1599 fieri
873 1547 902 1600 et
926 1541 1011 1619 gigni
1034 1541 1150 1620 pernicis·

159 1631 268 1689 simum
290 1631 344 1710 ila,
374 1629 426 1688 sed
449 1631 612 1689 triennium
635 1631 711 1690 vitae
735 1647 795 1689 non
819 1629 971 1689 excedere.
1021 1632 1052 1690 in
1073 1627 1151 1689 eaden

158 1717 299 1797 Hispania
317 1717 443 1778 Gallaica
466 1737 539 1796 gens
563 1725 609 1778 est
632 1727 662 1778 ct
681 1719 825 1779 Asturica.
863 1721 964 1798 equini
989 1721 1102 1798 generis
1120 1717 1157 1804 hi,

159 1815 229 1868 sunl
262 1825 336 1886 quos
373 1807 511 1868 celdones
544 1825 698 1887 vocamus,
735 1809 849 1867 minore
882 1809 977 1868 forma
1017 1808 1152 1889 appellatus

159 1904 333 1957 asturcones
356 1899 496 1976 gignunt3
520 1895 628 1975 quibus
651 1915 712 1956 non
735 1895 864 1976 vulgaris
887 1900 918 1957 in
942 1915 1037 1958 cursu
1059 1897 1151 1976 gradus,

159 1987 211 2047 sed
230 1986 326 2046 mollis
345 1987 459 2047 alterno
479 2004 602 2046 crurum
621 1985 768 2065 explicatu
787 1986 969 2067 glomeratio,
992 1987 1071 2048 unde
1089 1987 1156 2064 equo

159 2076 276 2136 tolutim
299 2095 405 2155 capere
428 2079 584 2136 incursum
606 2075 735 2136 traditur
758 2082 830 2136 arte.
1155 2105 1156 2168 p

225 2163 310 2242 Equo
334 2166 396 2225 lere
421 2166 472 2244 qui
496 2164 609 2224 homini
631 2164 742 2246 morbi,
765 2173 942 2244 praeterque
966 2168 1081 2226 vesicae
1102 2171 1156 2266 corp

159 2255 269 2334 versio,
293 2255 370 2314 sicut
392 2253 531 2315 omnibus
554 2255 585 2314 in
608 2272 717 2332 genere
741 2256 883 2315 veterino.

107 2351 157 2400 lot
227 2336 286 2404 43.
317 2336 391 2425 (68)
415 2344 561 2404 ¹Asinum
587 2341 677 2408 6660*
704 2361 859 2404 nummum
887 2351 1023 2424 emptum
1046 2345 1077 2415 Q.
1099 2343 1152 2401 ln·

160 2433 290 2492 senatori
313 2440 417 2493 auctor
440 2441 486 2494 est
509 2432 545 2492 M.
561 2431 780 2512 Varro,·haud
805 2434 866 2493 scio
890 2451 926 2492 an
950 2435 1084 2494 omnium
1104 2449 1152 2510 pro·

159 2523 200 2580 tio
230 2521 400 2582 animalium
427 2525 514 2583 victo.
565 2540 655 2601 opera
686 2523 750 2582 sine
778 2520 868 2582 dubio
896 2525 1001 2602 generi
1029 2521 1153 2596 munilira

159 2611 267 2672 arando
290 2629 422 2691 qnoque,
446 2611 498 2672 sed
522 2610 669 2671 mularum
692 2612 817 2671 maxime
836 2613 1091 2691 progeneratione.
1118 2627 1152 2687 pa·

159 2702 215 2760 tria
239 2703 327 2762 etiam
350 2708 502 2780 spectatur
524 2702 555 2760 in
578 2700 638 2781 his,
661 2699 812 2760 Arcadicis
835 2703 866 2760 in
889 2700 1012 2781 Achaia,
1040 2704 1070 2760 in
1091 2697 1152 2758 ludia

159 2789 298 2850 Reatinis.
345 2791 443 2869 ipsum
471 2789 577 2850 animal
605 2790 725 2869 lrigoris
752 2792 877 2850 maxime
904 2791 1062 2868 inpatiens.
1103 2785 1152 2847 ide·

159 2895 218 2936 non
242 2886 401 2955 generatur
425 2881 455 2938 in
479 2879 586 2960 Ponto,
613 2897 668 2939 nec
692 2881 878 2958 aequinoctio
903 2897 995 2938 verno
1019 2887 1052 2939 ut
1075 2885 1152 2937 cetera

230 3138 443 3193 3elnasci1ld.
505 3140 648 3195 dolfactu
665 3157 690 3194 o.
718 3141 791 3193 -dum
810 3141 837 3196 ll.
899 3146 932 3193 10
952 3155 985 3195 eo
1005 3156 1060 3212 epo.
1078 3137 1145 3194 opud

161 3212 164 3283 l
214 3209 358 3294 rolendius
376 3215 407 3266 R.
436 3211 832 3294 csr.Sole'n.45‚18.'om.r.
906 3218 939 3294 17
959 3210 1086 3266 Gellnice
1101 3209 1152 3264 Dal.

157 3281 826 3423 {P‘pompnfirlgplipaspcpsgffigplulpppopla,
850 3283 1027 3409 gulfilas&
1041 3285 1152 3408 laolnldllll

158 3439 213 3492 epo.
240 3424 271 3477 hi
295 3426 322 3478 ll.
421 3429 454 3476 18
482 3423 612 3478 eeldones
640 3426 681 3479 1².
715 3425 818 3480 thield-
842 3429 890 3480 dr.
921 3425 1003 3480 tield-
1022 3443 1046 3482 r.
1126 3427 1147 3474 ii

159 3509 272 3562 camere
292 3495 329 3549 α’.
353 3499 357 3566 Ι
380 3495 522 3550 meursum
540 3513 564 3547 e.
593 3514 639 3549 —su
655 3514 678 3550 r.
707 3515 745 3552 an
763 3513 824 3552 vero
842 3496 956 3552 tolutim
973 3495 1149 3552 incederent

159 3564 263 3617 cursu?
293 3569 297 3633 l
326 3566 446 3619 traditur
468 3569 492 3618 d.
520 3567 563 3618 -lt'a
581 3583 604 3619 r.
696 3574 730 3622 26
754 3568 885 3623 munifice
907 3567 983 3624 1²2².
1011 3567 1091 3623 miril-
1109 3567 1149 3616 Ν

159 3634 253 3686 murif-
273 3652 295 3688 r.
1150 3661 1151 3718 p
