<?xml version="1.0" encoding="UTF-8"?>
<!DOCTYPE html PUBLIC "-//W3C//DTD XHTML 1.0 Transitional//EN"
    "http://www.w3.org/TR/xhtml1/DTD/xhtml1-transitional.dtd">
<html xmlns="http://www.w3.org/1999/xhtml" xml:lang="en" lang="en">
 <head>
  <title>
</title>
<meta http-equiv="Content-Type" content="text/html;charset=utf-8" />
  <meta name='ocr-system' content='tesseract 3.04.00' />
  <meta name='ocr-capabilities' content='ocr_page ocr_carea ocr_par ocr_line ocrx_word'/>
</head>
<body>
  <div class='ocr_page' id='page_1' title='image "./naturalishistor02plingoog_0183.png"; bbox 0 0 2308 3936; ppageno 0'>
   <div class='ocr_carea' id='block_1_1' title="bbox 206 177 1025 265">
    <p class='ocr_par' dir='ltr' id='par_1_1' title="bbox 206 177 1025 265">
     <span class='ocr_line' id='line_1_1' title="bbox 206 177 1025 265; baseline 0.001 -21"><span class='ocrx_word' id='word_1_1' title='bbox 206 195 394 244; x_wconf 68' lang='grc'><strong>11111111.</strong></span> <span class='ocrx_word' id='word_1_2' title='bbox 412 195 449 242; x_wconf 90' lang='lat'><strong>11.</strong></span> <span class='ocrx_word' id='word_1_3' title='bbox 466 190 587 246; x_wconf 82' lang='grc'><strong>67-19.</strong></span> <span class='ocrx_word' id='word_1_4' title='bbox 606 177 757 265; x_wconf 80' lang='lat' dir='ltr'><strong>(et—69.)</strong></span> <span class='ocrx_word' id='word_1_5' title='bbox 965 181 1025 245; x_wconf 86' lang='lat'><strong>103</strong></span> 
     </span>
    </p>
   </div>
   <div class='ocr_carea' id='block_1_2' title="bbox 14 348 1152 3484">
    <p class='ocr_par' dir='ltr' id='par_1_2' title="bbox 14 348 1152 2974">
     <span class='ocr_line' id='line_1_2' title="bbox 41 348 1025 434; baseline -0.003 -21"><span class='ocrx_word' id='word_1_6' title='bbox 41 353 158 434; x_wconf 88' lang='lat' dir='ltr'><strong>premitur</strong></span> <span class='ocrx_word' id='word_1_7' title='bbox 165 368 250 411; x_wconf 87' lang='lat' dir='ltr'><strong>omne</strong></span> <span class='ocrx_word' id='word_1_8' title='bbox 262 350 399 430; x_wconf 89' lang='lat' dir='ltr'><strong>quicquid</strong></span> <span class='ocrx_word' id='word_1_9' title='bbox 412 359 457 410; x_wconf 90' lang='grc'><strong>111</strong></span> <span class='ocrx_word' id='word_1_10' title='bbox 466 349 626 411; x_wconf 86' lang='lat' dir='ltr'><strong>subiectum</strong></span> <span class='ocrx_word' id='word_1_11' title='bbox 638 348 749 410; x_wconf 91' lang='lat' dir='ltr'><strong>dnahus</strong></span> <span class='ocrx_word' id='word_1_12' title='bbox 770 349 908 410; x_wconf 72' lang='lat' dir='ltr'><strong>extremis</strong></span> <span class='ocrx_word' id='word_1_13' title='bbox 928 351 1025 410; x_wconf 87' lang='lat' dir='ltr'><strong>utrim-</strong></span> 
     </span>
     <span class='ocr_line' id='line_1_3' title="bbox 41 434 1025 518; baseline -0.001 -21"><span class='ocrx_word' id='word_1_14' title='bbox 41 457 84 518; x_wconf 88' lang='lat' dir='ltr'><strong>qne</strong></span> <span class='ocrx_word' id='word_1_15' title='bbox 101 437 172 497; x_wconf 87' lang='lat' dir='ltr'><strong>circa</strong></span> <span class='ocrx_word' id='word_1_16' title='bbox 185 436 326 510; x_wconf 79' lang='lat' dir='ltr'><strong>vertices,</strong></span> <span class='ocrx_word' id='word_1_17' title='bbox 343 434 484 514; x_wconf 91' lang='lat' dir='ltr'><strong>huncqui</strong></span> <span class='ocrx_word' id='word_1_18' title='bbox 498 435 622 494; x_wconf 92' lang='lat' dir='ltr'><strong>trionum</strong></span> <span class='ocrx_word' id='word_1_19' title='bbox 638 443 752 514; x_wconf 81' lang='lat' dir='ltr'><strong>septem</strong></span> <span class='ocrx_word' id='word_1_20' title='bbox 767 443 889 494; x_wconf 86' lang='lat' dir='ltr'><strong>vocatur</strong></span> <span class='ocrx_word' id='word_1_21' title='bbox 901 452 1025 516; x_wconf 88' lang='lat' dir='ltr'><strong>eumque</strong></span> 
     </span>
     <span class='ocr_line' id='line_1_4' title="bbox 41 518 1025 602; baseline -0.003 -21"><span class='ocrx_word' id='word_1_22' title='bbox 41 524 76 602; x_wconf 88' lang='lat' dir='ltr'><strong>qni</strong></span> <span class='ocrx_word' id='word_1_23' title='bbox 88 521 222 582; x_wconf 86' lang='lat' dir='ltr'><strong>adversus</strong></span> <span class='ocrx_word' id='word_1_24' title='bbox 234 519 276 581; x_wconf 92' lang='lat' dir='ltr'><strong>illi</strong></span> <span class='ocrx_word' id='word_1_25' title='bbox 291 519 433 582; x_wconf 86' lang='lat' dir='ltr'><strong>austrinus</strong></span> <span class='ocrx_word' id='word_1_26' title='bbox 447 518 621 598; x_wconf 87' lang='lat' dir='ltr'><strong>appellatur.</strong></span> <span class='ocrx_word' id='word_1_27' title='bbox 649 527 793 598; x_wconf 88' lang='lat' dir='ltr'><strong>perpetua</strong></span> <span class='ocrx_word' id='word_1_28' title='bbox 808 518 903 597; x_wconf 89' lang='lat' dir='ltr'><strong>caligo</strong></span> <span class='ocrx_word' id='word_1_29' title='bbox 916 519 1025 580; x_wconf 90' lang='lat' dir='ltr'><strong>utrobi·</strong></span> 
     </span>
     <span class='ocr_line' id='line_1_5' title="bbox 41 602 1026 688; baseline -0.002 -22"><span class='ocrx_word' id='word_1_30' title='bbox 41 610 123 688; x_wconf 87' lang='lat' dir='ltr'><strong>quaet</strong></span> <span class='ocrx_word' id='word_1_31' title='bbox 137 605 232 666; x_wconf 88' lang='lat' dir='ltr'><strong>alieno</strong></span> <span class='ocrx_word' id='word_1_32' title='bbox 251 602 414 666; x_wconf 88' lang='lat' dir='ltr'><strong>molliorum</strong></span> <span class='ocrx_word' id='word_1_33' title='bbox 431 603 558 664; x_wconf 90' lang='lat' dir='ltr'><strong>siderum</strong></span> <span class='ocrx_word' id='word_1_34' title='bbox 573 603 716 682; x_wconf 88' lang='lat' dir='ltr'><strong>adspectu</strong></span> <span class='ocrx_word' id='word_1_35' title='bbox 730 602 855 681; x_wconf 89' lang='lat' dir='ltr'><strong>maligna</strong></span> <span class='ocrx_word' id='word_1_36' title='bbox 870 621 905 664; x_wconf 86' lang='lat' dir='ltr'><strong>aa</strong></span> <span class='ocrx_word' id='word_1_37' title='bbox 923 605 1026 682; x_wconf 89' lang='lat' dir='ltr'><strong>pruina</strong></span> 
     </span>
     <span class='ocr_line' id='line_1_6' title="bbox 25 686 1026 769; baseline 0 -21"><span class='ocrx_word' id='word_1_38' title='bbox 25 700 125 752; x_wconf 83' lang='grc'><strong>11111111</strong></span> <span class='ocrx_word' id='word_1_39' title='bbox 142 689 273 751; x_wconf 82' lang='lat' dir='ltr'><strong>albicans</strong></span> <span class='ocrx_word' id='word_1_40' title='bbox 290 687 348 749; x_wconf 84' lang='lat' dir='ltr'><strong>lux.</strong></span> <span class='ocrx_word' id='word_1_41' title='bbox 372 705 446 750; x_wconf 79' lang='lat' dir='ltr'><strong>vero</strong></span> <span class='ocrx_word' id='word_1_42' title='bbox 467 686 561 769; x_wconf 85' lang='lat' dir='ltr'><strong>media</strong></span> <span class='ocrx_word' id='word_1_43' title='bbox 587 697 744 766; x_wconf 89' lang='lat' dir='ltr'><strong>terrarum,</strong></span> <span class='ocrx_word' id='word_1_44' title='bbox 771 705 827 768; x_wconf 92' lang='lat' dir='ltr'><strong>qna</strong></span> <span class='ocrx_word' id='word_1_45' title='bbox 845 687 916 748; x_wconf 88' lang='lat' dir='ltr'><strong>solis</strong></span> <span class='ocrx_word' id='word_1_46' title='bbox 932 689 1026 748; x_wconf 88' lang='lat' dir='ltr'><strong>orbita</strong></span> 
     </span>
     <span class='ocr_line' id='line_1_7' title="bbox 41 772 1025 852; baseline -0.006 -16"><span class='ocrx_word' id='word_1_47' title='bbox 41 786 86 851; x_wconf 86' lang='lat' dir='ltr'><strong>est,</strong></span> <span class='ocrx_word' id='word_1_48' title='bbox 107 783 208 836; x_wconf 86' lang='lat' dir='ltr'><strong>exusta</strong></span> <span class='ocrx_word' id='word_1_49' title='bbox 230 772 351 834; x_wconf 86' lang='lat' dir='ltr'><strong>flammis</strong></span> <span class='ocrx_word' id='word_1_50' title='bbox 374 781 404 834; x_wconf 90' lang='lat' dir='ltr'><strong>et</strong></span> <span class='ocrx_word' id='word_1_51' title='bbox 427 782 553 834; x_wconf 90' lang='lat' dir='ltr'><strong>cremata</strong></span> <span class='ocrx_word' id='word_1_52' title='bbox 568 773 727 833; x_wconf 88' lang='lat' dir='ltr'><strong>comminus</strong></span> <span class='ocrx_word' id='word_1_53' title='bbox 740 789 853 852; x_wconf 86' lang='lat' dir='ltr'><strong>vapore</strong></span> <span class='ocrx_word' id='word_1_54' title='bbox 868 780 1025 834; x_wconf 90' lang='lat' dir='ltr'><strong>torrentur.</strong></span> 
     </span>
     <span class='ocr_line' id='line_1_8' title="bbox 41 857 1026 936; baseline -0.002 -17"><span class='ocrx_word' id='word_1_55' title='bbox 41 863 100 920; x_wconf 90' lang='lat' dir='ltr'><strong>eirca</strong></span> <span class='ocrx_word' id='word_1_56' title='bbox 112 860 184 920; x_wconf 89' lang='lat' dir='ltr'><strong>duae</strong></span> <span class='ocrx_word' id='word_1_57' title='bbox 199 867 307 920; x_wconf 91' lang='lat' dir='ltr'><strong>tantum</strong></span> <span class='ocrx_word' id='word_1_58' title='bbox 318 858 393 919; x_wconf 91' lang='lat' dir='ltr'><strong>inter</strong></span> <span class='ocrx_word' id='word_1_59' title='bbox 412 865 542 920; x_wconf 83' lang='lat' dir='ltr'><strong>exustam</strong></span> <span class='ocrx_word' id='word_1_60' title='bbox 555 865 584 918; x_wconf 89' lang='lat' dir='ltr'><strong>et</strong></span> <span class='ocrx_word' id='word_1_61' title='bbox 596 857 717 934; x_wconf 87' lang='lat' dir='ltr'><strong>rigentis</strong></span> <span class='ocrx_word' id='word_1_62' title='bbox 732 865 941 936; x_wconf 88' lang='lat' dir='ltr'><strong>temperantur,</strong></span> <span class='ocrx_word' id='word_1_63' title='bbox 959 875 1026 920; x_wconf 88' lang='lat' dir='ltr'><strong>eae·</strong></span> 
     </span>
     <span class='ocr_line' id='line_1_9' title="bbox 39 941 1024 1024; baseline -0.005 -20"><span class='ocrx_word' id='word_1_64' title='bbox 39 963 81 1024; x_wconf 89' lang='lat' dir='ltr'><strong>qne</strong></span> <span class='ocrx_word' id='word_1_65' title='bbox 99 945 179 1021; x_wconf 86' lang='lat' dir='ltr'><strong>ipsae</strong></span> <span class='ocrx_word' id='word_1_66' title='bbox 197 943 274 1003; x_wconf 91' lang='lat' dir='ltr'><strong>inter</strong></span> <span class='ocrx_word' id='word_1_67' title='bbox 296 960 329 1003; x_wconf 92' lang='lat' dir='ltr'><strong>se</strong></span> <span class='ocrx_word' id='word_1_68' title='bbox 353 959 411 1004; x_wconf 93' lang='lat' dir='ltr'><strong>non</strong></span> <span class='ocrx_word' id='word_1_69' title='bbox 433 943 553 1022; x_wconf 86' lang='lat' dir='ltr'><strong>perviae</strong></span> <span class='ocrx_word' id='word_1_70' title='bbox 577 950 702 1022; x_wconf 89' lang='lat' dir='ltr'><strong>propter</strong></span> <span class='ocrx_word' id='word_1_71' title='bbox 724 941 889 1002; x_wconf 80' lang='lat' dir='ltr'><strong>incendium</strong></span> <span class='ocrx_word' id='word_1_72' title='bbox 910 941 1024 1003; x_wconf 86' lang='lat' dir='ltr'><strong>sideris.</strong></span> 
     </span>
     <span class='ocr_line' id='line_1_10' title="bbox 39 1027 1073 1106; baseline 0 -18"><span class='ocrx_word' id='word_1_73' title='bbox 39 1030 71 1090; x_wconf 88' lang='lat' dir='ltr'><strong>ita</strong></span> <span class='ocrx_word' id='word_1_74' title='bbox 77 1039 167 1090; x_wconf 88' lang='lat' dir='ltr'><strong>terrae</strong></span> <span class='ocrx_word' id='word_1_75' title='bbox 178 1037 242 1088; x_wconf 88' lang='lat' dir='ltr'><strong>tres</strong></span> <span class='ocrx_word' id='word_1_76' title='bbox 255 1035 353 1106; x_wconf 86' lang='lat' dir='ltr'><strong>partes</strong></span> <span class='ocrx_word' id='word_1_77' title='bbox 361 1027 478 1088; x_wconf 86' lang='lat' dir='ltr'><strong>abstulit</strong></span> <span class='ocrx_word' id='word_1_78' title='bbox 489 1027 611 1103; x_wconf 88' lang='lat' dir='ltr'><strong>caelum,</strong></span> <span class='ocrx_word' id='word_1_79' title='bbox 629 1027 732 1087; x_wconf 85' lang='lat' dir='ltr'><strong>oceani</strong></span> <span class='ocrx_word' id='word_1_80' title='bbox 743 1027 843 1106; x_wconf 85' lang='lat' dir='ltr'><strong>rapina</strong></span> <span class='ocrx_word' id='word_1_81' title='bbox 855 1027 884 1086; x_wconf 91' lang='lat' dir='ltr'><strong>in</strong></span> <span class='ocrx_word' id='word_1_82' title='bbox 895 1027 1007 1088; x_wconf 84' lang='lat' dir='ltr'><strong>incerto</strong></span> <span class='ocrx_word' id='word_1_83' title='bbox 1019 1032 1073 1090; x_wconf 81' lang='grc'><strong>173</strong></span> 
     </span>
     <span class='ocr_line' id='line_1_11' title="bbox 16 1109 1028 1192; baseline 0 -22"><span class='ocrx_word' id='word_1_84' title='bbox 16 1122 80 1186; x_wconf 88' lang='grc'><strong>11111,</strong></span> <span class='ocrx_word' id='word_1_85' title='bbox 104 1112 155 1174; x_wconf 89' lang='lat' dir='ltr'><strong>sed</strong></span> <span class='ocrx_word' id='word_1_86' title='bbox 180 1121 210 1174; x_wconf 89' lang='lat' dir='ltr'><strong>et</strong></span> <span class='ocrx_word' id='word_1_87' title='bbox 233 1112 338 1173; x_wconf 88' lang='lat' dir='ltr'><strong>relicta</strong></span> <span class='ocrx_word' id='word_1_88' title='bbox 358 1111 443 1173; x_wconf 92' lang='lat' dir='ltr'><strong>nohis</strong></span> <span class='ocrx_word' id='word_1_89' title='bbox 464 1131 520 1174; x_wconf 91' lang='lat' dir='ltr'><strong>una</strong></span> <span class='ocrx_word' id='word_1_90' title='bbox 541 1111 638 1192; x_wconf 89' lang='lat' dir='ltr'><strong>portio</strong></span> <span class='ocrx_word' id='word_1_91' title='bbox 660 1109 736 1172; x_wconf 87' lang='lat' dir='ltr'><strong>hand</strong></span> <span class='ocrx_word' id='word_1_92' title='bbox 761 1111 823 1171; x_wconf 90' lang='lat' dir='ltr'><strong>scio</strong></span> <span class='ocrx_word' id='word_1_93' title='bbox 846 1129 882 1172; x_wconf 92' lang='lat' dir='ltr'><strong>an</strong></span> <span class='ocrx_word' id='word_1_94' title='bbox 898 1112 983 1172; x_wconf 90' lang='lat' dir='ltr'><strong>etiarn</strong></span> <span class='ocrx_word' id='word_1_95' title='bbox 998 1112 1028 1170; x_wconf 93' lang='lat' dir='ltr'><strong>in</strong></span> 
     </span>
     <span class='ocr_line' id='line_1_12' title="bbox 38 1195 1026 1278; baseline -0.002 -20"><span class='ocrx_word' id='word_1_96' title='bbox 38 1200 129 1258; x_wconf 90' lang='lat' dir='ltr'><strong>maiore</strong></span> <span class='ocrx_word' id='word_1_97' title='bbox 144 1197 249 1258; x_wconf 91' lang='lat' dir='ltr'><strong>damno</strong></span> <span class='ocrx_word' id='word_1_98' title='bbox 266 1197 311 1272; x_wconf 82' lang='lat' dir='ltr'><strong>sit,</strong></span> <span class='ocrx_word' id='word_1_99' title='bbox 341 1197 419 1259; x_wconf 89' lang='lat' dir='ltr'><strong>idem</strong></span> <span class='ocrx_word' id='word_1_100' title='bbox 437 1195 579 1278; x_wconf 91' lang='lat' dir='ltr'><strong>siquidem</strong></span> <span class='ocrx_word' id='word_1_101' title='bbox 596 1213 726 1257; x_wconf 87' lang='lat' dir='ltr'><strong>oceanus</strong></span> <span class='ocrx_word' id='word_1_102' title='bbox 740 1195 850 1256; x_wconf 87' lang='lat' dir='ltr'><strong>inlusus</strong></span> <span class='ocrx_word' id='word_1_103' title='bbox 865 1197 894 1256; x_wconf 91' lang='lat' dir='ltr'><strong>in</strong></span> <span class='ocrx_word' id='word_1_104' title='bbox 911 1196 1026 1270; x_wconf 85' lang='lat' dir='ltr'><strong>multos,</strong></span> 
     </span>
     <span class='ocr_line' id='line_1_13' title="bbox 38 1275 1071 1364; baseline -0.002 -22"><span class='ocrx_word' id='word_1_105' title='bbox 38 1283 191 1354; x_wconf 84' lang='lat' dir='ltr'><strong>ntdicemue,</strong></span> <span class='ocrx_word' id='word_1_106' title='bbox 204 1285 303 1344; x_wconf 84' lang='lat' dir='ltr'><strong>sinuas</strong></span> <span class='ocrx_word' id='word_1_107' title='bbox 316 1282 390 1345; x_wconf 89' lang='lat' dir='ltr'><strong>adeo</strong></span> <span class='ocrx_word' id='word_1_108' title='bbox 402 1283 632 1345; x_wconf 87' lang='lat' dir='ltr'><strong>vieinoaccesso</strong></span> <span class='ocrx_word' id='word_1_109' title='bbox 646 1281 758 1342; x_wconf 90' lang='lat' dir='ltr'><strong>interna</strong></span> <span class='ocrx_word' id='word_1_110' title='bbox 773 1279 862 1342; x_wconf 89' lang='lat' dir='ltr'><strong>maria</strong></span> <span class='ocrx_word' id='word_1_111' title='bbox 877 1279 998 1341; x_wconf 73' lang='lat' dir='ltr'><strong>adlatret</strong></span> <span class='ocrx_word' id='word_1_112' title='bbox 1013 1275 1071 1364; x_wconf 49' lang='lat'><strong>¹24?</strong></span> 
     </span>
     <span class='ocr_line' id='line_1_14' title="bbox 38 1364 1152 1448; baseline -0.003 -22"><span class='ocrx_word' id='word_1_113' title='bbox 38 1375 60 1426; x_wconf 91' lang='lat' dir='ltr'><strong>rt</strong></span> <span class='ocrx_word' id='word_1_114' title='bbox 79 1375 188 1428; x_wconf 88' lang='lat' dir='ltr'><strong>centum</strong></span> <span class='ocrx_word' id='word_1_115' title='bbox 209 1366 375 1448; x_wconf 88' lang='lat' dir='ltr'><strong>quindecim</strong></span> <span class='ocrx_word' id='word_1_116' title='bbox 391 1365 507 1428; x_wconf 90' lang='lat' dir='ltr'><strong>milibus</strong></span> <span class='ocrx_word' id='word_1_117' title='bbox 527 1383 663 1447; x_wconf 89' lang='lat' dir='ltr'><strong>passuum</strong></span> <span class='ocrx_word' id='word_1_118' title='bbox 679 1365 824 1426; x_wconf 80' lang='lat' dir='ltr'><strong>Arabiane</strong></span> <span class='ocrx_word' id='word_1_119' title='bbox 847 1364 925 1425; x_wconf 85' lang='lat' dir='ltr'><strong>sinus</strong></span> <span class='ocrx_word' id='word_1_120' title='bbox 942 1365 1029 1425; x_wconf 89' lang='lat' dir='ltr'><strong>distet</strong></span> <span class='ocrx_word' id='word_1_121' title='bbox 1151 1373 1152 1376; x_wconf 75' lang='grc'>’</span> 
     </span>
     <span class='ocr_line' id='line_1_15' title="bbox 37 1447 1029 1533; baseline -0.003 -22"><span class='ocrx_word' id='word_1_122' title='bbox 37 1451 64 1511; x_wconf 87' lang='lat' dir='ltr'><strong>ah</strong></span> <span class='ocrx_word' id='word_1_123' title='bbox 78 1451 224 1532; x_wconf 80' lang='lat' dir='ltr'><strong>Aegyptio</strong></span> <span class='ocrx_word' id='word_1_124' title='bbox 246 1453 332 1529; x_wconf 88' lang='lat' dir='ltr'><strong>mari,</strong></span> <span class='ocrx_word' id='word_1_125' title='bbox 358 1448 481 1533; x_wconf 73' lang='lat' dir='ltr'><strong>caspius</strong></span> <span class='ocrx_word' id='word_1_126' title='bbox 502 1469 576 1512; x_wconf 82' lang='lat' dir='ltr'><strong>vero</strong></span> <span class='ocrx_word' id='word_1_127' title='bbox 593 1447 773 1511; x_wconf 80' lang='lat' dir='ltr'>CCCLXXV</span> <span class='ocrx_word' id='word_1_128' title='bbox 789 1448 904 1510; x_wconf 89' lang='lat' dir='ltr'><strong>milibus</strong></span> <span class='ocrx_word' id='word_1_129' title='bbox 923 1467 939 1510; x_wconf 91' lang='lat' dir='ltr'><strong>a</strong></span> <span class='ocrx_word' id='word_1_130' title='bbox 955 1448 1029 1510; x_wconf 88' lang='lat' dir='ltr'><strong>Pon·</strong></span> 
     </span>
     <span class='ocr_line' id='line_1_16' title="bbox 16 1531 1029 1616; baseline 0.003 -27"><span class='ocrx_word' id='word_1_131' title='bbox 16 1539 91 1613; x_wconf 84' lang='lat' dir='ltr'><strong>atim,</strong></span> <span class='ocrx_word' id='word_1_132' title='bbox 108 1537 184 1598; x_wconf 89' lang='lat' dir='ltr'><strong>idem</strong></span> <span class='ocrx_word' id='word_1_133' title='bbox 199 1535 358 1597; x_wconf 82' lang='lat' dir='ltr'><strong>interfusus</strong></span> <span class='ocrx_word' id='word_1_134' title='bbox 372 1537 458 1598; x_wconf 85' lang='lat' dir='ltr'><strong>intrat</strong></span> <span class='ocrx_word' id='word_1_135' title='bbox 472 1555 527 1616; x_wconf 87' lang='lat' dir='ltr'><strong>per</strong></span> <span class='ocrx_word' id='word_1_136' title='bbox 541 1545 585 1597; x_wconf 90' lang='lat' dir='ltr'><strong>tot</strong></span> <span class='ocrx_word' id='word_1_137' title='bbox 596 1535 685 1597; x_wconf 91' lang='lat' dir='ltr'><strong>maria</strong></span> <span class='ocrx_word' id='word_1_138' title='bbox 697 1534 801 1614; x_wconf 88' lang='lat' dir='ltr'><strong>quihus</strong></span> <span class='ocrx_word' id='word_1_139' title='bbox 813 1532 953 1610; x_wconf 82' lang='lat' dir='ltr'><strong>Africam,</strong></span> <span class='ocrx_word' id='word_1_140' title='bbox 972 1531 1029 1593; x_wconf 81' lang='lat' dir='ltr'><strong>Eu·</strong></span> 
     </span>
     <span class='ocr_line' id='line_1_17' title="bbox 37 1616 1073 1701; baseline 0 -21"><span class='ocrx_word' id='word_1_141' title='bbox 37 1639 132 1700; x_wconf 90' lang='lat' dir='ltr'><strong>ropam,</strong></span> <span class='ocrx_word' id='word_1_142' title='bbox 148 1620 249 1682; x_wconf 81' lang='lat' dir='ltr'><strong>Asiam</strong></span> <span class='ocrx_word' id='word_1_143' title='bbox 259 1621 409 1701; x_wconf 82' lang='lat' dir='ltr'><strong>dispescit,</strong></span> <span class='ocrx_word' id='word_1_144' title='bbox 425 1629 560 1700; x_wconf 89' lang='lat' dir='ltr'><strong>quantum</strong></span> <span class='ocrx_word' id='word_1_145' title='bbox 571 1629 713 1682; x_wconf 89' lang='lat' dir='ltr'><strong>terrarum</strong></span> <span class='ocrx_word' id='word_1_146' title='bbox 726 1616 870 1698; x_wconf 81' lang='lat' dir='ltr'><strong>occupat?</strong></span> <span class='ocrx_word' id='word_1_147' title='bbox 903 1627 1073 1697; x_wconf 79' lang='lat' dir='ltr'><strong>conpr-174</strong></span> 
     </span>
     <span class='ocr_line' id='line_1_18' title="bbox 37 1703 1028 1784; baseline -0.002 -20"><span class='ocrx_word' id='word_1_148' title='bbox 37 1716 97 1766; x_wconf 86' lang='lat' dir='ltr'><strong>tetur</strong></span> <span class='ocrx_word' id='word_1_149' title='bbox 111 1707 197 1768; x_wconf 89' lang='lat' dir='ltr'><strong>etiam</strong></span> <span class='ocrx_word' id='word_1_150' title='bbox 212 1723 288 1767; x_wconf 92' lang='lat' dir='ltr'><strong>nunc</strong></span> <span class='ocrx_word' id='word_1_151' title='bbox 304 1723 438 1768; x_wconf 85' lang='lat' dir='ltr'><strong>mensura</strong></span> <span class='ocrx_word' id='word_1_152' title='bbox 455 1715 499 1768; x_wconf 89' lang='lat' dir='ltr'><strong>tot</strong></span> <span class='ocrx_word' id='word_1_153' title='bbox 520 1705 682 1782; x_wconf 86' lang='lat' dir='ltr'><strong>fluminum,</strong></span> <span class='ocrx_word' id='word_1_154' title='bbox 709 1713 850 1766; x_wconf 89' lang='lat' dir='ltr'><strong>tantarum</strong></span> <span class='ocrx_word' id='word_1_155' title='bbox 872 1703 1028 1784; x_wconf 86' lang='lat' dir='ltr'><strong>paludium,</strong></span> 
     </span>
     <span class='ocr_line' id='line_1_19' title="bbox 37 1788 1029 1870; baseline -0.002 -20"><span class='ocrx_word' id='word_1_156' title='bbox 37 1791 160 1852; x_wconf 83' lang='lat' dir='ltr'><strong>addantur</strong></span> <span class='ocrx_word' id='word_1_157' title='bbox 175 1801 205 1851; x_wconf 91' lang='lat' dir='ltr'><strong>et</strong></span> <span class='ocrx_word' id='word_1_158' title='bbox 219 1794 330 1869; x_wconf 84' lang='lat' dir='ltr'><strong>laeuus,</strong></span> <span class='ocrx_word' id='word_1_159' title='bbox 342 1801 454 1870; x_wconf 86' lang='lat' dir='ltr'><strong>stagna,</strong></span> <span class='ocrx_word' id='word_1_160' title='bbox 480 1793 536 1854; x_wconf 91' lang='lat' dir='ltr'><strong>iam</strong></span> <span class='ocrx_word' id='word_1_161' title='bbox 553 1791 630 1852; x_wconf 90' lang='lat' dir='ltr'><strong>elata</strong></span> <span class='ocrx_word' id='word_1_162' title='bbox 646 1791 675 1850; x_wconf 93' lang='lat' dir='ltr'><strong>in</strong></span> <span class='ocrx_word' id='word_1_163' title='bbox 696 1790 808 1851; x_wconf 88' lang='lat' dir='ltr'><strong>caelum</strong></span> <span class='ocrx_word' id='word_1_164' title='bbox 825 1807 860 1850; x_wconf 88' lang='lat' dir='ltr'><strong>ac</strong></span> <span class='ocrx_word' id='word_1_165' title='bbox 875 1789 964 1850; x_wconf 89' lang='lat' dir='ltr'><strong>ardna</strong></span> <span class='ocrx_word' id='word_1_166' title='bbox 980 1788 1029 1848; x_wconf 89' lang='lat' dir='ltr'><strong>ad·</strong></span> 
     </span>
     <span class='ocr_line' id='line_1_20' title="bbox 38 1871 1029 1956; baseline -0.002 -23"><span class='ocrx_word' id='word_1_167' title='bbox 38 1884 125 1952; x_wconf 87' lang='lat' dir='ltr'><strong>spectu</strong></span> <span class='ocrx_word' id='word_1_168' title='bbox 143 1894 259 1956; x_wconf 90' lang='lat' dir='ltr'><strong>quoqne</strong></span> <span class='ocrx_word' id='word_1_169' title='bbox 274 1878 352 1955; x_wconf 82' lang='lat' dir='ltr'><strong>iuga,</strong></span> <span class='ocrx_word' id='word_1_170' title='bbox 370 1877 427 1938; x_wconf 89' lang='lat' dir='ltr'><strong>iam</strong></span> <span class='ocrx_word' id='word_1_171' title='bbox 442 1877 534 1938; x_wconf 84' lang='lat' dir='ltr'><strong>silvae</strong></span> <span class='ocrx_word' id='word_1_172' title='bbox 550 1875 705 1956; x_wconf 87' lang='lat' dir='ltr'><strong>vallesque</strong></span> <span class='ocrx_word' id='word_1_173' title='bbox 723 1882 899 1955; x_wconf 90' lang='lat' dir='ltr'><strong>praeruptae</strong></span> <span class='ocrx_word' id='word_1_174' title='bbox 916 1881 945 1933; x_wconf 89' lang='lat' dir='ltr'><strong>et</strong></span> <span class='ocrx_word' id='word_1_175' title='bbox 960 1871 1029 1932; x_wconf 90' lang='lat' dir='ltr'><strong>soli·</strong></span> 
     </span>
     <span class='ocr_line' id='line_1_21' title="bbox 16 1957 1030 2038; baseline 0.001 -23"><span class='ocrx_word' id='word_1_176' title='bbox 16 1960 136 2020; x_wconf 86' lang='lat' dir='ltr'><strong>ntrdines</strong></span> <span class='ocrx_word' id='word_1_177' title='bbox 152 1969 181 2020; x_wconf 91' lang='lat' dir='ltr'><strong>et</strong></span> <span class='ocrx_word' id='word_1_178' title='bbox 195 1961 276 2021; x_wconf 90' lang='lat' dir='ltr'><strong>mille</strong></span> <span class='ocrx_word' id='word_1_179' title='bbox 293 1963 389 2022; x_wconf 86' lang='lat' dir='ltr'><strong>causis</strong></span> <span class='ocrx_word' id='word_1_180' title='bbox 405 1963 532 2022; x_wconf 87' lang='lat' dir='ltr'><strong>deserta.</strong></span> <span class='ocrx_word' id='word_1_181' title='bbox 551 1959 737 2022; x_wconf 84' lang='lat' dir='ltr'><strong>detrahantur</strong></span> <span class='ocrx_word' id='word_1_182' title='bbox 751 1959 807 2021; x_wconf 90' lang='lat' dir='ltr'><strong>hae</strong></span> <span class='ocrx_word' id='word_1_183' title='bbox 823 1967 866 2019; x_wconf 87' lang='lat' dir='ltr'><strong>tot</strong></span> <span class='ocrx_word' id='word_1_184' title='bbox 878 1957 1030 2038; x_wconf 82' lang='lat' dir='ltr'><strong>portiones</strong></span> 
     </span>
     <span class='ocr_line' id='line_1_22' title="bbox 38 2042 1030 2125; baseline 0.001 -25"><span class='ocrx_word' id='word_1_185' title='bbox 38 2053 130 2121; x_wconf 84' lang='lat' dir='ltr'><strong>terrae,</strong></span> <span class='ocrx_word' id='word_1_186' title='bbox 146 2045 231 2106; x_wconf 91' lang='lat' dir='ltr'><strong>immo</strong></span> <span class='ocrx_word' id='word_1_187' title='bbox 247 2063 331 2122; x_wconf 88' lang='lat' dir='ltr'><strong>vero,</strong></span> <span class='ocrx_word' id='word_1_188' title='bbox 347 2055 378 2106; x_wconf 90' lang='lat' dir='ltr'><strong>ut</strong></span> <span class='ocrx_word' id='word_1_189' title='bbox 392 2045 493 2125; x_wconf 90' lang='lat' dir='ltr'><strong>plures</strong></span> <span class='ocrx_word' id='word_1_190' title='bbox 506 2044 664 2122; x_wconf 81' lang='lat' dir='ltr'><strong>tradidere,</strong></span> <span class='ocrx_word' id='word_1_191' title='bbox 681 2044 778 2106; x_wconf 89' lang='lat' dir='ltr'><strong>mundi</strong></span> <span class='ocrx_word' id='word_1_192' title='bbox 795 2052 901 2123; x_wconf 89' lang='lat' dir='ltr'><strong>puncto</strong></span> <span class='ocrx_word' id='word_1_193' title='bbox 918 2042 1030 2122; x_wconf 90' lang='lat' dir='ltr'><strong>(neque</strong></span> 
     </span>
     <span class='ocr_line' id='line_1_23' title="bbox 38 2127 1031 2212; baseline 0 -27"><span class='ocrx_word' id='word_1_194' title='bbox 38 2129 96 2188; x_wconf 80' lang='lat' dir='ltr'><strong>emm</strong></span> <span class='ocrx_word' id='word_1_195' title='bbox 116 2129 194 2190; x_wconf 88' lang='lat' dir='ltr'><strong>aliud</strong></span> <span class='ocrx_word' id='word_1_196' title='bbox 210 2137 256 2190; x_wconf 88' lang='lat' dir='ltr'><strong>est</strong></span> <span class='ocrx_word' id='word_1_197' title='bbox 276 2138 355 2191; x_wconf 87' lang='lat' dir='ltr'><strong>terra</strong></span> <span class='ocrx_word' id='word_1_198' title='bbox 375 2131 404 2190; x_wconf 92' lang='lat' dir='ltr'><strong>in</strong></span> <span class='ocrx_word' id='word_1_199' title='bbox 421 2131 589 2212; x_wconf 79' lang='lat' dir='ltr'><strong>universo):</strong></span> <span class='ocrx_word' id='word_1_200' title='bbox 616 2129 691 2191; x_wconf 91' lang='lat' dir='ltr'><strong>haec</strong></span> <span class='ocrx_word' id='word_1_201' title='bbox 715 2138 760 2190; x_wconf 90' lang='lat' dir='ltr'><strong>est</strong></span> <span class='ocrx_word' id='word_1_202' title='bbox 774 2129 894 2190; x_wconf 88' lang='lat' dir='ltr'><strong>materia</strong></span> <span class='ocrx_word' id='word_1_203' title='bbox 916 2127 1031 2205; x_wconf 87' lang='lat' dir='ltr'><strong>gloriae</strong></span> 
     </span>
     <span class='ocr_line' id='line_1_24' title="bbox 37 2213 1032 2293; baseline -0.002 -22"><span class='ocrx_word' id='word_1_204' title='bbox 37 2222 154 2292; x_wconf 86' lang='lat' dir='ltr'><strong>nostrae,</strong></span> <span class='ocrx_word' id='word_1_205' title='bbox 177 2213 254 2274; x_wconf 89' lang='lat' dir='ltr'><strong>haee</strong></span> <span class='ocrx_word' id='word_1_206' title='bbox 276 2215 374 2275; x_wconf 87' lang='lat' dir='ltr'><strong>sedes.</strong></span> <span class='ocrx_word' id='word_1_207' title='bbox 404 2215 452 2276; x_wconf 93' lang='lat' dir='ltr'><strong>hic</strong></span> <span class='ocrx_word' id='word_1_208' title='bbox 467 2215 597 2276; x_wconf 88' lang='lat' dir='ltr'><strong>honores</strong></span> <span class='ocrx_word' id='word_1_209' title='bbox 617 2215 763 2293; x_wconf 85' lang='lat' dir='ltr'><strong>gerimus,</strong></span> <span class='ocrx_word' id='word_1_210' title='bbox 787 2213 836 2274; x_wconf 91' lang='lat' dir='ltr'><strong>hio</strong></span> <span class='ocrx_word' id='word_1_211' title='bbox 858 2226 1032 2274; x_wconf 87' lang='lat' dir='ltr'><strong>exercemus</strong></span> 
     </span>
     <span class='ocr_line' id='line_1_25' title="bbox 37 2298 1030 2381; baseline 0.006 -25"><span class='ocrx_word' id='word_1_212' title='bbox 37 2298 153 2377; x_wconf 86' lang='lat' dir='ltr'><strong>inperia,</strong></span> <span class='ocrx_word' id='word_1_213' title='bbox 170 2298 218 2359; x_wconf 92' lang='lat' dir='ltr'><strong>hic</strong></span> <span class='ocrx_word' id='word_1_214' title='bbox 234 2315 308 2378; x_wconf 89' lang='lat' dir='ltr'><strong>opes</strong></span> <span class='ocrx_word' id='word_1_215' title='bbox 325 2301 465 2378; x_wconf 86' lang='lat' dir='ltr'><strong>cupimus,</strong></span> <span class='ocrx_word' id='word_1_216' title='bbox 482 2299 529 2360; x_wconf 87' lang='lat' dir='ltr'><strong>hic</strong></span> <span class='ocrx_word' id='word_1_217' title='bbox 544 2299 745 2361; x_wconf 90' lang='lat' dir='ltr'><strong>tumultuamur</strong></span> <span class='ocrx_word' id='word_1_218' title='bbox 760 2299 911 2360; x_wconf 86' lang='lat' dir='ltr'><strong>humanum</strong></span> <span class='ocrx_word' id='word_1_219' title='bbox 927 2319 1030 2381; x_wconf 84' lang='lat' dir='ltr'><strong>genus,</strong></span> 
     </span>
     <span class='ocr_line' id='line_1_26' title="bbox 14 2380 1031 2466; baseline 0.009 -29"><span class='ocrx_word' id='word_1_220' title='bbox 14 2380 72 2441; x_wconf 82' lang='lat' dir='ltr'><strong>elic</strong></span> <span class='ocrx_word' id='word_1_221' title='bbox 84 2383 274 2446; x_wconf 86' lang='lat' dir='ltr'><strong>instauramus</strong></span> <span class='ocrx_word' id='word_1_222' title='bbox 286 2383 366 2444; x_wconf 87' lang='lat' dir='ltr'><strong>bella</strong></span> <span class='ocrx_word' id='word_1_223' title='bbox 383 2386 469 2445; x_wconf 90' lang='lat' dir='ltr'><strong>etiam</strong></span> <span class='ocrx_word' id='word_1_224' title='bbox 484 2385 591 2462; x_wconf 89' lang='lat' dir='ltr'><strong>civilia,</strong></span> <span class='ocrx_word' id='word_1_225' title='bbox 607 2387 771 2466; x_wconf 86' lang='lat' dir='ltr'><strong>mutuisque</strong></span> <span class='ocrx_word' id='word_1_226' title='bbox 788 2387 927 2446; x_wconf 89' lang='lat' dir='ltr'><strong>caedibus</strong></span> <span class='ocrx_word' id='word_1_227' title='bbox 939 2387 1031 2448; x_wconf 63' lang='lat' dir='ltr'><strong>laxio⁶</strong></span> 
     </span>
     <span class='ocr_line' id='line_1_27' title="bbox 37 2467 1074 2548; baseline 0.01 -24"><span class='ocrx_word' id='word_1_228' title='bbox 37 2485 85 2526; x_wconf 88' lang='grc'><strong>1111</strong></span> <span class='ocrx_word' id='word_1_229' title='bbox 99 2467 221 2528; x_wconf 90' lang='lat' dir='ltr'><strong>iacimus</strong></span> <span class='ocrx_word' id='word_1_230' title='bbox 236 2477 355 2529; x_wconf 90' lang='lat' dir='ltr'><strong>terram.</strong></span> <span class='ocrx_word' id='word_1_231' title='bbox 383 2478 413 2530; x_wconf 89' lang='lat' dir='ltr'><strong>et</strong></span> <span class='ocrx_word' id='word_1_232' title='bbox 435 2477 465 2528; x_wconf 89' lang='grc'><strong>11</strong></span> <span class='ocrx_word' id='word_1_233' title='bbox 486 2469 622 2548; x_wconf 85' lang='lat' dir='ltr'><strong>publicos</strong></span> <span class='ocrx_word' id='word_1_234' title='bbox 644 2471 772 2548; x_wconf 87' lang='lat' dir='ltr'><strong>gentium</strong></span> <span class='ocrx_word' id='word_1_235' title='bbox 786 2470 903 2531; x_wconf 89' lang='lat' dir='ltr'><strong>inroras</strong></span> <span class='ocrx_word' id='word_1_236' title='bbox 917 2479 1074 2536; x_wconf 83' lang='lat' dir='ltr'><strong>trans-175</strong></span> 
     </span>
     <span class='ocr_line' id='line_1_28' title="bbox 38 2551 1030 2635; baseline 0.006 -26"><span class='ocrx_word' id='word_1_237' title='bbox 38 2569 101 2627; x_wconf 86' lang='lat' dir='ltr'><strong>eam,</strong></span> <span class='ocrx_word' id='word_1_238' title='bbox 115 2551 191 2614; x_wconf 91' lang='lat' dir='ltr'><strong>haec</strong></span> <span class='ocrx_word' id='word_1_239' title='bbox 206 2554 235 2612; x_wconf 93' lang='lat' dir='ltr'><strong>in</strong></span> <span class='ocrx_word' id='word_1_240' title='bbox 251 2572 307 2632; x_wconf 88' lang='lat' dir='ltr'><strong>qna</strong></span> <span class='ocrx_word' id='word_1_241' title='bbox 330 2554 525 2615; x_wconf 86' lang='lat' dir='ltr'><strong>conterminos</strong></span> <span class='ocrx_word' id='word_1_242' title='bbox 548 2553 684 2634; x_wconf 89' lang='lat' dir='ltr'><strong>pellimus</strong></span> <span class='ocrx_word' id='word_1_243' title='bbox 703 2555 839 2635; x_wconf 83' lang='lat' dir='ltr'><strong>furtoque</strong></span> <span class='ocrx_word' id='word_1_244' title='bbox 859 2556 946 2615; x_wconf 88' lang='lat' dir='ltr'><strong>vieini</strong></span> <span class='ocrx_word' id='word_1_245' title='bbox 964 2574 1030 2616; x_wconf 90' lang='lat' dir='ltr'><strong>cae·</strong></span> 
     </span>
     <span class='ocr_line' id='line_1_29' title="bbox 38 2637 1031 2718; baseline 0.007 -25"><span class='ocrx_word' id='word_1_246' title='bbox 38 2637 124 2712; x_wconf 86' lang='lat' dir='ltr'><strong>spitem</strong></span> <span class='ocrx_word' id='word_1_247' title='bbox 138 2646 241 2698; x_wconf 88' lang='lat' dir='ltr'><strong>nostro</strong></span> <span class='ocrx_word' id='word_1_248' title='bbox 260 2637 325 2698; x_wconf 90' lang='lat' dir='ltr'><strong>solo</strong></span> <span class='ocrx_word' id='word_1_249' title='bbox 343 2638 522 2716; x_wconf 88' lang='lat' dir='ltr'><strong>adiodimns,</strong></span> <span class='ocrx_word' id='word_1_250' title='bbox 547 2648 577 2699; x_wconf 91' lang='lat' dir='ltr'><strong>ut</strong></span> <span class='ocrx_word' id='word_1_251' title='bbox 598 2639 646 2718; x_wconf 92' lang='lat' dir='ltr'><strong>qui</strong></span> <span class='ocrx_word' id='word_1_252' title='bbox 670 2639 809 2700; x_wconf 88' lang='lat' dir='ltr'><strong>latissime</strong></span> <span class='ocrx_word' id='word_1_253' title='bbox 826 2658 893 2700; x_wconf 91' lang='lat' dir='ltr'><strong>rura</strong></span> <span class='ocrx_word' id='word_1_254' title='bbox 908 2649 1031 2700; x_wconf 88' lang='lat' dir='ltr'><strong>metatus</strong></span> 
     </span>
     <span class='ocr_line' id='line_1_30' title="bbox 38 2717 1031 2804; baseline 0.009 -28"><span class='ocrx_word' id='word_1_255' title='bbox 38 2717 107 2780; x_wconf 87' lang='lat' dir='ltr'><strong>luerit</strong></span> <span class='ocrx_word' id='word_1_256' title='bbox 121 2722 257 2801; x_wconf 90' lang='lat' dir='ltr'><strong>ultraque</strong></span> <span class='ocrx_word' id='word_1_257' title='bbox 278 2722 382 2784; x_wconf 87' lang='lat' dir='ltr'><strong>lamam</strong></span> <span class='ocrx_word' id='word_1_258' title='bbox 399 2726 533 2802; x_wconf 83' lang='lat' dir='ltr'><strong>exegerit</strong></span> <span class='ocrx_word' id='word_1_259' title='bbox 550 2724 671 2785; x_wconf 88' lang='lat' dir='ltr'><strong>adcolas</strong></span> <span class='ocrx_word' id='word_1_260' title='bbox 686 2733 773 2804; x_wconf 89' lang='lat' dir='ltr'><strong>quota</strong></span> <span class='ocrx_word' id='word_1_261' title='bbox 789 2733 931 2784; x_wconf 89' lang='lat' dir='ltr'><strong>terrarum</strong></span> <span class='ocrx_word' id='word_1_262' title='bbox 947 2733 1031 2803; x_wconf 88' lang='lat' dir='ltr'><strong>parte</strong></span> 
     </span>
     <span class='ocr_line' id='line_1_31' title="bbox 18 2805 1029 2888; baseline 0.006 -26"><span class='ocrx_word' id='word_1_263' title='bbox 18 2805 146 2878; x_wconf 80' lang='lat' dir='ltr'><strong>ogandsat</strong></span> <span class='ocrx_word' id='word_1_264' title='bbox 169 2808 238 2888; x_wconf 86' lang='lat' dir='ltr'><strong>vel,</strong></span> <span class='ocrx_word' id='word_1_265' title='bbox 256 2808 371 2868; x_wconf 87' lang='lat' dir='ltr'><strong>eumad</strong></span> <span class='ocrx_word' id='word_1_266' title='bbox 388 2826 552 2870; x_wconf 89' lang='lat' dir='ltr'><strong>mensuram</strong></span> <span class='ocrx_word' id='word_1_267' title='bbox 567 2810 706 2870; x_wconf 88' lang='lat' dir='ltr'><strong>avaritiae</strong></span> <span class='ocrx_word' id='word_1_268' title='bbox 722 2827 792 2870; x_wconf 90' lang='lat' dir='ltr'><strong>suae</strong></span> <span class='ocrx_word' id='word_1_269' title='bbox 810 2809 1029 2888; x_wconf 82' lang='lat' dir='ltr'><strong>propagaverit,</strong></span> 
     </span>
     <span class='ocr_line' id='line_1_32' title="bbox 41 2891 828 2974; baseline 0.01 -28"><span class='ocrx_word' id='word_1_270' title='bbox 41 2905 106 2963; x_wconf 88' lang='lat' dir='ltr'><strong>qnam</strong></span> <span class='ocrx_word' id='word_1_271' title='bbox 122 2891 241 2952; x_wconf 89' lang='lat' dir='ltr'><strong>tandem</strong></span> <span class='ocrx_word' id='word_1_272' title='bbox 257 2893 421 2971; x_wconf 88' lang='lat' dir='ltr'><strong>portionem</strong></span> <span class='ocrx_word' id='word_1_273' title='bbox 439 2894 501 2954; x_wconf 87' lang='lat' dir='ltr'><strong>eius</strong></span> <span class='ocrx_word' id='word_1_274' title='bbox 518 2893 670 2955; x_wconf 84' lang='lat' dir='ltr'><strong>defunctus</strong></span> <span class='ocrx_word' id='word_1_275' title='bbox 687 2893 828 2974; x_wconf 85' lang='lat' dir='ltr'><strong>optineat!</strong></span> 
     </span>
    </p>

    <p class='ocr_par' dir='ltr' id='par_1_3' title="bbox 40 2975 1075 3228">
     <span class='ocr_line' id='line_1_33' title="bbox 86 2975 1075 3056; baseline 0.001 -20"><span class='ocrx_word' id='word_1_276' title='bbox 86 2975 132 3037; x_wconf 84' lang='grc'><strong>69.</strong></span> <span class='ocrx_word' id='word_1_277' title='bbox 150 2975 236 3056; x_wconf 87' lang='grc'>(69.)</span> <span class='ocrx_word' id='word_1_278' title='bbox 252 2975 377 3038; x_wconf 89' lang='lat' dir='ltr'><strong>hlediam</strong></span> <span class='ocrx_word' id='word_1_279' title='bbox 400 2995 468 3038; x_wconf 89' lang='lat' dir='ltr'><strong>esse</strong></span> <span class='ocrx_word' id='word_1_280' title='bbox 482 2988 589 3039; x_wconf 89' lang='lat' dir='ltr'><strong>terram</strong></span> <span class='ocrx_word' id='word_1_281' title='bbox 605 2977 702 3038; x_wconf 90' lang='lat' dir='ltr'><strong>mundi</strong></span> <span class='ocrx_word' id='word_1_282' title='bbox 722 2979 809 3039; x_wconf 88' lang='lat' dir='ltr'><strong>totius</strong></span> <span class='ocrx_word' id='word_1_283' title='bbox 827 2976 896 3039; x_wconf 88' lang='lat' dir='ltr'><strong>haut</strong></span> <span class='ocrx_word' id='word_1_284' title='bbox 917 2977 1010 3046; x_wconf 88' lang='lat' dir='ltr'><strong>dubiis</strong></span> <span class='ocrx_word' id='word_1_285' title='bbox 1022 2987 1075 3046; x_wconf 75' lang='lat'><strong>176</strong></span> 
     </span>
     <span class='ocr_line' id='line_1_34' title="bbox 40 3061 1029 3143; baseline 0.006 -27"><span class='ocrx_word' id='word_1_286' title='bbox 40 3067 136 3120; x_wconf 79' lang='lat' dir='ltr'><strong>maslot</strong></span> <span class='ocrx_word' id='word_1_287' title='bbox 150 3061 347 3139; x_wconf 84' lang='lat' dir='ltr'><strong>argumentis,</strong></span> <span class='ocrx_word' id='word_1_288' title='bbox 371 3062 426 3123; x_wconf 86' lang='lat' dir='ltr'><strong>sed</strong></span> <span class='ocrx_word' id='word_1_289' title='bbox 444 3062 604 3124; x_wconf 88' lang='lat' dir='ltr'><strong>clarissime</strong></span> <span class='ocrx_word' id='word_1_290' title='bbox 621 3063 786 3142; x_wconf 84' lang='lat' dir='ltr'><strong>aequinocti</strong></span> <span class='ocrx_word' id='word_1_291' title='bbox 804 3062 922 3143; x_wconf 93' lang='lat' dir='ltr'><strong>parihus</strong></span> <span class='ocrx_word' id='word_1_292' title='bbox 938 3062 1029 3124; x_wconf 90' lang='lat' dir='ltr'><strong>horis.</strong></span> 
     </span>
     <span class='ocr_line' id='line_1_35' title="bbox 40 3144 1031 3228; baseline 0.008 -28"><span class='ocrx_word' id='word_1_293' title='bbox 40 3158 90 3202; x_wconf 89' lang='lat' dir='ltr'><strong>nam</strong></span> <span class='ocrx_word' id='word_1_294' title='bbox 103 3144 156 3204; x_wconf 90' lang='lat' dir='ltr'><strong>nisi</strong></span> <span class='ocrx_word' id='word_1_295' title='bbox 171 3146 201 3204; x_wconf 93' lang='lat' dir='ltr'><strong>in</strong></span> <span class='ocrx_word' id='word_1_296' title='bbox 215 3146 314 3206; x_wconf 89' lang='lat' dir='ltr'><strong>medio</strong></span> <span class='ocrx_word' id='word_1_297' title='bbox 330 3155 421 3224; x_wconf 86' lang='grc'><strong>11111,</strong></span> <span class='ocrx_word' id='word_1_298' title='bbox 438 3148 579 3228; x_wconf 89' lang='lat' dir='ltr'><strong>aequales</strong></span> <span class='ocrx_word' id='word_1_299' title='bbox 596 3147 659 3208; x_wconf 88' lang='lat' dir='ltr'><strong>dies</strong></span> <span class='ocrx_word' id='word_1_300' title='bbox 676 3156 838 3226; x_wconf 87' lang='lat' dir='ltr'><strong>noctesque</strong></span> <span class='ocrx_word' id='word_1_301' title='bbox 855 3145 958 3208; x_wconf 90' lang='lat' dir='ltr'><strong>haheri</strong></span> <span class='ocrx_word' id='word_1_302' title='bbox 973 3165 1031 3208; x_wconf 92' lang='lat' dir='ltr'><strong>non</strong></span> 
     </span>
    </p>

    <p class='ocr_par' dir='ltr' id='par_1_4' title="bbox 18 3229 1031 3484">
     <span class='ocr_line' id='line_1_36' title="bbox 18 3229 1031 3312; baseline 0.009 -29"><span class='ocrx_word' id='word_1_303' title='bbox 18 3236 155 3302; x_wconf 81' lang='lat' dir='ltr'><strong>aposscnt.</strong></span> <span class='ocrx_word' id='word_1_304' title='bbox 195 3229 421 3310; x_wconf 88' lang='lat' dir='ltr'><strong>deprehendere</strong></span> <span class='ocrx_word' id='word_1_305' title='bbox 445 3241 475 3293; x_wconf 90' lang='lat' dir='ltr'><strong>et</strong></span> <span class='ocrx_word' id='word_1_306' title='bbox 497 3233 647 3312; x_wconf 86' lang='lat' dir='ltr'><strong>dioptrae,</strong></span> <span class='ocrx_word' id='word_1_307' title='bbox 677 3249 751 3312; x_wconf 89' lang='lat' dir='ltr'><strong>quae</strong></span> <span class='ocrx_word' id='word_1_308' title='bbox 775 3231 825 3291; x_wconf 85' lang='lat' dir='ltr'><strong>vel</strong></span> <span class='ocrx_word' id='word_1_309' title='bbox 850 3233 974 3294; x_wconf 86' lang='lat' dir='ltr'><strong>maxime</strong></span> <span class='ocrx_word' id='word_1_310' title='bbox 1001 3231 1031 3292; x_wconf 94' lang='lat' dir='ltr'><strong>id</strong></span> 
     </span>
     <span class='ocr_line' id='line_1_37' title="bbox 42 3312 1030 3397; baseline 0.005 -28"><span class='ocrx_word' id='word_1_311' title='bbox 42 3312 210 3392; x_wconf 85' lang='lat' dir='ltr'><strong>conlirmant,</strong></span> <span class='ocrx_word' id='word_1_312' title='bbox 234 3331 299 3376; x_wconf 89' lang='lat' dir='ltr'><strong>oum</strong></span> <span class='ocrx_word' id='word_1_313' title='bbox 321 3315 527 3397; x_wconf 89' lang='lat' dir='ltr'><strong>aequinoctiali</strong></span> <span class='ocrx_word' id='word_1_314' title='bbox 542 3327 676 3396; x_wconf 89' lang='lat' dir='ltr'><strong>ternpore</strong></span> <span class='ocrx_word' id='word_1_315' title='bbox 694 3334 732 3376; x_wconf 88' lang='lat' dir='ltr'><strong>ex</strong></span> <span class='ocrx_word' id='word_1_316' title='bbox 747 3316 850 3377; x_wconf 89' lang='lat' dir='ltr'><strong>cadem</strong></span> <span class='ocrx_word' id='word_1_317' title='bbox 865 3317 934 3378; x_wconf 91' lang='lat' dir='ltr'><strong>linia</strong></span> <span class='ocrx_word' id='word_1_318' title='bbox 950 3324 1030 3376; x_wconf 89' lang='lat' dir='ltr'><strong>ortus</strong></span> 
     </span>
     <span class='ocr_line' id='line_1_38' title="bbox 43 3399 1030 3484; baseline 0.008 -33"><span class='ocrx_word' id='word_1_319' title='bbox 43 3408 206 3479; x_wconf 88' lang='lat' dir='ltr'><strong>occasusque</strong></span> <span class='ocrx_word' id='word_1_320' title='bbox 223 3409 368 3479; x_wconf 88' lang='lat' dir='ltr'><strong>cernatur,</strong></span> <span class='ocrx_word' id='word_1_321' title='bbox 385 3400 530 3463; x_wconf 86' lang='lat' dir='ltr'><strong>solstitiali</strong></span> <span class='ocrx_word' id='word_1_322' title='bbox 544 3410 662 3463; x_wconf 87' lang='lat' dir='ltr'><strong>exortus</strong></span> <span class='ocrx_word' id='word_1_323' title='bbox 674 3418 729 3484; x_wconf 89' lang='lat' dir='ltr'><strong>per</strong></span> <span class='ocrx_word' id='word_1_324' title='bbox 743 3418 823 3462; x_wconf 92' lang='lat' dir='ltr'><strong>snam</strong></span> <span class='ocrx_word' id='word_1_325' title='bbox 839 3400 945 3478; x_wconf 86' lang='lat' dir='ltr'><strong>liniam,</strong></span> <span class='ocrx_word' id='word_1_326' title='bbox 963 3399 1030 3459; x_wconf 89' lang='lat' dir='ltr'><strong>hru-</strong></span> 
     </span>
    </p>
   </div>
   <div class='ocr_carea' id='block_1_3' title="bbox 0 0 1173 3936">
    <p class='ocr_par' dir='ltr' id='par_1_5' title="bbox 0 0 1173 3936">
     <span class='ocr_line' id='line_1_39' title="bbox 0 0 1173 3936; baseline 0 0"><span class='ocrx_word' id='word_1_327' title='bbox 0 0 1173 3936; x_wconf 95' lang='lat' dir='ltr'><strong> </strong></span> 
     </span>
    </p>
   </div>
  </div>
 </body>
</html>
