2408 3934
110 219 170 285 126
452 233 484 284 c.
505 235 600 282 emur
623 233 771 284 succuum

111 389 273 452 Cordubam
292 400 402 471 petunt.
451 388 579 452 Celticos
601 409 617 451 a
634 388 794 450 Celtiberis
816 405 854 447 ex
869 384 1017 448 Lusitania
1034 385 1119 448 adre-

110 477 190 536 nisse
212 478 394 537 manilestum
420 484 466 536 est
490 477 600 552 sacris,
626 475 740 551 lingua,
768 471 940 551 oppidorum
966 471 1117 531 vocabulis

70 567 101 618 14
113 577 187 638 quae
204 561 423 638 cognominibus
446 561 476 620 in
491 559 609 620 Baetica
630 558 833 635 distinguntur.
878 555 983 618 Seriae
999 554 1119 615 adicitur

109 643 195 704 Fama
217 643 308 724 Iulia,
323 644 521 722 Nertobrigae
537 642 701 704 Concordia
717 641 804 719 lulla,
826 640 954 720 Segidae
974 639 1119 701 Restituta

109 727 199 806 Iulia,
216 727 427 790 ”Contributa
441 728 531 806 Iulia,
547 727 768 807 Ugultuniacum
783 743 857 804 quae
877 734 907 786 et
924 723 1034 802 Curiga
1049 742 1119 784 nunc
1129 743 1149 784 ⁵

112 821 168 890 est,
178 812 367 891 Lacinimurgi
381 809 550 874 Constantia
560 811 642 892 Iulia,
655 809 816 872 Teresibus
828 809 1006 871 Fortunales
1020 805 1121 871 etCal-

110 897 241 958 lensibus
254 896 426 958 Aeneanici·
442 906 562 977 praeter
572 897 646 957 baec
656 897 686 956 in
699 893 811 956 Celtica
818 896 978 973 Acinippo,
991 892 1121 970 Arunda,

111 981 236 1058 Arunci,
251 982 433 1061 Iturobriga,
451 982 577 1060 Lastigi,
594 981 735 1060 Salpesa,
753 981 902 1058 Saepone,
920 978 1061 1058 Serippo.
1085 977 1123 1036 al·

77 1085 103 1125 re
112 1074 174 1125 tera
192 1066 337 1144 Baeturia,
357 1086 441 1147 quam
456 1068 579 1129 diximus
595 1064 787 1126 Turdulorum
802 1073 834 1124 ct
848 1071 1034 1124 conventuus
1052 1059 1125 1122 Cor·

111 1150 267 1228 dubensis,
282 1151 370 1212 babet
387 1152 494 1233 oppida
508 1169 567 1211 uon
582 1148 724 1229 ignobilia
741 1149 862 1224 Arsam,
879 1146 1059 1222 Mellariam,
1077 1146 1169 1208 lli-rc

71 1241 102 1292 15
115 1236 275 1314 robrigam,
288 1239 418 1314 regionis
429 1235 586 1297 Osintiadis
598 1235 779 1313 Sisaponem.
796 1231 927 1294 Gaditani
939 1240 1129 1292 conventurus

111 1320 215 1380 civium
235 1322 430 1382 Romanorum
445 1319 575 1398 Regina,
591 1319 757 1380 Latinorum
777 1317 884 1397 Laepia
891 1359 900 1394 ,
918 1315 989 1416 Ulia
993 1359 1003 1394 ,
1023 1315 1130 1376 Carisa

112 1401 1135 1567 attitulatamdimittititaltfi‘ttldltiti

112 1573 187 1650 sula,
207 1572 348 1654 Lacippo,
363 1573 523 1654 Baesippo,
541 1572 654 1651 Callet,
671 1571 852 1654 Cappacum,
869 1570 1025 1648 Oleastro,
1043 1569 1171 1647 Ituci,rs

72 1663 104 1718 td
114 1657 221 1737 Brona,
236 1657 369 1738 Lascuta,
382 1658 532 1738 Saguntia,
548 1659 662 1736 Situdo,
675 1655 804 1736 Usaepo.
828 1654 1058 1735 Longitudinem
1069 1659 1137 1716 uni·

113 1761 227 1803 versam
251 1745 315 1804 elus
336 1744 463 1822 prodidit
485 1743 523 1804 u.
544 1743 676 1823 Agrippa
703 1739 954 1804 CCCCLXXVII
974 1758 1137 1820 passuum,

113 1827 292 1889 latitudinem
309 1826 449 1890 CCLVIII
465 1827 505 1906 Μ,
523 1829 575 1889 sed
593 1847 656 1888 cum
671 1828 785 1888 termini
806 1823 1013 1903 Carthaginem
1035 1843 1139 1904 usque

113 1913 328 1991 procederent,
350 1931 423 1992 quae
440 1931 526 1974 causa
542 1931 662 1992 magnos
679 1929 798 1973 errores
811 1911 1033 1990 conputatione
1053 1927 1140 1972 men·

115 2016 200 2057 surae
217 2000 334 2076 saepius
350 2000 438 2077 parit,
453 1997 522 2057 alibi
538 2007 647 2058 mutato
663 1997 877 2076 provinciarum
888 1993 976 2056 modo
992 1995 1069 2056 alibi
1090 1997 1173 2058 iti-so

114 2099 214 2141 nerum
234 2085 326 2142 auctis
352 2091 400 2142 aut
423 2083 568 2142 diminutis
590 2081 735 2161 passibus.
781 2080 940 2141 incubuere
962 2081 1059 2142 maria
1076 2089 1141 2141 tam

115 2165 206 2243 longo
222 2184 309 2242 aevo,
332 2165 400 2227 alibi
416 2184 592 2246 processere
610 2168 713 2244 litora,
731 2173 848 2226 torsere
865 2185 898 2226 se
916 2164 1070 2226 dominum
1087 2175 1142 2226 aut

115 2267 276 2311 correxere
290 2250 412 2312 dexuus.
434 2261 591 2331 praeterea
604 2251 718 2311 aliunde
731 2251 795 2310 aliis
808 2249 957 2310 exordium
969 2268 1142 2311 mensurae

75 2343 106 2393 lt
119 2344 165 2394 est
181 2343 211 2394 et
227 2335 282 2395 alia
299 2344 421 2396 meatus.
444 2338 484 2395 ita
499 2337 530 2396 llt
546 2345 576 2396 ut
593 2335 662 2395 nulli
679 2335 736 2396 duo
752 2336 915 2396 concinant.
939 2331 969 2394 2.
988 2333 1143 2396 Baeticae

114 2419 267 2496 longitudo
289 2439 363 2481 nunc
384 2439 401 2481 a
425 2418 591 2481 Castulonis
615 2419 714 2500 oppidi
735 2421 793 2480 dne
815 2417 902 2480 Gadis
920 2416 992 2479 CCL
1008 2417 1044 2479 Μ
1066 2430 1102 2482 et
1127 2440 1176 2483 aas

115 2504 209 2580 ldurgi
230 2506 370 2565 maritima
393 2523 443 2565 ora
463 2503 547 2564 XXV
562 2504 592 2564 ll
609 2523 688 2583 pass.
710 2503 851 2584 amplior,
873 2503 996 2564 latitudo
1019 2522 1039 2564 a
1066 2503 1146 2566 Car·
1202 2549 1203 2586 ,

115 2592 174 2650 teia
189 2589 281 2650 Anam
298 2607 348 2650 ora
361 2586 551 2650 CCXXXIIII
562 2588 591 2648 bl
606 2607 682 2668 pass.
699 2589 860 2668 Agrippam
876 2589 992 2668 quidem
1003 2590 1037 2648 iu
1056 2598 1145 2651 tanta

116 2676 170 2734 viri
190 2673 339 2752 diIIgentia
355 2683 532 2753 praeterque
552 2675 581 2732 in
597 2673 653 2734 boc
667 2691 760 2752 opere
776 2691 856 2750 cura,
869 2691 932 2733 cum
949 2673 1061 2734 orbem
1078 2684 1145 2737 ter·
1202 2703 1203 2724 κ

115 2778 210 2819 rarum
225 2760 289 2819 urbi
306 2758 495 2838 spectandum
511 2761 719 2837 propositurus
736 2766 829 2834 esset,
849 2773 965 2818 errasse
984 2761 1057 2837 quis
1074 2779 1146 2822 cre-

116 2844 163 2903 dat
179 2852 286 2904 etcum
302 2861 339 2904 eo
356 2844 453 2904 divum
470 2841 653 2920 Augustum?
689 2845 715 2902 is
731 2860 854 2920 namque
872 2842 1055 2921 conplexam
1072 2865 1177 2909 eumen

116 2929 260 3008 porticum
276 2947 314 2988 ex
332 2928 526 2988 destinatione
544 2936 574 2987 et
593 2929 808 2988 commentariis
826 2925 864 2987 bl.
880 2925 1039 3008 Agrippae
1057 2947 1076 2990 a
1092 2949 1147 2992 so-

116 3030 185 3073 rore
204 3015 267 3073 eius
282 3012 444 3072 iucboatam
459 3014 584 3090 peregit.

76 3105 106 3156 18
169 3095 199 3160 3.
218 3095 280 3177 (4.)
297 3095 451 3157 Citerioris
463 3095 620 3174 Hispaniae
633 3097 709 3157 sicut
720 3095 902 3178 conplurium
913 3099 1149 3176 provinciarum

118 3182 291 3261 aliquantum
306 3189 391 3241 vetus
406 3182 498 3241 forma
510 3189 616 3242 mutata
636 3190 693 3258 est,
703 3190 811 3260 'utpote
826 3199 890 3242 cum
902 3182 1069 3260 Pompeius
1082 3184 1149 3248 Illa·

114 3286 189 3345 gnus
208 3267 338 3344 tropaeis
356 3267 416 3324 suis
434 3283 508 3344 quae
523 3267 669 3328 statuebat
680 3267 709 3326 in
721 3264 876 3344 Pyrenaeo
887 3263 1137 3329 DCCCLXXVI
1157 3291 1181 3332 su

116 3350 223 3430 oppida
245 3350 280 3409 ab
297 3348 422 3428 Alpibus
447 3349 483 3410 ad
497 3351 570 3412 fines
585 3350 742 3430 Hispaniae
762 3350 911 3412 ulterioris
934 3353 963 3411 in
985 3351 1149 3416 dicionem

114 3437 150 3496 ab
165 3453 198 3494 se
213 3433 331 3494 redacta
347 3441 471 3496 testatus
494 3438 539 3496 sit.
572 3454 647 3496 nunc
663 3437 798 3496 universa
823 3435 976 3516 provincia
993 3436 1149 3502 dividitur

116 3521 146 3580 in
163 3527 343 3581 conventuus
361 3528 486 3600 septem,
504 3518 774 3600 Carthaginiensem
791 3519 1049 3584 Tarraconensem
1068 3521 1149 3588 Cae·
