2572 3936
255 199 339 254 ΝΑΤ.
358 200 455 274 Hrsn
469 201 495 255 x
514 205 618 258 re-rr
639 203 773 272 (ea—es).
798 201 838 254 XI
857 207 871 256 1
892 203 928 272 (1)
1033 199 1098 264 209

88 371 150 433 ses,
177 351 246 412 dein
268 352 383 432 longior
410 355 442 413 in
469 354 533 414 dies
560 353 665 434 vigilia.
712 355 839 414 somniat
866 355 965 414 statim
988 351 1099 414 inians,

88 459 157 502 nam
180 448 210 502 et
231 459 339 522 pavore
364 445 579 522 expergiscitur
603 453 632 506 et
656 451 774 504 suctum
801 444 942 504 imitatur.
980 442 1101 521 qnidam

88 549 158 590 vero
181 549 355 612 numquam,
384 532 492 613 quibus
515 535 702 594 mortiferum
729 533 822 594 fuisse
851 535 969 612 signum
996 539 1101 592 contra

88 621 336 682 consuetudinem
358 624 506 683 somnium
529 625 696 684 invenimus
720 622 861 704 exempla.
903 641 1027 702 magnus
1050 621 1100 682 hic

61 711 191 770 ⁵invitat
209 708 292 772 loc'us
316 717 346 770 et
364 711 489 772 diversis
507 713 637 774 refertus
660 713 854 796 documentis,
878 721 1018 774 utrumne
1042 713 1103 772 sint

88 799 188 878 aliqua
216 802 362 880 praescita
394 803 482 862 animi
513 804 695 881 quiescentis
730 822 847 883 quaque
876 803 948 864 fiant
976 803 1102 884 ratione,

89 907 126 948 an
149 889 272 950 fortuita
294 907 343 949 res
362 893 401 951 sit
423 898 457 951 ut
478 890 629 971 pleraque.
676 895 701 953 si
724 892 866 972 exemplis
889 899 1005 974 agatur,
1032 909 1101 971 pro·

88 977 167 1039 secto
190 979 272 1059 paria
295 979 381 1061 nant<
411 984 518 1041 avino
542 989 572 1041 et
595 1001 612 1041 a
635 981 709 1042 cibis
732 985 866 1060 proxima
889 989 976 1061 atque
1000 983 1032 1042 in
1054 999 1101 1041 re·

89 1067 267 1128 dormitione
297 1087 370 1128 vana
400 1087 465 1130 esse
496 1071 558 1133 risa
593 1089 687 1151 prope
723 1073 868 1132 convenit.
924 1078 970 1132 est
1002 1078 1102 1132 autem

48 1163 74 1204 1⁰
88 1175 210 1218 somnus
234 1156 307 1218 nihil
330 1157 409 1221 aliud
433 1178 522 1239 quam
545 1162 635 1220 animi
657 1161 688 1220 in
711 1160 842 1221 medium
866 1178 932 1220 sese
955 1177 1101 1220 recessus,
1133 1225 1137 1234 ,

87 1254 208 1327 praeter
230 1245 381 1307 hominem
405 1251 552 1310 somniare
580 1268 687 1331 equos,
715 1268 817 1330 canes,
844 1249 948 1329 boves,
976 1267 1093 1330 pecora,
1103 1250 1158 1299 212

89 1353 193 1414 capras
216 1336 312 1415 palam
336 1345 388 1398 est.
434 1336 472 1399 ob
500 1338 557 1399 hoc
585 1339 717 1400 creditur
745 1346 776 1400 et
802 1341 833 1398 in
862 1338 999 1398 omnibus
1028 1356 1103 1418 quae

89 1425 197 1485 animal
224 1427 349 1504 pariant.
397 1427 433 1488 de
461 1429 498 1488 iis
526 1446 602 1507 quae
631 1447 684 1488 ova
713 1429 839 1508 gignunt
869 1429 1018 1488 incertum
1049 1437 1104 1509 est,

90 1513 143 1575 sed
167 1513 296 1575 dormire
321 1533 355 1575 ea
378 1523 502 1577 certum.

49 1609 75 1652 1⁶
157 1602 267 1664 Verum
290 1611 320 1664 et
343 1604 379 1664 ad
402 1607 515 1668 insecta
537 1613 731 1668 transeamus.

492 1800 704 1809 m—

385 1925 422 1998 O.
450 1925 584 1998 PLINI
611 1925 817 2000 suuunnl

255 2051 586 2144 Nnuunnnls
622 2055 941 2144 Hlsuoumn

495 2209 628 2276 neuun
650 2208 707 2276 m.

529 2356 689 2364 um.—

169 2438 221 2530 (1)
258 2411 382 2508 Restant
410 2449 562 2508 inmensae
597 2447 768 2516 subtilitatis
803 2446 953 2530 animalia,
986 2446 1139 2526 quandol

49 2554 77 2596 ao
93 2537 184 2618 aliqui
207 2555 241 2599 ea
263 2555 360 2616 neque
389 2538 502 2616 spirare
530 2544 561 2597 et
588 2539 731 2615 sanguine
760 2537 849 2596 etiam
876 2553 978 2596 carere
1006 2535 1105 2614 prodi-

93 2627 211 2688 derunt.
259 2621 292 2688 l.
320 2626 412 2688 multa
434 2625 507 2686 baec
530 2634 561 2686 et
583 2625 786 2706 multigenera,
809 2627 1000 2685 terrestrium
1026 2624 1107 2684 volu·

93 2735 238 2796 urumque
260 2719 335 2778 vita:
365 2715 420 2776 alia
442 2717 576 2798 pinnata,
603 2723 638 2776 ut
660 2733 747 2796 apes,
771 2713 825 2773 alia
852 2719 982 2792 utroque
1011 2713 1107 2793 modo,

93 2815 127 2868 ut
150 2807 304 2887 formicae,
328 2805 425 2884 aliqua
448 2813 478 2866 et
500 2807 600 2884 pinnis
623 2801 802 2884 etpedibus
826 2798 970 2884 carentia,
994 2809 1028 2862 ut
1051 2849 1107 2884 ...‚

92 2899 159 2957 iure
182 2897 281 2956 omnia
302 2897 418 2956 insecta
440 2894 583 2974 appellata
606 2893 642 2954 ab
665 2894 806 2954 incisuris
831 2910 905 2971 quae
934 2910 1015 2954 nunc
1044 2909 1108 2952 cer·

50 2999 78 3042 as
93 2987 203 3048 vicium
220 2985 294 3066 loco,
314 3003 394 3046 nunc
411 2991 569 3064 pectorum
588 2992 675 3063 atque
695 2982 760 3063 alvi,
778 2983 948 3061 praecincta
968 2988 1111 3060 separant

169 3192 322 3248 lsomnini
339 3199 369 3247 1).
402 3191 442 3246 ia
459 3191 564 3246 ΠΨ.
654 3189 809 3244 trefertus
826 3189 888 3244 rid.
922 3191 979 3243 -tur
996 3205 1020 3244 r.

97 3271 242 3334 equoque
261 3265 330 3318 coni.
350 3263 411 3319 snt
444 3279 500 3332 qun
518 3263 576 3318 lto.
649 3266 702 3316 Sa
719 3261 786 3317 uino
804 3277 828 3316 c.
858 3263 991 3316 autumno
1011 3261 1038 3315 ii.

98 3339 131 3390 15
146 3335 176 3388 et
188 3351 238 3389 orn.
251 3340 283 3389 B.
300 3335 304 3404 t
318 3341 380 3404 poet
393 3337 567 3389 transeamus
582 3333 690 3390 addunt
703 3335 761 3390 lio.
783 3333 855 3388 haec
868 3348 989 3402 namque
1003 3333 1115 3387 restant

96 3407 239 3461 inmensae
253 3405 416 3473 subtilitatis
430 3405 572 3460 animalia
645 3411 679 3460 22
695 3411 759 3476 post
771 3405 831 3460 vita
844 3406 951 3460 viduor
965 3405 1111 3460 membrum
1183 3423 1185 3427 ·

96 3479 265 3534 intercidisse
284 3477 341 3532 ulia
358 3477 450 3548 pinnis
470 3477 594 3533 carentia
615 3479 649 3532 ut
671 3478 884 3548 scolopendrae,
908 3477 959 3544 cfr.
979 3477 1065 3532 Arist.
1085 3476 1109 3530 b.

97 3569 124 3606 a.
143 3552 192 3602 IV
200 3556 216 3605 1
231 3567 263 3620 p.
273 3549 375 3616 52313,
389 3554 433 3606 17.
524 3555 557 3604 23
577 3551 706 3605 lacunam
723 3566 770 3622 epo
788 3550 927 3616 indicavi;
954 3564 1050 3604 nomen
1068 3549 1117 3602 iu-¹

96 3623 162 3678 aceti
180 3623 258 3679 deest.
286 3624 318 3676 ut
335 3621 397 3675 ΡΒ
415 3639 428 3676 e
447 3638 515 3679 corr.
544 3623 573 3676 et
590 3627 636 3678 nd.
665 3629 729 3677 en.
759 3638 809 3677 om.
828 3621 891 3676 Nc.
1001 3625 1036 3675 24
1054 3620 1110 3676 iuri

97 3695 208 3750 r¹B¹lt
281 3698 368 3749 2426
389 3693 537 3750 conuitium
555 3699 579 3750 d.
613 3696 699 3750 -icum
717 3700 772 3749 Bo.

152 3787 220 3828 an.
234 3797 290 3828 nun.
305 3795 368 3828 mu.
395 3786 427 3830 11.
921 3789 955 3838 14
972 3781 979 3790 ⁴
