2364 3930
158 163 221 228 160
315 127 322 140 ’
416 179 424 187 -
502 161 826 218 cremonensem

154 315 260 376 ctrinis
283 313 405 374 doctore
428 311 524 373 nullo:
553 313 712 388 neminem¹
731 313 882 388 exstitisse
909 311 961 389 qui
986 310 1091 371 viderit
1113 329 1153 368 ve·

155 411 302 484 suentem,
332 420 451 463 sacrum
472 403 505 462 in
526 399 634 462 Arabia
657 399 720 461 Soli
742 419 823 482 esse,
851 401 951 460 vivere
977 401 1062 461 annis
1084 413 1155 474 oxu,

155 499 362 554 senescentem
393 492 488 552 casiae
521 492 655 570 turisque
688 489 832 552 surculis*
850 497 1025 550 eonstmere
1057 487 1156 568 nidum,

154 581 272 662 replere
301 579 444 642 odoribus
473 587 504 641 et
533 581 727 658 superemori.
786 598 823 639 ex
853 577 971 639 ossibus
1002 577 1106 640 deinde
1133 587 1156 636 et

154 669 292 732 medullis
315 671 381 730 eius
403 670 486 730 nasci
507 670 604 748 primo
627 685 683 728 ocu
701 667 906 748 vermiculum,
928 667 998 728 inde
1017 668 1083 728 lieri
1103 666 1157 746 pul-

154 759 226 840 lum,
247 760 454 839 principioque
472 759 550 818 iusta
568 757 674 818 lnucra
692 759 788 836 priori
806 755 931 818 reddere
952 763 983 816 et
999 763 1097 818 totum
1117 757 1158 815 de·

154 849 233 909 lcrre
257 847 360 908 nidum
382 865 476 926 prope
499 844 675 906 Panchaiam
705 847 737 906 iu
761 845 839 906 Solis
865 844 971 906 urbem
999 853 1029 906 et
1060 847 1091 906 in
1119 864 1159 905 ara

119 935 196 996 cibi
219 937 399 1016 deponere·
423 953 493 996 eum
518 933 608 994 huius
631 933 709 995 alitis
731 937 791 994 vita
817 937 915 1015 magni
943 937 1160 996 conversionem

154 1027 225 1086 anni
247 1026 313 1085 fieri
329 1023 430 1104 prodit
447 1023 528 1084 idem
548 1021 730 1104 Manilius,
752 1026 921 1104 iterumque
938 1025 1160 1103 significationes

153 1121 366 1194 tempestatum
388 1120 419 1173 et
440 1112 575 1172 siderum
597 1112 717 1174 easdem
738 1115 862 1195 reverti,
886 1113 943 1174 hoc
965 1119 1070 1174 autem
1093 1116 1160 1174 circa

154 1203 309 1264 meridiem
335 1203 467 1280 incipere
496 1220 555 1280 quo
583 1201 630 1262 die
645 1204 778 1282 signum
805 1205 907 1264 arietis
934 1202 978 1262 sol
1005 1203 1163 1280 intraverit,

42 1311 44 1318 ⁴
155 1301 186 1354 et
207 1293 300 1354 luisse
323 1293 387 1352 eius
411 1292 614 1374 conversionis
640 1309 752 1352 annum
773 1291 918 1371 prodente
942 1309 974 1352 se
997 1291 1031 1352 P.
1055 1292 1162 1353 Licinio

155 1380 207 1441 Cn.
231 1379 367 1440 Cornelio
391 1369 568 1440 oonsulibus
587 1377 689 1442 0⁸0sz
741 1378 933 1442 Cornelius
954 1379 1161 1442 Valerianus

153 1469 329 1549 phoenicem
352 1468 531 1530 devolavisse
554 1471 586 1530 in
604 1470 770 1550 Aegyptum
791 1469 883 1531 tradit
906 1469 939 1540 Q.
959 1469 1080 1531 Plautio
1104 1470 1162 1530 Sex.

153 1558 276 1639 Papinio
299 1557 480 1619 consulibus.
528 1557 633 1620 allatus
655 1565 702 1618 est
725 1565 755 1618 et
777 1561 809 1620 in
832 1557 939 1620 urbem
961 1557 1068 1620 Claudi
1090 1561 1161 1639 prin·

153 1649 228 1728 cipis
252 1665 392 1728 censura,
413 1665 499 1730 ¹anno
522 1645 606 1716 urbis
633 1659 740 1729 Doce,
771 1656 801 1708 et
827 1650 859 1708 in
887 1649 1006 1708 comitio
1034 1651 1163 1728 proposi·

153 1745 211 1817 tus,
235 1737 314 1816 qnod
337 1737 427 1796 actis
450 1743 593 1797 testatum
611 1744 666 1818 est,
689 1737 742 1798 sed
761 1755 851 1816 quem
868 1736 974 1798 falsum
994 1755 1064 1798 esse
1084 1755 1162 1798 nemo

154 1825 312 1886 dubitaret.

118 1928 135 1976 o
221 1908 256 1977 3.
280 1907 334 1997 (3)
366 1913 411 1974 Ex
433 1913 479 1975 his
503 1932 577 1994 quas
599 1917 735 1976 novimus
759 1915 873 1994 aquilae
896 1917 1045 1976 maximus
1068 1916 1163 1992 honos,

153 2005 279 2064 maxima
301 2012 332 2064 et
354 2004 407 2064 vis
453 2021 505 2064 sex
529 2021 632 2064 earum
654 2022 777 2082 genera:
804 2003 984 2080 melanaitos
1008 2023 1025 2064 a
1050 2005 1165 2065 Graecis

154 2093 232 2152 dicta
267 2090 385 2169 [eadem
418 2094 450 2152 in
477 2091 620 2173 Valeria],
654 2095 775 2154 minima
805 2093 1022 2174 magnitudine,
1058 2093 1166 2155 viribus

155 2183 324 2262 praecipua,
347 2181 446 2242 colore
466 2183 624 2261 nigricans.
661 2181 724 2242 sola
737 2181 903 2261 aquilarum
921 2183 1000 2244 setus
1019 2201 1093 2244 suos
1112 2183 1167 2245 alit.

81 2347 82 2352 ἵ
113 2297 140 2337 n
154 2277 280 2350 ceterae,
303 2277 338 2330 ut
360 2270 503 2351 dicemus,
525 2271 641 2351 iugant3
665 2271 727 2332 sola
749 2273 814 2332 sine
833 2271 981 2352 clangore,
1004 2271 1071 2334 sine
1089 2291 1167 2334 mur-

118 2360 328 2423 vmuratione.
374 2365 568 2422 conversatur
596 2367 696 2420 autem
722 2363 755 2420 in
777 2359 942 2441 montibuS,
972 2361 1098 2422 secundi
1121 2381 1165 2440 ge·

153 2449 235 2508 neris
256 2465 404 2528 pygargus
431 2451 463 2508 in
486 2449 602 2528 oppidis
631 2456 661 2510 et
687 2451 719 2510 in
742 2451 867 2530 eampis,
896 2448 1044 2510 albicante
1068 2451 1167 2511 canda.

152 2538 235 2599 tertii
252 2536 424 2622 morphnos,
446 2555 535 2616 quam
552 2537 727 2600 Homerus
749 2547 779 2600 et
796 2557 941 2618 percnum
960 2547 1056 2620 vocat,
1078 2540 1166 2618 aliqui

153 2634 184 2687 et
205 2625 346 2706 plangum
365 2633 395 2687 et
412 2627 582 2708 anatariam,
605 2627 736 2689 secunda
753 2627 954 2706 magnitudine
974 2635 1006 2688 et
1022 2629 1062 2689 vi.
1098 2628 1167 2688 hui·-

152 2717 212 2776 vita
235 2718 315 2776 circa
337 2713 433 2780 lacus..
473 2714 676 2776 Phemonoe
703 2715 847 2796 Apollinis
874 2716 951 2778 dicta
979 2715 1040 2776 filia
1063 2717 1167 2778 dentes

153 2806 181 2864 ei
210 2823 276 2865 esse
306 2803 436 2883 prodidit
465 2811 565 2865 mutae
595 2803 665 2866 alias
695 2806 867 2884 carentique
897 2805 1011 2885 lingua,
1044 2807 1169 2866 eandem

224 3011 367 3064 3cassiac
384 3010 427 3065 1².
455 3011 498 3064 -i'a‘
512 3011 598 3065 1¹⁸d.
623 3011 764 3065 cesione
792 3029 873 3067 cossa
889 3012 934 3066 12¹.
1044 3015 1109 3068 let
1122 3015 1158 3064 1⁷²

152 3096 203 3136 ota.
222 3086 247 3134 d.
275 3097 332 3136 er.
392 3082 596 3152 'l‘penchaiam
613 3081 654 3136 1².
683 3081 787 3137 -oeinm
800 3082 838 3139 ι’.
864 3081 996 3154 pocaiam
1008 3083 1053 3138 1¹.
1083 3087 1164 3138 -nmm

151 3152 189 3206 1²
211 3153 243 3207 in
264 3169 320 3208 rae.
356 3155 445 3208 atum
468 3153 505 3208 ιι.
541 3154 696 3224 spectatam
720 3157 745 3210 d.
779 3154 831 3222 cfr.
850 3153 938 3210 solio
956 3157 1004 3221 33,
1022 3160 1073 3212 12.
1110 3153 1163 3208 [Ἡ.

152 3223 245 3279 cleroet.
263 3241 291 3294 p.
306 3229 360 3280 145
373 3241 415 3280 oo.
433 3243 478 3294 pr·
497 3225 604 3283 Panch-
619 3239 674 3293 pro
686 3225 792 3294 speon
804 3225 890 3282 landet
944 3231 961 3282 9
979 3227 1163 3282 mamiliusn

224 3301 257 3348 15
277 3298 322 3349 est
339 3298 368 3350 et
385 3295 427 3349 Ἡ.
456 3298 531 3350 esset
547 3313 570 3350 r.
643 3301 676 3350 21
696 3311 782 3351 moces
794 3298 892 3366 pocot
907 3297 982 3352 Det.
1014 3298 1163 3365 eademqne

151 3365 258 3420 valeria
270 3365 338 3425 Dal.
352 3367 461 3423 videtur
472 3382 571 3420 nomen
584 3367 705 3435 aliquod,
722 3371 756 3422 ot
768 3367 916 3437 leporario,
934 3369 1019 3426 lutere
1028 3371 1070 3434 ,in
1082 3387 1120 3425 er.
1135 3367 1160 3420 in

152 3435 271 3489 celeria:
289 3435 340 3502 cfr.
359 3435 447 3490 Arist.
465 3437 491 3491 lt.
506 3453 532 3490 o.
547 3439 594 3488 IX
606 3441 686 3507 3212.
702 3442 758 3493 618
766 3438 804 3505 Β,
818 3443 858 3495 28
876 3441 1049 3506 μελανάετοε
1068 3445 1112 3497 καὶ
1122 3445 1160 3492 ln-

151 3507 291 3572 γωφὸνοε,
382 3511 415 3560 25
434 3506 465 3563 in
482 3506 592 3576 oppidis
609 3507 744 3564 mansitat
760 3525 785 3564 o.
877 3516 914 3566 26
967 3527 1092 3568 renum
1108 3511 1157 3563 1²2

224 3580 257 3628 27
277 3575 412 3644 plangum
430 3579 460 3632 et
481 3576 542 3631 Sall.
566 3578 625 3632 coll.
643 3579 733 3634 Arist.
755 3581 773 3636 l.
792 3581 810 3636 l.
830 3585 877 3637 23.
915 3527 1054 3652 cffngmt
1076 3588 1106 3638 et·
1123 3583 1156 3632 Ρ

169 3641 301 3711 lanugem
320 3663 343 3698 ι.
372 3645 505 3715 clanuget
521 3647 660 3715 lid(li¹?).
709 3692 714 3703 ,
