2364 3928
325 199 457 248 cnssotl
472 198 551 246 JANI
566 199 772 248 PRAEFATIO.
1033 203 1057 250 V

48 359 128 431 vellet,
142 357 190 416 ille
206 357 369 416 adolescens
387 359 425 416 21
443 375 573 417 annorum
588 377 604 416 a
619 360 776 416 Thierschio
793 359 967 435 dignissimus
982 360 1056 418 habi·

48 455 85 499 tus
104 451 144 500 est
164 446 213 518 qui
236 461 270 500 eo
290 461 406 502 munere
426 445 597 520 iungeretur.
632 444 783 501 llestitutus
803 447 884 518 regiis
903 445 1056 520 sumptibus

47 528 174 584 Florentia
188 528 304 585 Romam
320 537 348 585 et
362 529 502 603 Neapolim
518 527 582 585 adiit
600 529 637 586 ibi
652 545 761 602 quoque
776 529 844 585 Plini
864 529 948 586 libros
963 546 1055 585 mann·

46 616 153 686 scriptos
173 621 403 688 perscrutaturus
427 625 455 670 et
480 631 512 672 es
531 622 609 688 parte
629 613 747 670 Vaticani
767 614 867 671 codicis
885 615 913 671 Ι)
930 614 1055 670 lectionis

45 699 249 772 discrepantiam
265 701 417 774 exscripsit.
446 698 544 756 Deinde
559 695 681 756 Lutetiae
696 715 806 772 quoquc
821 698 957 756 codicibus
973 715 1056 772 quan·

47 791 95 838 tum
107 781 157 838 illo
173 782 310 858 temporis
322 785 411 858 spatio
426 782 484 840 fieri
497 785 588 858 potuit
599 785 718 840 excussis
730 789 757 839 et
768 783 959 842 collationibus
971 784 1056 839 omni·

46 867 87 922 bus
101 867 214 942 Silligio
238 867 273 924 ad
293 885 417 942 magnam
438 871 496 925 eius
516 869 659 924 curandam
679 867 826 925 editionem
846 870 934 924 missis
956 868 1056 924 detexit

46 951 204 1026 bambergae
216 955 361 1027 egregium
375 953 453 1009 illum
460 952 530 1008 Plini
541 953 661 1009 codicem
668 961 850 1008 extremorum
863 969 911 1009 sex
925 951 1056 1008 librorum

46 1038 171 1108 optimum
193 1036 304 1093 iontem
325 1039 371 1112 qui
391 1039 479 1111 ipsum
499 1036 560 1093 libri
575 1036 687 1092 XXXVll
708 1035 789 1094 linem
810 1046 889 1094 antea
903 1053 917 1092 a
932 1045 1008 1111 patre
1028 1039 1056 1092 in

44 1121 236 1177 dissertatione
258 1122 410 1196 inaugurali
430 1123 592 1196 requisitum
614 1121 689 1178 solus
710 1123 841 1179 continet.
876 1120 1058 1195 Quadraginta

43 1205 132 1260 deinde
147 1223 203 1280 per
218 1223 308 1262 annos
322 1207 402 1262 horas
420 1215 447 1264 et
462 1207 606 1263 matutinas
622 1214 650 1263 et
664 1208 848 1280 vespertinas,
870 1223 937 1282 quas
952 1206 997 1262 alii
1012 1211 1058 1262 aut

43 1305 133 1346 somno
157 1289 289 1346 tribuunt
309 1299 356 1346 ant
370 1291 517 1365 voluptati,
537 1291 666 1365 plurimas
684 1291 731 1347 ille
751 1293 901 1349 consumsit
919 1293 947 1348 in
968 1307 1058 1346 emen·

44 1373 125 1430 dando
147 1373 243 1430 Plinio
266 1384 294 1432 et
313 1377 427 1432 maximo
446 1391 559 1432 numero
584 1377 708 1432 locorum
733 1377 937 1452 desperatorum
956 1375 1059 1432 inuenit

43 1458 191 1532 medelam,
215 1465 247 1514 ut
263 1459 430 1532 Silligianum
450 1459 518 1516 illud
533 1462 599 1534 quin
619 1477 692 1518 nunc
706 1478 800 1518 omnes
821 1461 915 1518 habeat
931 1475 1059 1516 numeros

44 1545 161 1598 tentatis
179 1545 294 1600 minime
311 1545 346 1600 sit
361 1543 479 1602 dubium.

98 1627 162 1702 Ego
180 1636 287 1702 antem,
302 1645 364 1685 cum
378 1637 487 1703 ereptus
501 1631 568 1686 mihi
583 1639 657 1686 esset
671 1639 747 1704 pater
761 1630 960 1703 dilectissimus,
976 1646 1059 1703 quan

43 1729 117 1785 quam
133 1721 222 1769 antea
236 1729 376 1786 nunquam
390 1712 447 1770 ullo
459 1714 610 1771 litterarum
623 1716 652 1771 in
664 1732 746 1789 opere
761 1731 822 1770 eum
838 1715 989 1772 adiuveram
1003 1723 1031 1770 et
1046 1729 1061 1769 a

45 1797 256 1870 quaestionibus
270 1791 399 1854 Pliniauis
414 1800 553 1856 etiamtum
568 1815 639 1856 eram
655 1799 840 1870 alienissimus,
857 1801 910 1855 iam
925 1799 1062 1855 smctissi·

44 1899 111 1937 mum
132 1883 253 1956 pietatis
275 1899 335 1938 esse
357 1881 475 1940 cilicium
495 1883 622 1958 putabam
643 1891 673 1939 ut
694 1885 767 1958 quod
787 1883 918 1940 iniectum
937 1883 984 1938 ille
998 1882 1062 1937 reli·

44 1969 146 2038 quisset
163 1983 222 2040 ego
243 1965 410 2040 perficerem.
445 1967 571 2043 Plagulas
585 1971 677 2044 itaque
696 1969 759 2026 inde
773 1985 788 2023 a
806 1968 845 2026 10
859 1985 874 2024 a
888 1967 1060 2042 typographo

42 2053 134 2107 missas
162 2053 293 2124 correxi,
318 2051 522 2125 explicationem
544 2055 686 2128 signorum
711 2053 830 2126 conieci,
856 2053 1062 2128 discrepantiam

41 2135 194 2192 lectionum
211 2135 286 2190 haud
300 2139 554 2212 semper'scriptura
565 2141 629 2196 satis
644 2138 767 2195 distincta
779 2155 932 2213 expressam
948 2136 1064 2211 diligen·

41 2229 79 2276 ter
92 2221 242 2293 recensui,
258 2235 342 2293 pauca
358 2221 494 2278 interdum
508 2224 612 2280 uncinis
627 2225 708 2279 rectis
728 2223 831 2280 inclusa
845 2221 943 2294 addidi,
959 2221 1064 2278 Riccar·

42 2305 128 2361 dianas
155 2305 327 2380 praesertim
354 2312 381 2361 et
401 2305 537 2363 Vaticanas
564 2307 695 2364 lectiones
722 2324 783 2364 oum
804 2307 941 2364 schedulis
965 2306 1065 2363 liresda

41 2388 252 2463 Landsbergam
267 2391 402 2445 arcessitis
421 2391 520 2448 iterum
534 2391 638 2448 contuli
654 2399 681 2448 et
696 2393 896 2448 accuratissime
909 2393 1066 2466 imprimen-

43 2474 83 2530 das
106 2475 219 2532 curavi.
269 2467 300 2530 Si
325 2481 414 2530 tamen
439 2475 503 2548 quid
528 2479 647 2532 invenias
670 2479 759 2532 minus
783 2485 857 2534 recte
883 2475 1063 2548 observatum,

42 2562 140 2616 veniam
159 2574 273 2632 quaeso
294 2556 391 2614 habeas
413 2560 478 2616 mihi
492 2561 617 2617 luctuosa
639 2561 787 2618 calamitate
803 2561 836 2617 ad
851 2563 903 2618 hoc
918 2562 1065 2634 suscipien-

43 2644 100 2700 dum
113 2661 193 2719 opus
207 2651 317 2698 vocato.
342 2641 472 2716 Equidem
485 2646 672 2702 Autenriethio
683 2644 842 2720 Erlangensi
854 2648 900 2720 qui
912 2655 939 2702 et
950 2645 1064 2702 consilio

43 2730 153 2785 ctiacto
173 2726 309 2784 omnibus
328 2729 356 2784 in
370 2728 451 2785 rebus
466 2731 622 2786 amicissime
637 2747 668 2786 ac
688 2731 889 2804 promptissime
905 2746 947 2786 me
962 2724 1066 2786 adiuvit

42 2816 90 2885 pias
106 2825 136 2870 et
153 2811 252 2870 haheo
270 2819 298 2868 et
312 2829 363 2888 ago
379 2815 488 2887 gratias.
511 2871 512 2878 χ

98 2897 345 2971 orthographiam
361 2899 384 2954 si
398 2914 460 2954 cum
474 2902 566 2972 priore
581 2899 700 2957 editione
715 2901 928 2974 comparaveris,
944 2901 1067 2974 complu·

43 2983 108 3040 ribus
129 2987 163 3040 in
190 2981 280 3038 rebus
300 2983 422 3038 invenies
443 2991 579 3040 mutatam.
616 2983 725 3040 normas
747 2993 857 3058 quartae
878 2984 1066 3043 declinationis

43 3071 113 3127 heis
128 3075 278 3126 exeuntes
293 3083 367 3123 nunc
381 3065 450 3123 binis
466 3069 563 3124 litteris
573 3087 593 3126 u
603 3068 685 3125 habes
700 3071 826 3143 scriptas,
841 3071 911 3126 sicut
925 3071 954 3125 in
967 3071 1066 3128 codici·

45 3155 83 3210 bns
98 3157 135 3212 M
150 3161 183 3210 et
203 3153 234 3207 B
247 3167 334 3224 saepe
355 3153 434 3208 etiam
449 3153 476 3208 in
492 3153 518 3208 R
534 3171 548 3209 a
563 3156 654 3228 priore
669 3170 750 3210 manu
770 3156 884 3228 scriptae
900 3171 960 3210 esse
976 3155 1067 3212 solent

46 3239 73 3310 sp.
88 3240 119 3312 9,
136 3237 185 3296 24
200 3256 224 3294 s.
249 3251 347 3292 errore
362 3237 414 3292 hoc
429 3237 609 3296 videturesse
625 3237 774 3310 omissum).
804 3237 904 3309 Littera
919 3241 938 3295 lt
953 3247 1016 3313 post
1032 3260 1067 3296 rr

45 3325 107 3380 indi
113 3339 236 3398 semper
252 3321 347 3394 posita
361 3327 393 3376 ut
407 3323 434 3376 in
449 3324 545 3378 ceteris
558 3323 737 3380 voluminibus
751 3325 788 3379 ita
802 3322 856 3379 hoc
871 3341 980 3397 quoque
994 3341 1066 3380 nnnc

45 3419 78 3463 est
90 3411 241 3468 restituta,
282 3404 370 3460 Etiam
392 3405 492 3462 iormas
513 3412 680 3469 aestimare
695 3416 723 3464 ct
738 3412 916 3465 existimare
936 3411 987 3463 iam
1003 3409 1067 3464 inde

46 3492 171 3552 abaltero
190 3490 340 3549 volumine
355 3497 433 3564 pater
447 3501 596 3568 receperat,
612 3491 702 3550 sedin
717 3492 886 3568 superlativis
902 3501 930 3549 et
944 3509 1066 3549 numera·
