2364 3930
148 179 211 242 164
493 176 522 232 G.
540 177 639 231 PLINI
657 175 815 232 annuum

146 349 182 390 ex
201 328 248 388 his
267 329 381 409 reliqua
400 346 453 388 ova
471 327 633 406 nidumque
652 325 795 407 lustrare,
813 343 881 384 mox
900 323 1025 385 ahicere.
1056 324 1147 384 triduo

146 425 246 480 autem
269 426 337 478 ante
360 417 497 478 advolare
521 434 572 476 eos
595 414 649 476 uhi
673 414 814 476 cadavera
836 415 938 474 lutura
961 421 1039 475 sunt.

94 511 129 562 20
215 503 246 568 7.
267 500 319 589 (8)
344 505 522 586 Sanqualem
543 523 627 565 avem
650 512 739 583 atque
757 503 941 565 inmusulum
958 521 1087 582 augures
1100 503 1148 562 llo-

147 599 227 657 mani
250 614 358 675 magna
381 599 413 656 in
432 596 607 674 quaestione
624 592 743 653 hahent.
779 593 963 654 inmusulum
986 593 1077 671 aliqui
1098 589 1151 650 rul-

146 688 225 746 turis
255 685 371 765 puMum
403 684 586 744 arbitrantur
610 701 676 742 esse
713 689 744 742 ct
780 681 952 761 sanqualem
989 682 1172 758 ossifragcr.⁵

147 775 326 835 Masurius
357 771 530 854 sanqualem
558 771 736 850 ossilragum
766 789 832 831 esse
863 771 947 852 dicit,
979 769 1153 830 inmusulum

148 871 247 924 autem
269 863 385 942 pullum
407 861 535 943 aquilae,
562 863 736 940 priusquam
763 858 870 921 alhicet
896 859 998 920 cauda.
1046 859 1154 938 quidam

146 959 216 1031 post
228 951 361 1012 Mucium
384 969 528 1030 augurem
550 951 629 1010 visos
647 967 708 1009 non
727 967 793 1009 esse
812 948 921 1009 Romae
942 948 1156 1024 confirmavere,

148 1059 217 1122 ego,
240 1041 321 1120 quod
339 1043 402 1100 veri
421 1039 559 1120 similius,
581 1041 613 1098 in
632 1037 744 1098 desidia
762 1055 865 1098 rerum
883 1039 1018 1098 omnium
1037 1035 1157 1096 arbitror

148 1147 208 1190 non
232 1133 356 1209 agnitos.
1169 1131 1174 1172 ¹

96 1223 130 1272 21
218 1213 252 1281 8.
277 1213 329 1302 (9)
353 1218 536 1298 Accipitrum
559 1235 670 1296 genera
693 1217 823 1278 sedecim
845 1217 1029 1295 mmmmm,
1059 1233 1097 1274 ex
1120 1213 1159 1271 his

149 1307 300 1386 aegithum
323 1307 461 1368 claudum
484 1306 576 1367 altero
599 1305 676 1385 pede
698 1307 895 1385 prosperrimi
913 1306 1034 1384 augurii
1054 1305 1159 1382 nuptia·

147 1395 226 1457 lihus
240 1399 367 1476 negotiis
382 1405 412 1457 et
425 1397 581 1476 pecuariae
600 1397 659 1475 rei;
680 1393 842 1458 triorchem
860 1412 877 1454 a
894 1411 1021 1454 numero
1038 1391 1174 1476 testium}

151 1488 201 1546 cui
222 1489 423 1566 principatum
446 1487 477 1545 in
501 1485 633 1564 auguriis
655 1483 857 1543 Phemonoe
881 1482 970 1542 dedit.
1002 1477 1174 1542 buteonem

149 1575 230 1634 hunc
254 1575 401 1654 appellant
424 1573 564 1655 Romani,
587 1571 697 1632 familia
720 1573 809 1632 etiam
832 1590 869 1632 ex
892 1590 927 1631 eo
951 1573 1163 1649 cognominata.

152 1681 221 1724 cum
247 1681 391 1743 prospero
422 1664 555 1741 auspicio
583 1664 615 1722 in
645 1661 731 1722 ducis
760 1663 828 1720 navi
857 1660 991 1720 sedisset.
1042 1659 1164 1738 epileum

152 1751 257 1812 Graeci
275 1759 381 1812 vocant
399 1753 451 1830 qui
470 1750 550 1812 solus
569 1752 798 1829 omnitempore
814 1757 943 1831 apparet,
962 1750 1063 1810 ceteri
1077 1749 1164 1808 hienu

98 1845 133 1894 22
152 1840 271 1902 abeunt.
316 1841 467 1904 distinctio
491 1857 636 1919 generum
663 1857 700 1899 ex
722 1839 868 1900 aviditate.
914 1837 963 1898 alii
986 1857 1053 1899 non
1077 1841 1166 1898 nisio

151 1938 233 1990 terra
255 1933 377 2010 rapiunt
400 1948 491 2012 avem,
515 1928 565 1990 alii
588 1947 648 1989 non
671 1929 730 1988 nisi
748 1929 828 1988 circa
847 1926 969 1988 arbores
988 1927 1167 1992 volitantem.

152 2019 201 2080 alii
224 2019 376 2080 sedentem
399 2021 431 2078 in
452 2017 581 2099 suhhmi,
604 2017 694 2096 aliqui
713 2016 859 2077 volantem
878 2019 910 2076 in
929 2023 1046 2097 aperto.
1077 2019 1168 2094 itaquo

153 2116 183 2168 et
206 2107 359 2168 columbae
383 2125 493 2168 novere
517 2126 553 2166 ex
575 2108 612 2166 iis
634 2105 768 2186 pericula
790 2109 913 2185 visoque
941 2105 1110 2168 considunt
1132 2103 1168 2162 rel

153 2196 318 2278 subvolant,
341 2204 445 2258 contra
467 2203 605 2256 naturam
628 2197 693 2256 eins
717 2194 892 2256 auxiliantes
915 2193 981 2255 sihi.
1018 2197 1056 2255 in
1080 2193 1170 2254 insula

154 2285 271 2345 Africae
295 2284 391 2346 Cerne
414 2288 446 2346 in
469 2303 580 2345 oceano
604 2285 762 2363 accipitres
788 2286 882 2346 totius
904 2283 1101 2362 Masaesyliae
1124 2283 1173 2346 hu<

155 2376 196 2434 mi
219 2374 371 2456 fetificant,
394 2393 450 2434 nec
473 2373 543 2434 ahhi
566 2380 731 2434 nascuntur
753 2371 812 2433 illis
835 2372 950 2434 adsueti
973 2371 1130 2451 gentihus.

106 2469 141 2518 23
227 2457 301 2546 (10)
324 2463 358 2524 ln
381 2462 524 2523 Thraciae
547 2469 632 2540 parte
655 2480 747 2542 super
760 2461 959 2541 Amphipolim
981 2459 1126 2521 homines
1148 2445 1173 2518 ol

155 2555 313 2632 accipitres
341 2553 483 2613 societate
511 2551 638 2630 quadam
664 2559 859 2628 aucupantur.
904 2550 936 2610 hi
965 2569 1002 2610 ex
1034 2550 1122 2610 silvis
1148 2557 1171 2606 rt

154 2643 361 2704 harundinetis
388 2641 520 2700 excitant
547 2657 628 2720 aves,
659 2639 703 2698 illi
735 2639 958 2719 supervolantes
990 2638 1164 2718 deprimunt

156 2750 263 2792 rursus
286 2737 387 2811 captas
410 2745 542 2807 aucupes
561 2728 697 2788 dividunt
715 2745 784 2788 cum
801 2730 847 2789 iis.
875 2727 1019 2788 traditum
1039 2737 1092 2788 est
1110 2730 1170 2786 mis-

155 2839 203 2880 sas
226 2822 258 2879 in
277 2818 403 2880 suhlima
423 2817 479 2877 sibi
499 2819 636 2896 excipere
656 2835 718 2898 eos,
740 2824 770 2876 et
788 2835 857 2877 cnm
875 2819 915 2877 sit
931 2825 1055 2896 tempus
1077 2827 1162 2896 captu

153 2925 214 2989 rae,
238 2908 376 2988 clangore
404 2925 438 2966 ac
469 2906 583 2966 volatus
613 2923 724 2984 genere
753 2908 879 2966 invitare
909 2903 945 2964 ad
976 2907 1171 2965 occasionem.

154 2997 250 3056 simile
279 2996 418 3076 quiddam
446 2994 509 3074 lupi
542 2993 578 3054 ad
604 2993 743 3055 Maeotim
770 2994 907 3074 paludem
936 2994 1062 3054 iaciunt.
1113 3011 1172 3053 narn

156 3155 198 3162 ——-

227 3239 356 3294 lta-idun
374 3256 399 3293 o.
428 3237 505 3292 -diuo
523 3237 561 3289 2²
578 3239 611 3290 io
627 3253 683 3291 roo,
712 3237 792 3292 -dimi
809 3237 853 3291 1³.
880 3235 936 3290 tria
952 3254 976 3290 r.
1077 3243 1172 3290 2amn

158 3310 291 3364 aduolare
305 3309 376 3362 ΒΡ.
404 3310 489 3362 antea
506 3309 604 3362 uolare
618 3307 709 3360 1²a¹d
726 3309 800 3373 (com
817 3324 872 3364 ras.
891 3312 954 3362 ante
970 3311 1010 3376 u).
1039 3311 1109 3360 ante
1124 3307 1169 3358 duc·

156 3379 254 3434 uolore
276 3379 307 3430 α’
332 3379 400 3445 (duo
418 3379 576 3447 pertinebat
598 3379 636 3432 nd
658 3377 727 3444 tria,
753 3394 812 3433 oon
833 3380 871 3433 od
893 3379 995 3446 anna).
1036 3380 1109 3432 ante
1131 3390 1172 3430 suu

157 3448 243 3501 biduo
261 3449 358 3502 volare
377 3449 436 3503 edd.
455 3453 520 3501 note
532 3447 625 3502 Hnrd.
693 3455 714 3502 ’4
732 3466 838 3519 magna
850 3449 993 3503 inlectus.
1011 3449 1116 3518 magni
1129 3450 1152 3500 ll.
1171 3447 1172 3518 l

158 3518 317 3582 quaestioni
329 3524 361 3572 R.
380 3523 427 3572 me
441 3523 466 3571 d.
522 3517 706 3586 sossifrngae
720 3523 745 3574 d
765 3537 845 3589 -gum
857 3538 881 3574 r.
937 3521 1172 3574 remorabatur*

169 3585 223 3638 ohe
242 3587 269 3639 ll.
350 3594 384 3641 14
401 3588 553 3641 buteonem
570 3604 594 3640 o.
627 3587 673 3640 -ti-
692 3589 719 3642 ll.
802 3595 835 3644 15
853 3589 961 3644 familia
974 3607 999 3644 o.
1025 3589 1109 3644 -liam
1124 3591 1170 3642 ll:

181 3670 245 3706 reo
263 3661 295 3708 B.
318 3672 369 3711 om.
388 3674 411 3710 r.
438 3658 442 3722 Ι
468 3657 694 3726 cognominatam
711 3663 765 3712 Ed.
839 3665 874 3716 25
891 3663 972 3731 parte
991 3660 1027 3714 ι’.
1051 3663 1142 3714 ·tesr
