2544 3948
329 222 414 276 NAT.
433 221 526 275 HIST.
545 221 597 276 XV
618 226 687 276 1—2
708 221 807 290 (1-3).
1010 217 1073 284 387

58 383 263 434 verumtamen
282 372 502 453 attondentur,
526 387 595 433 cum
614 379 644 432 et
662 373 747 453 vites,
770 380 858 450 atque
878 373 967 432 etiam
985 374 1077 434 inter·

58 463 124 524 radi
141 461 278 542 gaudent.
316 474 504 540 consequens
527 477 630 521 earum
652 459 800 520 vindemia
823 468 878 543 est,
901 477 1009 540 arsque
1031 461 1113 523 velt

59 553 154 612 maior
185 550 243 612 olei
274 557 373 612 musta
404 549 598 630 temperandi.
657 567 694 610 ex
726 547 829 636 eadem
861 552 971 630 quippe
1003 549 1079 612 oliva

60 640 203 702 dillerunt
226 641 299 701 suci.
339 640 470 724 primum
493 639 627 700 omnium
650 637 742 699 cruda
765 645 854 718 atque
877 639 1010 700 nendum
1033 641 1077 700 in-

29 730 182 791 senectae
210 729 399 790 maturitatis.
444 726 502 787 boc
529 745 635 808 sapore
662 729 959 808 praestantissimum.
1006 730 1079 808 quin

4 819 5 826 ’
60 827 91 880 et
114 834 151 879 ex
174 833 210 878 eo
232 819 328 898 prima
350 815 430 878 unda
456 815 533 895 preli
559 815 722 877 lautissima
750 833 784 878 ac
812 817 919 878 deinde
946 835 1001 898 per
1028 818 1078 878 dc·

60 909 256 989 minutiones,
284 908 344 968 sire
368 907 399 965 in
423 907 533 985 sportis
555 913 723 986 prematur,
747 909 821 987 sive,
849 914 883 967 ut
910 923 1007 987 nuper
1034 909 1078 968 in·

60 1004 183 1057 ventum
202 1004 257 1078 est,
280 994 406 1055 exilibus
425 994 538 1072 regulis
555 995 632 1073 pede
650 995 775 1056 incluso.
804 1003 915 1074 quanto
934 998 1079 1056 maturior
1098 1003 1114 1053 c

1249 683 1253 812 t

61 1084 145 1167 baca,
162 1092 245 1146 tanto
263 1086 404 1164 pinguior
423 1101 514 1144 sucus
532 1085 691 1166 minusque
710 1088 822 1164 gratus.
849 1086 962 1164 optima
979 1094 1080 1147 autem
1131 1144 1140 1153 ,
1256 1078 1257 1092 ’

14 1187 45 1228 1o
61 1181 142 1235 aetas
161 1172 197 1234 ad
211 1172 433 1253 decerpendum
450 1174 530 1234 inter
548 1174 664 1254 copiam
678 1172 899 1253 bonitatemque
918 1169 1079 1254 incipiente

60 1263 134 1324 baca
156 1264 341 1344 nigrescere,
363 1279 433 1324 cum
455 1270 562 1324 vocant
584 1261 728 1345 druppas,
752 1261 858 1323 Graeci
879 1281 951 1323 vero
974 1263 1079 1344 drype·

61 1351 147 1413 tidas.
192 1359 294 1414 cetero
317 1351 420 1433 distat,
443 1353 598 1413 maturitas
620 1351 670 1412 illa
692 1353 724 1412 in
747 1351 947 1413 torcularibus
968 1352 1021 1413 stat
1043 1367 1080 1413 an

61 1442 162 1522 ramis,
184 1441 269 1519 rigua
292 1441 384 1502 luerit
406 1437 496 1502 arbor
518 1459 555 1502 an
579 1459 634 1502 suo
657 1447 773 1502 tautum
796 1440 868 1502 baca
892 1459 964 1502 suco
993 1440 1079 1502 nibil-

63 1543 124 1610 que
145 1527 224 1590 aliud
248 1545 337 1608 quam
359 1547 445 1590 rores
468 1529 542 1590 caeli
564 1528 683 1592 biberit.

15 1633 46 1673 1⁵
129 1613 163 1682 2.
187 1611 240 1702 (3)
263 1617 401 1680 Vetustas
419 1618 485 1680 oleo
503 1619 634 1680 taedium
653 1615 758 1702 adlert,
781 1634 841 1680 non
859 1621 933 1680 item
951 1627 985 1681 ut
1002 1621 1080 1699 vinc,
1100 1625 1115 1674 t

61 1709 284 1788 plurimumque
312 1709 416 1769 aetatis
444 1725 543 1769 annuo
571 1716 630 1789 est,
656 1709 793 1790 provida,
825 1710 851 1768 si
877 1707 968 1770 libeat
994 1707 1079 1770 intel·

62 1798 176 1878 legere,
203 1804 322 1880 natura,
351 1798 462 1877 quippe
492 1796 682 1858 temulentiae
712 1797 903 1859 nascentibus
933 1797 1009 1858 vinis
1036 1799 1082 1858 uti

63 1901 188 1947 necesse
210 1893 353 1968 nonest,
377 1887 449 1966 quin
472 1887 563 1948 immo
585 1887 691 1948 invitat
714 1886 750 1947 ad
774 1885 952 1948 servandum
974 1885 1081 1948 blanda

62 1976 220 2036 inveterati
242 1975 347 2059 caries,
374 1975 440 2036 olec
463 1975 560 2036 noluit
581 1977 665 2055 parci
687 1975 818 2055 iecitque
842 1993 876 2036 eu
903 1978 1080 2036 necessitate

15 2080 47 2120 ae
62 2065 268 2145 promiscuum
291 2071 323 2126 et
343 2063 440 2144 vulgo.
485 2065 685 2148 principatum
712 2067 743 2125 in
770 2063 827 2125 hoc
855 2081 974 2144 quicque
1001 2064 1116 2125 bonott

63 2153 194 2215 obtinuit
211 2152 294 2216 ltalia
317 2171 333 2214 e
352 2161 415 2215 tcto
434 2151 517 2235 orbe,
535 2155 661 2214 maxime
681 2171 752 2233 agro
771 2151 936 2214 Venalrano
955 2156 1080 2233 eiusque

63 2252 149 2322 parte
179 2259 255 2321 qnae
285 2241 469 2304 Licinianum
503 2242 601 2304 lundit
632 2243 747 2325 oleum,
775 2231 858 2304 ‘tunde
891 2250 922 2304 et
950 2241 1080 2304 Liciniae

64 2331 157 2410 gloria
188 2333 347 2411 praecipua
375 2331 476 2391 olivae.
525 2308 684 2410 ungulenta·
704 2331 780 2392 banc
813 2331 939 2412 palmam
971 2332 1081 2393 dedere

65 2419 286 2481 accommodato
305 2421 377 2499 ipsis
396 2418 497 2501 odore,
520 2419 602 2480 dedit
625 2421 802 2500 etpalatum
820 2420 992 2488 delicatiore
1015 2436 1081 2482 sen·

19 2525 48 2566 25
64 2510 167 2570 tentia.
212 2508 249 2569 de
272 2517 374 2570 cetero
397 2507 485 2569 bacas
507 2506 638 2570 Liciniae
661 2508 742 2570 nulla
764 2510 826 2569 avis
848 2509 969 2588 adpetit.
1013 2509 1081 2570 reli·

65 2615 135 2659 eum
158 2604 311 2660 certamen
332 2599 413 2658 inter
434 2596 563 2660 Histriae
591 2606 703 2658 terram
730 2606 761 2658 et
782 2596 918 2660 Baeticae
945 2615 1000 2678 par
1027 2606 1081 2658 est.

62 2696 168 2760 ¹cetero
192 2685 254 2748 lere
273 2688 370 2748 vicina
386 2685 504 2748 bonitas
526 2688 688 2773 prouinciis
711 2694 836 2767 excepto
850 2686 966 2748 Africae
991 2687 1082 2766 lrugi-

66 2845 282 2856 ..m—m

137 2937 154 2985 3
169 2929 225 2986 olei
237 2929 429 2985 lncdHcrd.
453 2928 516 2985 oleo
530 2946 555 2983 a.
579 2929 642 2985 oleo
656 2946 741 2999 quam
755 2929 964 2990 catacumbas.
987 2929 1083 2984 oleum

65 3019 151 3072 quam
169 3001 288 3058 edBce.
387 3007 405 3055 4
429 2999 516 3056 crude
532 3005 580 3055 ἰν
588 3001 648 3056 edd.
659 3005 722 3072 cale
730 3000 821 3072 Iaapd.
831 3001 934 3070 (Delli.
962 3015 977 3055 e
997 3000 1084 3056 cruda

65 3077 106 3131 ed.
116 3073 207 3144 Lapa.
226 3073 276 3141 cfr.
291 3073 344 3128 too.
353 3089 385 3142 p.
394 3077 439 3128 38.
512 3071 598 3127 thoe
611 3075 659 3126 rr
668 3074 707 3126 ed.
717 3071 774 3128 Get.
801 3073 873 3128 haec
887 3073 1018 3129 eddone
1025 3071 1082 3127 Get.

65 3147 154 3202 habeb
170 3145 244 3200 Deli.
334 3151 351 3200 6
369 3141 527 3198 lautissima
543 3147 579 3197 1.
607 3141 716 3198 laudet
734 3160 779 3198 rc.
797 3143 848 3212 cfr.
863 3145 1005 3200 11111183.
1020 3147 1084 3200 195.

71 3219 148 3270 XIII
152 3220 178 3272 3.
278 3222 311 3270 11
331 3232 395 3270 eum
412 3218 535 3268 lecim
563 3229 630 3284 qum
647 3215 692 3269 11¹.
719 3229 805 3284 quam
822 3214 924 3270 D²Sill
951 3215 1041 3270 nostri
1058 3231 1084 3270 c.

140 3293 184 3342 11ί
198 3292 231 3341 12
254 3286 416 3357 drypeiidas
435 3284 656 3353 concupiscit.
688 3285 790 3341 -edilas
808 3291 880 3340 lieo.
911 3285 1085 3356 dycpeciiias

66 3365 91 3416 d.
120 3357 249 3428 peliades
266 3363 302 3414 Ι.
330 3357 462 3428 drypetas
480 3374 504 3412 c.
582 3361 616 3410 12
635 3355 723 3412 disim
739 3373 861 3427 mcccv.
875 3358 927 3412 luc.
938 3361 1083 3428 presqq.

23 3435 25 3496 l
67 3429 245 3486 distein.
273 3428 361 3484 dicim
379 3429 536 3498 (anina)
556 3443 655 3484 anre.
729 3434 762 3483 18
781 3445 818 3484 an
836 3443 891 3484 suo
904 3432 982 3486 lide.
1010 3427 1085 3484 hanc

24 3499 26 3559 l
67 3519 118 3558 suc
136 3517 160 3556 r.
233 3506 267 3556 16
284 3515 358 3555 anno
371 3505 407 3553 Ι,
479 3505 512 3554 21
527 3499 783 3556 ltaliaeMonece.
806 3497 862 3555 -iae
875 3498 1020 3569 timei).
1045 3499 1086 3555 ·ic

25 3567 27 3637 l
66 3593 113 3632 ao.
134 3572 139 3644 l
158 3571 311 3628 cenofrurio
325 3575 380 3628 Kc.
408 3569 485 3626 ueef·
502 3575 574 3626 ned.
602 3571 643 3628 ai·
661 3589 686 3626 c.
759 3571 927 3628 madorem
944 3590 970 3628 c.
990 3571 996 3640 l
1016 3571 1084 3626 deli·

68 3645 204 3702 calicrem
222 3661 247 3697 c.
319 3645 354 3698 26
372 3657 424 3712 per
436 3645 486 3698 est
501 3641 647 3714 latomo.
674 3660 739 3714 pars
758 3645 803 3699 esi
819 3647 844 3698 d.
871 3656 969 3714 parem
988 3661 1012 3698 ι.

68 3725 101 3774 27
122 3721 246 3772 ceterum
260 3733 285 3769 ι.
303 3718 306 3784 t
322 3714 380 3770 lere
394 3718 429 3769 ι
457 3713 513 3786 fert
530 3733 553 3772 r.
582 3717 675 3772 cetero
692 3713 751 3771 iere
771 3731 820 3772 cm.
831 3714 1084 3772 eddcntelcnam.

869 3801 926 3859 25¹⁸
