2340 3934
203 183 287 238 NAT.
307 173 399 237 His'r.
418 185 483 238 vni
502 189 607 238 22-25
628 188 753 255 (eo-38)
947 185 988 251 77

17 333 115 412 poribus,
140 367 179 376 -
208 337 310 412 itaque
341 336 486 394 excitatur
515 335 586 396 sede
615 337 733 414 saepius
764 327 872 398 auditu
900 357 989 417 quam

16 424 67 502 risn,
80 456 113 464 -
126 416 181 484 24.
205 423 311 484 deinde
332 425 550 484 internecivum
563 423 679 484 bellum
694 444 763 485 oum
781 426 988 488 ichneumone.
1007 445 1048 512 eq

15 505 64 592 (36)
89 521 182 572 notum
205 519 251 574 est
274 512 382 574 animal
404 513 458 573 hac
482 512 574 592 gloria
597 515 723 579 maxime
751 517 783 575 in
807 517 910 576 eadem
938 537 988 580 na·

15 609 55 660 tun
69 601 193 681 Aegypto.
223 604 333 681 mergit
355 620 387 661 se
410 601 479 662 limo
504 605 622 682 saepius
645 605 795 683 siccatque
819 605 889 666 sole.
920 624 988 667 mox

14 689 45 748 ubi
64 690 184 768 pluribus
211 691 318 751 eodem
346 691 432 752 modo
461 710 492 751 se
521 693 611 752 coriis
639 692 784 775 lorioavit,
814 697 844 754 in
869 695 987 756 dimica-

13 781 89 838 tionem
104 783 205 859 pergit.
233 783 266 840 in
285 799 320 840 ea
339 780 461 841 caudam
485 780 621 841 attollens
633 772 718 842 *ictus
737 783 843 844 inritos
865 801 987 844 aversus

12 871 93 948 ncipit,
113 869 204 930 donec
228 869 350 949 ohhquo
375 873 469 949 capite
493 869 663 950 speculatus
686 871 804 932 invadat
826 874 857 933 in
877 874 986 934 larices

13 973 46 1014 nu
62 957 107 1017 hoo
129 966 288 1020 contentus
311 959 391 1019 aliud
413 959 492 1021 haud
515 961 617 1020 mitius
640 959 768 1021 debellat
790 962 905 1023 animal.

53 1041 98 1107 25.
125 1041 197 1130 (37)
246 1048 435 1110 Crocodilum
457 1048 547 1110 habet
569 1049 667 1132 Nilus,
693 1050 852 1131 quadripes
875 1053 986 1113 malum
1004 1069 1039 1118 89

11 1143 28 1192 ri
46 1145 109 1196 terra
133 1141 247 1216 pariter
274 1157 308 1214 ae
335 1137 457 1198 flumine
484 1138 634 1199 infestum.
684 1157 778 1199 unum
800 1139 856 1200 hoc
880 1142 986 1202 animal

11 1232 112 1286 terrestre
129 1227 249 1306 huguae
269 1247 326 1288 usu
345 1235 439 1308 caret,
462 1246 557 1288 unum
576 1229 730 1307 superiore
750 1227 851 1289 mobili
870 1230 987 1290 maxilla

12 1315 103 1392 inprimit
129 1334 266 1378 morsum
295 1317 366 1378 alias
396 1317 561 1378 terribilem
579 1319 764 1397 pectinatim
795 1320 921 1398 stipante
953 1339 985 1380 se

12 1401 103 1465 inum
120 1408 208 1466 serie.
234 1406 435 1486 magnitudine
455 1407 571 1467 excedit
589 1407 765 1486 plerumque
784 1405 986 1488 duodeviginti

12 1491 80 1554 ubila.
107 1499 184 1574 parit
209 1514 263 1556 ova
286 1503 395 1576 quanta
418 1515 547 1577 ansereS,
572 1515 665 1574 eaque
689 1503 772 1556 extra
796 1515 864 1558 eum
886 1497 985 1558 locum

12 1599 89 1661 snper
112 1585 235 1646 incubat
262 1577 512 1665 praedivination'e
541 1585 667 1665 quadam
694 1587 730 1646 ad
753 1605 843 1665 quem
869 1605 984 1646 summo

12 1682 64 1732 notu
83 1693 115 1734 eo
137 1694 218 1736 anno
242 1694 419 1755 egressurus
442 1683 488 1736 est
510 1675 603 1736 Nilus.
635 1693 691 1735 nec
715 1675 794 1736 aliud
818 1676 925 1736 animal
948 1695 984 1736 ex

13 1761 85 1822 tinore
106 1767 221 1844 origine
245 1767 276 1825 in
299 1768 442 1826 maiorem
465 1767 574 1825 crescit
595 1765 837 1843 magnitudinem.
877 1773 907 1825 et
929 1784 984 1826 un-

12 1850 78 1922 ubus
98 1863 198 1915 autem
222 1861 352 1914 armatus
376 1861 422 1914 est
445 1861 474 1914 et
497 1862 601 1914 contra
621 1871 724 1916 omnes
747 1857 825 1914 ictus
849 1861 916 1914 cute
940 1857 983 1915 in·

13 1941 59 2000 icia.
84 1943 142 2003 dies
166 1946 201 2002 in
220 1951 301 2003 terra
319 1946 387 2024 agit,
411 1951 513 2004 noctes
532 1946 564 2004 in
583 1963 668 2024 aqua,
690 1945 803 2023 teporis
822 1951 983 2022 utrumque

12 2031 90 2092 atione.
130 2031 215 2092 hunc
239 2040 374 2093 saturum
397 2032 463 2092 cibo
485 2035 613 2112 piscium
637 2041 666 2093 et
689 2051 808 2112 semper
830 2032 983 2093 esculento
1003 2050 1038 2097 90

12 2135 35 2176 re
52 2123 76 2178 in
95 2121 181 2182 litore
208 2140 313 2182 somno
337 2122 437 2182 datum
459 2141 548 2201 parva
572 2125 646 2203 avis,
679 2141 754 2201 quae
778 2121 920 2183 trochilos
942 2121 984 2183 ibi

13 2217 95 2291 oratur,
116 2230 170 2272 rex
191 2213 291 2272 avium
313 2211 453 2292 initalia,
476 2213 580 2272 invitat
598 2212 634 2271 ad
653 2211 795 2272 hiandum
813 2210 914 2291 pabuli
937 2214 984 2271 sni

12 2301 74 2379 ntia,
100 2319 132 2360 os
160 2303 295 2380 primum
323 2303 387 2361 eius
414 2299 552 2360 adsultim
579 2319 757 2382 repurgans,
787 2300 983 2362 mordentes

14 2387 94 2449 tintus
112 2391 217 2452 lauces
235 2409 355 2470 quoquc
379 2390 414 2451 ad
432 2387 508 2450 han‘c
528 2389 667 2450 scabendi
686 2390 874 2451 dulcedinem
895 2409 984 2469 qnam

11 2479 91 2538 mine
112 2479 246 2562 hiantes,
271 2483 302 2540 in
326 2498 383 2559 qua
406 2479 554 2559 voluptate
579 2498 682 2540 somno
705 2498 844 2558 pressum
867 2481 983 2558 conspi-

13 2571 56 2625 alus
75 2568 254 2630 ichneumon
277 2587 332 2648 per
355 2569 473 2629 easdem
496 2569 597 2629 larices
624 2576 658 2628 nt
682 2568 774 2628 telum
798 2568 916 2646 aliquod
939 2571 983 2628 in·

11 2653 77 2715 oissus
98 2660 195 2732 erodit
218 2659 324 2719 alvum.

45 2739 107 2830 (38)
146 2748 260 2808 Similis
284 2748 446 2830 crocodilo,
470 2746 522 2807 sed
546 2749 754 2826 minoretiam
776 2747 982 2828 ichneumone,
1002 2761 1035 2810 91

10 2839 30 2888 ot
46 2837 70 2893 in
89 2836 152 2896 Nilo
177 2846 267 2898 natus
291 2839 420 2918 scincos,
445 2843 549 2899 contra
572 2855 684 2896 venena
707 2839 885 2916 praecipuus
909 2838 982 2896 anti-

10 2917 63 3005 lotis,
82 2927 150 2987 item
174 2927 211 2988 ad
234 2926 473 3005 inflammandam
495 2927 628 2986 virorum
651 2944 798 2986 venerem.

10 3077 180 3093 ''³5—

49 3188 141 3243 1sede
165 3204 221 3258 eqo.
251 3187 301 3242 sed
323 3189 351 3242 ll.
370 3187 438 3243 Roh.
473 3189 477 3256 1
512 3187 662 3259 sepesfsius
686 3186 724 3241 2¹.
754 3189 758 3256 t
793 3187 890 3242 auditu
913 3187 982 3242 Roh.

10 3253 39 3306 ld.
53 3264 104 3313 cett
126 3275 178 3316 om.
199 3261 227 3314 ll.
256 3261 307 3326 cfr.
327 3258 414 3314 Solio.
433 3263 535 3325 27‚35.
604 3257 817 3316 5eoriis1³²ei
844 3259 940 3329 cophis
959 3276 982 3312 r.

50 3335 76 3382 14
95 3348 149 3399 que
167 3331 333 3402 transeresll
347 3331 392 3384 3¹.
424 3345 496 3399 quae
513 3332 591 3384 trans
610 3347 708 3384 arenas
726 3330 770 3384 12².
803 3347 874 3399 quae
893 3332 982 3383 trans·

10 3410 64 3452 erens
79 3407 124 3458 dr.
200 3407 232 3456 18
253 3404 282 3456 el
298 3404 404 3456 inserui
422 3419 476 3472 eqo.
500 3417 550 3458 om.
570 3402 627 3456 llo.
649 3402 699 3469 cfr.
714 3402 800 3456 Arist.
820 3403 845 3456 h.
862 3419 888 3455 a.
904 3405 983 3456 [110

10 3473 103 3537 t503A,
116 3480 160 3528 10.
190 3473 278 3530 Solio.
298 3478 346 3540 32,
354 3479 401 3529 24.
491 3473 673 3527 uehiculum
690 3478 721 3527 B.
749 3473 858 3526 ihetnm
877 3477 901 3526 d.

10 3543 23 3588 ti
36 3541 152 3599 adsultim
165 3545 208 3600 1³².
232 3546 269 3600 ad
288 3545 391 3600 saltum
409 3544 580 3599 Dniailiob.
604 3545 746 3600 adscitum
760 3544 860 3597 R¹e¹d.
885 3544 921 3598 ad
940 3561 982 3598 aa·

10 3613 64 3666 utum
82 3615 120 3670 P.
212 3624 247 3672 24
269 3617 446 3672 dulcedinem
467 3621 491 3670 d.
520 3633 566 3670 -ue
588 3634 611 3670 r.
702 3622 735 3670 27
760 3616 855 3669 aluum
878 3616 982 3670 ΜΨ.

10 3695 65 3740 nor,
129 3695 164 3744 30
182 3689 258 3744 idem
275 3694 353 3743 Dra.
383 3690 387 3757 l
416 3688 453 3742 ad
472 3692 496 3742 d.
524 3689 593 3743 etr.
