2286 3938
121 223 184 290 258
472 230 502 279 c.
521 231 617 278 emur
636 229 785 280 annuunt

122 395 215 463 cuitus
232 409 287 470 per
298 390 397 452 sinuns
411 385 506 448 dictos
520 385 673 448 abeodem
689 385 814 448 exordio
823 385 940 464 colligit
954 387 992 448 ad
1002 385 1138 448 Haeoti

122 477 215 538 lacurn
229 475 314 556 'effi
331 471 414 534 VIIII
426 471 484 532 mil.
501 488 652 550 passuum,
669 469 874 532 Artemidorus
889 473 976 534 adicit
993 469 1127 533 noctu

122 491 286 639 mi1.,ivIem
303 575 366 622 cum
382 553 532 618 blacotide
554 557 698 643 lc'ffirr-rrp
721 552 820 632 XCIII
839 573 976 634 passuum
993 573 1067 617 esse
1087 565 1133 616 tra

72 645 214 708 coadidit.
243 642 323 719 llaec
334 649 381 702 est
391 657 526 702 mensura
540 641 692 714 inermium
703 648 734 700 et
747 649 849 718 pacata
859 640 980 702 andacia
994 641 1109 701 fortun

123 729 343 810 provocantium
368 723 523 786 hominum.
561 742 638 792 nunc
664 725 792 803 ipsarum
818 725 942 803 partium
966 725 1133 803 magnitud«

124 813 345 894 comparabitur,
361 817 515 888 utcumque
531 807 729 870 difficultatem
744 807 859 869 adferet
876 816 1029 870 auctorum
1044 809 1133 870 diver

124 901 212 976 sitas,
235 895 385 976 aptissime
400 903 496 954 tamen
512 893 693 974 spectabitur
707 892 744 954 ad
759 892 970 970 longitudinem
985 893 1142 955 latitudin

124 983 227 1044 addita.
269 987 316 1042 ost
340 996 412 1056 ergo
439 977 554 1040 adhoc
576 977 787 1056 praescriptum
810 975 948 1056 Europae
968 979 1142 1056 magnitud

122 1069 250 1151 fficio
270 1062 377 1124 XLIIII
400 1062 459 1124 mil.
489 1079 633 1142 passuum.
674 1060 793 1122 Africae
814 1061 862 1140 (nt
881 1062 977 1124 media
998 1077 1039 1123 ox
1065 1081 1135 1124 omn

49 1145 54 1152 ’
124 1153 266 1214 varietate
288 1147 474 1224 prodentium
500 1154 629 1210 sumatur
649 1145 837 1224 conputatio)
867 1145 957 1208 eflicit
982 1147 1139 1225 longitude

127 1237 268 1319 [ffiv'ffp
286 1229 411 1293 XCVIII
429 1231 500 1309 mil,
522 1229 660 1306 latitudo,
683 1249 739 1309 qua
759 1229 885 1308 colitur,
908 1247 1054 1310 nusquam
1071 1229 1123 1292 00

73 1319 215 1380 absimilia
229 1334 368 1396 passuum
383 1315 509 1378 excedit.
541 1315 595 1378 ssd
608 1316 742 1394 quonlam
755 1315 786 1374 in
797 1311 957 1391 Cyrenaica
972 1317 1039 1376 eius
1056 1326 1140 1395 parta

124 1399 282 1466 occccx
302 1400 410 1462 milium
429 1417 566 1480 passuum
587 1417 651 1462 eam
669 1400 740 1462 iecit
762 1397 913 1478 Agrippa,
933 1399 1058 1462 deserta
1080 1419 1141 1462 aar.

125 1489 161 1550 ad
177 1486 361 1548 Garamantas
373 1503 482 1564 usqne,
495 1503 551 1564 qua
563 1483 770 1560 noscebantur,
782 1483 987 1562 conplectens,
1000 1487 1124 1546 univer
1136 1510 1140 1539 τ

124 1586 352 1648 mensumquae
366 1571 466 1632 veniet
488 1571 518 1629 in
538 1570 776 1648 conputationem
793 1571 891 1651 pffv‘q
905 1568 973 1630 VIII
988 1569 1053 1630 mil.
1079 1589 1134 1649 pas

125 1674 207 1716 sunm
227 1654 326 1716 efficit.
361 1653 453 1716 Asiae
477 1652 627 1732 longitudo
650 1655 679 1714 ln
700 1653 842 1714 confesso
864 1661 911 1715 est
929 1655 992 1736 Ιῐῑι
1015 1652 1063 1714 III
1084 1656 1134 1714 mii

124 1737 224 1800 occi
240 1756 393 1818 passuum,
409 1737 531 1798 latitudo
546 1755 617 1798 sane
633 1745 811 1817 conputetur
824 1737 859 1797 ab
872 1737 1055 1817 Aethiopico
1071 1757 1134 1800 mar

125 1822 331 1886 Alexandriam
351 1824 431 1884 iuxta
450 1821 546 1882 Nilum
570 1823 671 1898 sitam,
694 1831 725 1882 nt
740 1829 800 1901 'per
821 1819 945 1882 Meroen
963 1830 996 1882 et
1018 1822 1139 1900 Syene

74 1916 125 1966 210
135 1925 269 1970 mensura
284 1916 396 1984 currat,
412 1908 514 1988 mmo
530 1903 637 1966 LXXV
657 1905 715 1966 mil.
735 1923 881 1986 passuum.
918 1915 1044 1985 apparet
1068 1928 1126 1988 erg

125 1991 271 2072 Europam
286 1991 475 2070 paulo-minus
487 1989 601 2052 dimidia
616 1990 707 2052 Asiae
718 1998 802 2070 parte
817 1991 957 2052 maiorem
970 2009 1044 2052 esse
1058 2009 1110 2071 qn

126 2077 242 2152 Asiam,
265 2075 385 2136 eandem
406 2075 501 2137 altero
518 2083 598 2136 tanto
617 2083 756 2138 etsexta
775 2081 860 2153 parte
880 2073 1003 2137 Airioae
1018 2077 1133 2156 amplio

124 2177 288 2237 remquam
307 2158 444 2218 Africana.
485 2161 563 2238 quod
582 2162 606 2220 si
628 2161 804 2220 misceantur
823 2177 923 2222 ornnes
938 2177 1092 2239 summae,
1114 2162 1132 2220 li

126 2241 213 2321 quido
229 2243 343 2321 patebit
353 2239 506 2322 -Eurcpam
527 2246 616 2304 totins
635 2252 734 2306 terrae
756 2245 870 2306 tertiam
888 2261 956 2306 esse
970 2253 1095 2324 partem
1116 2263 1132 2306 a

125 2334 258 2388 octavam
275 2326 362 2406 paulo
377 2327 516 2408 amplius,
532 2328 631 2388 Asiam
647 2345 720 2388 vero
735 2335 865 2407 quartam
880 2337 911 2390 et
927 2330 1131 2407 quartamdeci

124 2428 214 2488 mam,
229 2410 358 2474 Africam
375 2420 471 2474 autern
485 2413 612 2490 quintam
629 2421 659 2473 et
675 2414 796 2491 Insuper
812 2413 1037 2490 sexagesimam.

73 2502 122 2552 211
199 2493 283 2574 (39.)
308 2495 359 2556 llis
382 2496 517 2558 addemus
536 2497 689 2556 etiamnum
707 2514 790 2558 unam
806 2495 936 2558 Graecae
956 2499 1126 2561 inventioni

126 2581 299 2641 sententiam
322 2579 370 2640 vel
386 2580 632 2658 exquisitissimae
657 2580 846 2658 subtilitatis,
868 2589 900 2642 ut
919 2580 992 2642 nibil
1013 2582 1099 2644 desit
1116 2587 1141 2644 in

124 2663 283 2741 spectando
298 2672 440 2724 terrarum
458 2664 531 2741 situ,
553 2665 746 2744 indicatisque
760 2666 929 2744 regionibus
945 2675 1093 2728 noscatur
1114 2677 1140 2729 et

44 2794 48 2801 .
124 2763 188 2804 curn
203 2765 259 2825 qua
273 2748 377 2826 cuique
392 2747 520 2810 sublatas
535 2749 573 2809 sit
587 2749 651 2810 sive
666 2751 805 2830 cognatio
822 2749 931 2812 dierum
946 2767 980 2810 ac
995 2754 1139 2812 noctium.

126 2829 290 2908 quibusque
306 2833 383 2892 inter
399 2851 433 2894 se
451 2851 538 2912 pares
556 2833 675 2896 umbrae
691 2845 721 2896 et
735 2852 826 2914 aequa
840 2833 937 2895 mundi
951 2839 1131 2898 convexitas

123 2928 197 2987 ergo
224 2913 362 2974 reddetur
381 2915 438 2978 boc
463 2919 567 2996 etiam,
593 2926 751 2998 terraeque
779 2921 932 2981 universae
951 2921 981 2980 ln
999 2923 1139 2984 rnembra

123 2993 196 3054 caeli
212 2995 388 3072 digerentur.

73 3083 123 3134 212
157 3085 163 3096 '
196 3075 246 3140 34.
269 3079 355 3142 Plura
370 3093 436 3146 sunt
451 3095 546 3148 autern
562 3097 715 3166 segmenta
734 3087 845 3164 mnndi,
871 3105 946 3166 quae
961 3091 1060 3150 nostri
1086 3094 1138 3152 ctr-

123 3159 205 3220 culos
218 3163 418 3246 appellavere,
433 3169 537 3246 Graeci
549 3172 719 3252 parallelus.
746 3172 917 3252 PrinprIum
933 3172 1025 3234 habet
1034 3173 1136 3236 Indiae

123 3261 191 3322 pars
207 3261 294 3308 versa
316 3249 351 3309 ad
366 3261 502 3317 anstrum.
531 3265 613 3337 patet
628 3275 720 3334 usqne
739 3257 876 3318 Arabiam
893 3265 925 3318 et
938 3255 1033 3320 Rubri
1048 3261 1136 3320 maris

122 3325 246 3389 accolas.
286 3335 472 3402 continentur
500 3339 641 3419 Gedrosi,
665 3339 815 3419 Germani,
837 3339 963 3418 Persae,
987 3340 1134 3417 Elymaei.

122 3409 303 3492 Parthyene,
318 3415 406 3498 Aria,
423 3419 563 3503 Susiane,
583 3425 813 3506 Mesopotamiae,
833 3425 968 3486 Seleucia
983 3429 1133 3506 cognomi·

115 3502 188 3554 ‚nata
205 3495 385 3582 Babylonia,
400 3505 510 3570 Arabia
526 3510 561 3572 ad
575 3510 678 3573 Petras
694 3529 804 3592 usqne,
822 3509 906 3588 Syria
922 3508 1035 3590 Goele,
1049 3511 1132 3572 Pelu-
