2308 3936
218 225 295 274 unu.
312 227 404 278 cursu.
420 228 454 274 11.
476 220 596 275 73-79.
615 215 756 294 (at—81.)
915 215 974 281 107

21 381 88 442 lnbri
106 399 119 441 a
136 381 247 442 meridie
263 384 292 442 in
309 383 475 461 meridiem,
497 383 602 461 uolgus
619 402 704 444 omne
725 383 822 445 aluce
843 385 878 444 ad
893 395 994 447 tene·-

22 467 75 542 bras,
93 466 244 526 sacerdotes
264 465 386 527 Romani
407 469 502 546 etqui
523 467 599 528 diem
619 469 722 529 liniere
747 469 880 547 civilem,
903 472 974 530 item

22 551 117 629 Aegyptii
129 558 155 610 et
165 549 354 630 Hipparchus,
366 571 383 612 a
394 551 489 612 media
503 561 590 612 nocte
604 554 634 612 in
644 553 777 616 mediam.
804 555 915 614 minora
927 573 974 615 au·

22 634 189 696 oninteraalla
201 654 268 696 esse
281 635 355 696 lucis
366 638 443 697 inter
455 645 557 696 ortuus
572 637 644 698 solis
659 638 740 697 iuxta
753 636 878 698 solstitia
889 656 974 716 quam

12 720 152 796 sanquinoclia
170 727 305 799 apparet,
329 722 394 799 quia
416 721 527 800 positio
550 722 683 800 signiferi
709 723 786 782 circa
812 722 906 783 media
928 725 972 784 sui

22 803 121 879 obliquior
136 812 194 882 est,
212 806 293 864 iuxta
310 805 465 865 solstitium
482 814 578 866 autern
593 808 713 868 rectior.

58 885 93 948 ta.
107 885 181 968 (80.)
203 886 394 951 Contexenda
409 899 475 951 sunt
489 890 535 951 his
556 890 732 951 caelestibus
752 909 827 951 nexa
845 892 950 952 causis.
964 899 1015 953 189

20 971 104 1050 ianque
116 981 142 1033 et
158 973 321 1053 Aethiopas
339 975 424 1034 vicini
439 973 545 1035 sideris
557 992 668 1054 vapore
681 977 788 1036 torreri
804 976 972 1055 adustisque

21 1058 89 1116 s'niles
101 1059 173 1135 gigni
190 1058 282 1119 barba
295 1067 326 1120 et
340 1059 447 1138 capillo
462 1059 577 1119 vibrato
593 1076 652 1118 non
670 1057 716 1120 est
731 1059 865 1138 dubium,
882 1071 911 1121 et
924 1061 972 1121 ad-

12 1159 72 1202 uersa
86 1142 158 1221 plaga
176 1143 272 1203 mundi
298 1143 417 1204 candida
437 1152 524 1222 atque
545 1143 661 1220 glaciali
685 1153 751 1204 cute
777 1163 845 1205 esse
867 1153 972 1221 gentes

21 1229 68 1284 laris
81 1229 223 1304 promissas
244 1229 390 1305 crinibus,
416 1237 513 1289 truces
535 1246 608 1288 vero
633 1247 672 1288 ex
693 1228 767 1288 caeli
787 1230 887 1307 rigore
909 1228 972 1305 has,

21 1310 205 1372 illasnobilitate
222 1314 392 1392 sapientes,
410 1310 668 1391 ipsoque'crurum
682 1321 851 1390 argumento
869 1312 927 1372 illis
943 1315 973 1372 in

20 1415 85 1472 supera
97 1415 184 1456 sucum
206 1398 343 1458 revocari
359 1406 459 1458 natura
478 1395 616 1477 vaporis,
638 1397 683 1456 bis
703 1398 733 1456 in
748 1397 857 1458 inieras
873 1407 972 1476 partes

20 1479 86 1557 depelli
100 1499 191 1542 umore
207 1481 351 1558 deciduo,
368 1481 415 1542 hic
429 1499 536 1560 graves
553 1482 649 1559 feras,
668 1481 729 1541 illic
745 1483 838 1541 varias
856 1482 972 1560 efligies

12 1564 127 1625 tronellun
140 1567 298 1645 provenire
316 1573 347 1626 et
361 1567 483 1626 maxime
499 1565 598 1626 alitum
612 1567 642 1626 in
653 1564 756 1627 multas
773 1567 878 1643 ligurus
891 1567 972 1645 gigni

21 1648 115 1727 colubres,
127 1668 281 1730 corporum
289 1658 385 1712 autem
396 1651 605 1729 proceritatem
616 1651 783 1728 utrobique,
792 1650 853 1710 illic
864 1652 973 1728 ignium

12 1732 65 1811 'rlsu,
76 1733 113 1794 bic
126 1738 231 1796 umoris
246 1735 397 1796 alimento.
423 1734 520 1796 medio
533 1752 607 1795 vero
624 1743 722 1795 terrae
735 1734 843 1795 salubri
855 1736 952 1794 utrim-
966 1741 1016 1794 190

20 1833 49 1892 qus
61 1821 161 1882 ninum
174 1820 284 1881 fertilis
301 1819 337 1880 ad
352 1821 445 1880 omnia
460 1828 589 1880 tractuus
604 1819 735 1880 modicos
752 1836 908 1898 corporum
922 1819 970 1879 ba-

20 1899 75 1961 bilnus
87 1921 177 1982 magna
196 1907 273 1966 etin
291 1903 394 1966 colore
412 1905 573 1984 temperie,
594 1905 686 1964 rituus
704 1903 826 1980 molles,
848 1921 970 1963 sensuus

12 1981 111 2064 liquidos,
133 1992 249 2068 ingenia
267 1988 391 2050 fecunda
409 1990 558 2068 totiusque
574 1997 694 2048 naturae
715 1989 847 2066 capacia,
868 1987 972 2048 iisdem

20 2069 107 2149 inperia,
127 2092 198 2154 quae
219 2093 372 2155 numquam
396 2074 511 2133 extimis
533 2073 670 2150 gentibus
691 2073 816 2149 fuerint,
840 2073 915 2144 sicpt
934 2091 971 2132 ne

12 2151 56 2224 ,illue
67 2157 161 2234 quidem
175 2158 222 2220 his
238 2160 390 2240 paruerint
405 2156 524 2218 avolsae
540 2174 574 2218 ae
589 2174 644 2236 pro
660 2158 834 2216 immanitate
851 2164 971 2218 naturae

20 2244 116 2314 uguentis
130 2243 193 2308 illas
211 2245 378 2306 solitariae,
1040 2299 1042 2307 ,

53 2323 87 2388 lb.
98 2327 174 2410 (81.)
187 2329 415 2406 Babyloniorum
424 2327 531 2406 placita
546 2334 577 2388 et
587 2334 701 2386 motuus
717 2335 815 2386 terrae
830 2323 1014 2385 biatuus-lttl

12 2419 50 2484 tque
62 2430 103 2489 qua
115 2424 208 2474 cetera
224 2414 321 2474 omnia
336 2411 462 2472 siderum
473 2413 502 2472 vi
519 2412 684 2471 existimant
696 2411 772 2488 lieri,
788 2409 841 2471 sed
856 2409 973 2469 illorum

20 2493 68 2553 trium
82 2498 171 2575 quibus
192 2498 313 2558 fulmina
335 2497 503 2574 adsignant,
529 2495 593 2555 iieri
617 2502 713 2554 autem
732 2495 887 2556 meantium
909 2511 973 2552 cum

20 2577 55 2636 solu
67 2590 102 2640 aut
111 2584 329 2660 congruentium
341 2589 371 2642 et
384 2581 506 2642 maxime
519 2580 596 2639 circa
610 2579 749 2657 quadrata
759 2578 864 2639 mundi.
888 2594 972 2655 prae·

20 2658 62 2722 clara
73 2667 194 2743 quaedam
208 2675 240 2728 et
251 2665 411 2727 inmortalis
425 2667 456 2726 in
471 2683 520 2741 eo,
537 2665 562 2724 si
577 2661 738 2740 oredimus,
756 2662 891 2722 divinitas
905 2678 971 2738 per·

21 2745 91 2808 libatur
102 2751 312 2812 Anaximandro
328 2749 444 2812 Milesio
460 2747 596 2828 physico,
613 2765 699 2826 quem
714 2748 811 2807 ierunt
827 2743 971 2804 Lacedae·

12 2833 80 2892 bouniis
98 2837 274 2914 praedixisse
302 2844 333 2895 ut
355 2834 458 2895 urbem
481 2851 515 2894 ac
537 2840 614 2893 tecta
640 2831 838 2906 custodirent,
861 2830 978 2918 instare

21 2915 158 2982 aulunoturn
168 2929 280 2998 terrae,
297 2927 328 2980 et
340 2927 400 2978 tum
410 2918 479 2978 urbs
493 2925 554 2978 tota
567 2934 668 2978 eorum
679 2916 794 2976 conruit
806 2922 836 2974 et
848 2913 972 2990 Taygeti

21 3005 181 3083 uoulismagna
191 3024 261 3086 pars
273 3004 309 3065 ad
320 3005 440 3064 formam
452 3003 557 3082 puppis
575 3001 704 3062 eminens
724 2998 846 3076 abrupta
861 2997 972 3058 cladem

21 3097 55 3142 tun
65 3085 163 3169 iusuper
178 3093 262 3152 ruina
276 3089 394 3168 pressit.
418 3085 590 3166 perhibetur
606 3094 636 3145 et
650 3082 812 3164 Pherecydi
827 3081 973 3160 Pythago·

21 3170 146 3234 taedoclori
160 3175 215 3236 alia
227 3174 417 3251 coniectatio,
434 3171 488 3232 sed
503 3179 533 3231 et
548 3169 598 3230 illa
610 3169 717 3246 divina,
732 3167 836 3227 haustu
851 3184 943 3245 aquae
956 3185 972 3226 e

12 3259 74 3324 tputeo
86 3261 276 3336 praesensisse
288 3277 321 3320 ac
333 3257 514 3337 praedixisse
527 3255 567 3315 ibi
581 3260 806 3314 terraemotum.
835 3247 917 3322 Quae
931 3251 955 3310 si
965 3258 1015 3310 192

22 3349 62 3398 tera
73 3352 133 3421 sunt,
147 3352 279 3422 quantum
295 3342 381 3404 adeo
396 3340 510 3402 tandem
524 3338 618 3400 videri
633 3345 756 3417 possunt
772 3335 846 3394 tales
863 3335 972 3394 distare

23 3417 59 3478 dun
75 3426 172 3489 vivant?
205 3427 244 3488 Et
265 3427 338 3489 baec
353 3425 467 3510 quidem
488 3423 609 3485 arbitrio
626 3422 766 3499 cuiusque
783 3417 973 3480 existimanda

23 3503 180 3592 relinquantur,
198 3521 305 3575 ventos
323 3512 352 3572 in
367 3529 454 3572 causa
470 3525 612 3571 essenon
627 3505 744 3567 dubium
764 3521 845 3566 reor.
874 3518 971 3580 neque
