2392 3946
267 230 352 286 NAT.
370 231 464 288 Risu.
483 231 549 288 xiv
567 238 639 288 3-4
659 234 749 303 (4-1)
953 235 1018 300 351

30 387 51 440 et
70 381 152 460 magis
172 399 357 464 purpureae,
384 384 559 462 cognomine
586 381 786 466 bimammiae,
814 385 931 464 quando
959 403 1020 446 non

28 487 150 552 racemos,
166 470 219 531 sed
237 489 309 532 uvas
328 470 398 532 alias
413 479 534 554 gerunt3
553 474 625 534 item
644 472 824 555 tripedanea,
843 476 892 535 cui
911 493 1020 536 nomen
1038 484 1072 534 41

28 576 189 620 emensum
216 568 275 642 est,
302 562 375 622 item
402 561 532 642 scripula
558 579 646 642 passo
674 565 759 624 acino
788 571 818 624 et
840 562 960 626 Raetica
988 567 1020 624 in

27 649 160 710 maritimis
182 648 306 730 Alpibus
330 649 486 734 appellata,
514 650 665 713 dissimilis
687 651 822 716 laudatae
845 652 896 715 illi.
936 652 1018 715 nam·
1033 669 1059 709 aa
1107 666 1111 690 r

10 733 72 814 lqrre
92 737 160 800 baec
182 737 297 822 brevis,
323 740 458 802 conserta
480 743 579 823 acino,
606 741 737 821 degener
759 743 842 824 vino,
869 742 922 804 sed
950 750 1019 804 oute
1112 755 1114 761 ’

25 829 138 888 omnium
160 829 349 912 tenuissima,
375 829 497 911 nucleo,
524 830 604 911 quod
628 830 729 893 ebium
751 839 870 914 vocant,
896 850 957 894 uno
986 850 1020 892 ac

25 917 137 1000 mirrimo,
159 919 278 980 acinum
295 919 511 1000 praegrandem
529 937 624 982 unum
642 919 804 982 alterumve
822 920 944 984 babens.
974 928 1022 982 est

24 1015 46 1064 et
67 1007 146 1086 nigra
173 1007 330 1090 murrea,
362 1011 412 1070 cui
445 1009 582 1090 Syriacae
614 1027 724 1071 nomen
756 1011 917 1094 inponunt,
948 1013 1021 1073 item

23 1092 134 1175 Hispana
155 1095 333 1176 ignobilium
355 1098 573 1178 probatissima.

10 1197 15 1236 l
77 1181 137 1266 <9>
170 1185 205 1246 ln
232 1187 366 1266 pergulis
392 1206 463 1249 vero
492 1195 635 1250 seruntur
663 1191 793 1250 escariae
817 1188 980 1271 appellatae
1003 1208 1019 1250 e
1039 1200 1073 1249 42

23 1272 164 1358 duracinis,
188 1274 284 1359 albae,
307 1279 422 1360 nigrae,
446 1285 476 1339 et
498 1277 627 1340 bumasti
649 1277 773 1340 totidem
796 1277 959 1360 coloribus,
987 1297 1022 1338 ac

22 1363 136 1426 nondum
154 1365 251 1428 dietae
266 1367 356 1446 Aegia
375 1374 405 1428 et
423 1367 537 1430 Rhodia
555 1375 586 1429 et
603 1367 737 1452 uncialis,
755 1368 836 1430 velut
854 1386 871 1428 a
888 1368 1021 1448 pondere

22 1453 91 1534 acini,
111 1455 187 1516 item
203 1451 302 1536 pieina
320 1458 453 1518 omnium
471 1459 642 1542 nigerrima,
665 1467 696 1520 et
718 1460 874 1520 coronario
898 1465 1022 1519 naturae

21 1538 75 1601 lusu
100 1543 292 1628 stephanide,
316 1547 426 1608 acinos
457 1547 536 1609 foliis
567 1547 852 1630 intercursantibus,
885 1555 915 1608 et
946 1563 1021 1627 quae

10 1629 140 1694 dorenses
168 1643 328 1716 vocantur,
359 1636 472 1698 celeres
503 1645 664 1719 proventu,
695 1636 859 1699 vendibiles
882 1644 1023 1717 aspectu,

20 1728 123 1796 portatu
147 1723 260 1786 faciles.
306 1733 411 1788 contra
433 1725 611 1788 damnantur
641 1729 730 1788 etiam
756 1729 828 1788 risu*
850 1728 969 1788 cinerea
993 1733 1024 1786 et

19 1807 162 1880 rabuscada
184 1821 214 1874 et
232 1816 378 1898 asinusca,
396 1816 495 1877 nunus
513 1824 613 1878 tamen
632 1816 740 1878 caudas
759 1817 893 1897 vulpium
910 1817 1023 1877 imitata

20 1895 140 1978 depecis.
204 1901 401 1966 Alexandrina
437 1903 601 1986 appellatur
637 1907 706 1967 vitis
743 1907 822 1968 eirca
852 1905 1023 1967 Phalacrum
1041 1913 1076 1963 43

18 1983 115 2072 brevis,
138 1991 233 2054 ramis
257 1991 449 2078 cubitalibus,
477 1997 562 2056 acino
585 1997 671 2076 nigro
699 1994 783 2057 labae
810 1995 1023 2077 magnitudine,

18 2079 110 2140 nucleo
140 2079 226 2143 molli
257 2090 288 2144 et
316 2084 453 2168 minimo,
486 2083 614 2165 obliquis
646 2087 772 2146 racemis
803 2083 1023 2166 praedulcibus,

17 2165 74 2227 lolio
95 2189 190 2250 parvo
214 2179 245 2232 et
267 2173 410 2256 rotundo,
433 2176 498 2235 sine
521 2173 670 2236 divisuris.
721 2181 836 2255 septem
863 2173 910 2234 bis
938 2175 1023 2233 annis

16 2256 39 2314 in
64 2257 268 2324 Narbonensis
298 2265 467 2342 provinciae
495 2261 572 2325 Albo
599 2263 702 2326 Helvia
730 2265 851 2325 inventa
880 2271 926 2324 est
955 2263 1024 2322 vitis

18 2362 65 2407 uno
87 2349 135 2412 die
155 2349 367 2434 deflorescere,
390 2351 428 2412 ob
450 2352 481 2413 id
504 2354 660 2414 tutissima.
698 2351 887 2414 carbunicam
909 2358 1025 2433 vocant,

16 2451 92 2512 quam
114 2459 199 2502 nnnc
222 2447 285 2502 tota
307 2443 460 2521 provincia
483 2444 623 2503 conserit.

71 2521 105 2590 4.
130 2523 186 2612 (5)
215 2527 388 2592 Catonum
409 2531 459 2592 ille
481 2534 632 2612 primus,
659 2529 811 2610 triumpho
840 2538 871 2590 et
898 2547 1024 2590 censura
1043 2537 1078 2586 44

14 2631 94 2693 super
127 2626 231 2680 cetera
262 2620 403 2703 insignis,
439 2621 533 2700 magis
565 2627 664 2682 tamen
696 2621 859 2682 etiamnum
892 2618 1024 2680 claritate

15 2699 175 2769 litterarum
188 2712 417 2790 praeceptisque
432 2712 565 2772 omnium
579 2727 682 2770 rerum
701 2710 934 2790 expetendarum
949 2708 1025 2768 datis

12 2798 106 2869 generi
125 2796 272 2881 Romano,
294 2801 374 2860 iuter
397 2801 493 2884 prima
515 2817 587 2860 vero
611 2817 716 2878 agrum
739 2798 865 2881 colendi,
888 2797 937 2858 ille
961 2799 1025 2858 aevi

75 2958 303 3022 1purpurae1.
377 2953 578 3024 2t1ipedanea
596 2953 774 3025 damnare.
803 2951 863 3008 mia
876 2957 911 3006 11.
938 2951 1025 3021 trepi-
1106 2961 1109 2968 ’

11 3017 93 3076 danea
107 3027 154 3078 ed.
185 3040 263 3094 crep-
281 3025 511 3081 sodomitam.
585 3025 696 3094 equod
709 3025 804 3080 chium
817 3024 922 3079 arbeti
950 3022 1026 3092 quod

12 3090 96 3148 ebiir.
126 3111 213 3164 quem
232 3095 366 3152 chiama.
439 3098 504 3152 Set
520 3101 598 3152 lida.
618 3114 668 3152 om.
682 3114 705 3152 r.
722 3098 727 3166 Ι
742 3095 874 3152 aminaea
886 3101 921 3151 11.
951 3095 1027 3150 -inea

10 3177 45 3217 ro.
73 3166 283 3222 ammiunead.
366 3173 400 3223 10
419 3168 543 3224 escariae
561 3173 617 3223 ilo.
645 3170 690 3224 est
707 3184 752 3224 ca
770 3185 794 3224 r.
877 3173 908 3221 11
927 3166 1026 3238 nigrae

10 3237 38 3289 Ι.
65 3253 185 3306 -raeque
203 3255 248 3294 ro.
322 3245 355 3296 17
375 3240 511 3296 rabucula
527 3246 558 3296 n.
586 3240 650 3296 rha-
668 3241 799 3297 adducit
873 3243 906 3294 18
924 3238 1026 3293 Phala·

10 3319 79 3362 cram
97 3309 191 3366 Borb.
219 3310 290 3386 -raig
308 3317 333 3366 d.
366 3312 526 3382 palacraiae
543 3318 575 3368 n.
608 3313 680 3368 -raie
698 3329 742 3370 ιο.
775 3311 876 3367 -caiam
894 3311 1027 3366 eddonis

10 3374 88 3436 Baro.
185 3387 218 3437 21
240 3385 349 3454 septem
366 3383 411 3438 his
430 3384 511 3440 annis
530 3386 656 3454 septumo
675 3385 742 3440 hinc
761 3399 834 3440 anno
853 3401 877 3437 s.
907 3381 1026 3452 septimo

10 3449 106 3507 abhinc
125 3469 203 3509 anno
222 3455 424 3512 eddanum.
452 3457 489 3511 ab
508 3471 558 3511 om.
573 3456 666 3513 Horti.
775 3461 810 3510 22
832 3454 908 3509 Alba
925 3452 1028 3508 Helvia

10 3519 93 3578 Hora.
125 3523 222 3592 (Eiris
239 3526 379 3598 eddGcl.)
411 3527 476 3588 albo
496 3527 573 3583 oliuu
592 3527 673 3598 (duis
690 3527 728 3582 αἱ
756 3527 834 3582 oluia
851 3528 885 3596 a)
903 3543 926 3581 r.
960 3541 1027 3580 arvo
1077 3567 1080 3572 Δ

10 3592 227 3653 aliusmodi.
256 3615 323 3654 arvo
338 3599 464 3656 ed.Verc.
538 3604 572 3653 23
592 3599 771 3655 carbunicam
785 3597 921 3654 scdDeti.
950 3597 1030 3652 -canb

10 3669 30 3716 ῠ.
59 3667 245 3724 carbunicam
263 3671 397 3727 eddaote
405 3671 473 3726 Bos.
501 3670 592 3726 Narb-
606 3670 725 3727 chos.
799 3675 833 3726 28
852 3669 902 3726 ille
915 3685 983 3726 uero
1002 3686 1027 3722 a.

10 3735 78 3792 illius
97 3737 231 3798 ummo.
259 3741 337 3798 illius
355 3757 423 3799 vero
442 3741 500 3800 edd.
512 3741 671 3798 auteRloen.
