2308 3936
211 217 293 266 sar.
311 215 403 266 msc.
420 217 443 264 1.
466 201 751 289 (xxx11.xxx111.)
965 209 1003 270 57

35 373 122 455 quando
143 375 260 454 primum
281 381 433 452 argentum
453 374 620 453 apparuerit
645 375 673 434 in
695 373 820 452 harena,
846 377 959 456 quando
977 379 1006 437 in

35 477 122 521 smera.
152 459 198 520 17.
216 459 323 540 quibus
343 456 523 539 temporibus
545 458 706 538 plurimum
726 461 754 520 in
775 462 889 521 aerario
906 462 1006 542 populi

35 543 198 604 lomanianri
215 543 375 621 clangenti
393 541 489 602 luerit.
520 541 567 604 18.
586 543 700 623 555515
725 545 845 624 primum
860 545 1006 608 lacunaria

34 631 139 689 marrata.
158 628 204 690 19.
222 628 328 708 quihus
344 625 491 689 decausis
509 629 668 708 praecipua
683 630 839 690 auotoritas
854 647 935 692 auro.
953 629 1005 692 20.

21 713 82 778 oratio
93 713 243 775 inaurandi.
269 711 320 773 21.
335 713 372 774 de
384 712 558 774 inveniendo
571 729 651 774 auro.
670 712 720 774 22.
735 715 771 775 15
785 715 1006 794 auripigmento.

31 799 105 860 1315
120 797 241 860 electro.
253 840 256 848 ·
269 797 321 859 24.
334 797 444 876 primae
459 815 567 859 aureae
579 807 699 860 statuae.
723 798 773 859 25.
790 799 952 862 medicinae
969 819 1007 862 ex

31 901 79 943 auro
92 877 188 1030 (ΠΙ).
218 881 438 963 (att-29)1te
455 882 641 958 chrysocolla
658 877 730 966 (27.
747 885 821 945 55115
838 885 900 945 eius
917 887 947 945 in
963 887 1007 965 pi·

31 969 101 1028 rimis.
131 966 150 1027 2
174 1011 181 1026 .
198 967 361 1030 medicinae
385 985 423 1028 ex
443 967 628 1044 chrysocolla
643 967 707 1045 Vll,
738 967 788 1030 29.
806 970 1006 1031 deauriiicum

30 1053 186 1128 chrysocolla
199 1053 262 1114 sive
275 1047 442 1140 santerna).
459 1051 817 1132 (3151155155155555
833 1054 1008 1132 glutinandis

11 1139 81 1198 uintsr
98 1155 127 1198 se
153 1147 182 1198 et
199 1135 388 1218 perficiendis
409 1137 563 1198 metallicis
587 1137 686 1197 rebus.
719 1137 792 1220 (31)
808 1137 853 1199 De
874 1149 1006 1217 argento.

29 1221 78 1301 (31)
92 1221 134 1282 lle
151 1231 275 1302 argento
292 1223 370 1282 rivo.
391 1220 463 1302 (33)
479 1221 526 1282 115
539 1223 614 1286 stimi
629 1224 692 1282 sive
705 1223 771 1282 stibi
785 1224 847 1282 sive
860 1223 1007 1284 alabastro

28 1309 70 1366 sive
83 1306 186 1368 larbasi
204 1308 268 1368 sive
284 1306 545 1387 platyophthalmo.
575 1307 647 1388 (34)
664 1307 827 1368 medicinae
844 1327 882 1369 ex
894 1325 931 1369 eo
942 1307 1006 1370 Vll.

27 1390 78 1471 (35)
91 1391 134 1452 115
153 1394 251 1453 sooria
267 1393 389 1469 argenti.
415 1392 579 1453 medicinae
595 1410 633 1451 ex
651 1409 687 1454 ea
701 1389 751 1452 Vl.
782 1391 828 1452 De
847 1411 947 1473 spuma
963 1411 1008 1453 ar·

27 1479 91 1552 genti.
104 1477 268 1538 medicinae
284 1495 323 1536 ex
340 1494 375 1538 55
388 1475 452 1537 Vll.
478 1477 635 1556 (36-41)
651 1475 697 1536 115
714 1475 801 1536 minio
818 1469 1007 1563 (555555511-

8 1562 111 1637 ttgiosum
123 1562 201 1642 apud
217 1561 352 1640 antiquos
361 1561 457 1622 inerit.
476 1561 526 1623 37.
539 1562 576 1622 15
588 1559 754 1622 inventione
767 1562 830 1622 eius
842 1571 872 1622 et
883 1563 1006 1641 origine.

27 1643 357 1722 113915515551551,
382 1647 455 1708 ratio
478 1645 541 1706 eius
564 1647 593 1705 in
615 1645 758 1706 medicina
781 1655 811 1707 et
831 1647 859 1706 in
876 1649 1007 1728 picturis.

26 1729 59 1792 to.
72 1750 178 1810 genera
192 1732 262 1792 mini
270 1775 280 1810 ,
302 1733 377 1792 ratio
394 1735 456 1792 eius
471 1735 500 1793 in
515 1733 646 1812 picturis.
678 1728 729 1795 41.
747 1730 889 1792 medicina
905 1747 943 1791 ex
958 1731 1015 1791 mi·

25 1819 63 1875 nio.
82 1817 113 1877 15
129 1811 348 1901 hydrargyro).
380 1814 453 1896 (42)
473 1817 509 1878 15
525 1825 649 1896 argento
669 1813 837 1877 inaurando.
871 1812 944 1896 (43)
965 1812 1010 1872 De

29 1911 134 1972 roticulis
149 1910 284 1971 aurariis.
314 1905 471 1986 (ll—55)
490 1903 613 1982 Argenti
621 1917 738 1982 genera
759 1909 789 1961 et
811 1900 1012 1980 experimenta

8 1987 78 2077 5(15.
94 1995 128 2055 15
144 1993 288 2074 speculis.
320 1991 370 2053 46.
390 1989 426 2052 15
445 1987 594 2068 Aegyptio
618 1993 750 2066 argento.
783 1987 835 2047 47.
861 1984 898 2045 15
922 1983 1013 2044 inmo·

28 2080 71 2139 lim
90 2080 225 2158 pecunia.
256 2093 376 2158 quorum
400 2075 542 2135 maximae
577 2089 652 2152 opes
674 2071 790 2132 inerint.
822 2068 872 2132 48.
898 2067 1012 2149 quando

27 2164 120 2241 primunr
136 2163 267 2244 populus
283 2161 430 2222 Romanus
446 2161 551 2238 stipem
569 2157 719 2236 sparserit.
736 2153 786 2216 49.
805 2155 841 2216 15
858 2153 969 2215 luxuria
984 2153 1012 2212 in

27 2249 82 2307 rasis
96 2249 257 2327 argenteis.
286 2246 337 2306 50.
356 2244 529 2324 frugalitatis
544 2243 679 2323 antiquae
690 2242 720 2301 in
732 2247 854 2318 argento
867 2235 1011 2315 exempla.

28 2332 196 2413 liquando
223 2331 345 2411 primum
370 2327 457 2390 lectis
482 2337 632 2406 argentum
654 2325 788 2388 additum.
823 2322 873 2383 52.
898 2319 1012 2400 quando

7 2417 103 2478 clames
118 2417 287 2478 inmodicae
302 2415 409 2476 iactae.
434 2414 549 2493 quaudo
564 2409 750 2491 repositoriis
766 2416 917 2485 argentum
933 2403 1012 2465 addi·

27 2511 74 2561 tun.
91 2503 205 2583 quando
222 2511 360 2582 tympana
374 2497 461 2560 iacta.
486 2497 536 2559 53.
553 2497 696 2557 inmodica
712 2493 825 2572 argenti
841 2491 943 2571 pretia.
962 2488 1012 2550 54.

27 2585 50 2644 15
64 2591 156 2648 statuis
172 2587 334 2666 argenteis.
352 2586 402 2646 55.
416 2583 582 2644 nobilitates
595 2597 716 2660 operum
732 2587 761 2638 et
772 2576 911 2637 artificum
924 2574 953 2633 in
969 2591 1013 2634 ar·

28 2659 1014 2838 119519.1111111.11111111.”11111111111

9 2839 132 2900 1155551
153 2839 299 2901 historiae
323 2847 352 2898 et
374 2836 597 2896 ohservationes
612 2828 849 2895 cccxxxvnt

71 2921 112 2985 Ex
128 2922 316 2988 auctoribus:
344 2921 508 2982 Domitiano
525 2918 665 2994 Caesare,
681 2915 761 2977 lunio
778 2913 966 2990 Gracchano,
982 2909 1014 2972 h.

28 3006 122 3090 Pisone,
138 3011 179 3076 11.
196 3009 350 3084 Varrone,
371 3005 517 3083 Corvino,
536 3003 637 3062 Attico
653 2999 833 3080 Pomponio,
858 2997 950 3061 Calvo
971 2996 1016 3058 11-

29 3095 97 3176 cirio,
116 3093 263 3157 Cornelio
278 3092 416 3172 Nepote,
442 3089 594 3164 lluciano,
609 3084 746 3162 Boccho,
767 3083 901 3162 Fetiale,
924 3083 1018 3145 Fene·

30 3182 106 3257 steila,
120 3181 245 3242 Valerio
260 3178 402 3254 Maximo,
427 3175 500 3238 lulio
514 3177 607 3237 Basso
623 3177 672 3255 qui
690 3175 727 3235 de
742 3172 886 3234 medicina
902 3169 1016 3234 Graece

9 3263 133 3342 ascripsit,
150 3266 257 3326 Sextio
272 3261 364 3342 Nigro
380 3263 428 3343 qui
443 3263 521 3322 item.
548 3259 700 3320 Externis:
725 3257 940 3337 Theophrasto,
957 3253 1015 3314 De·

31 3349 143 3427 mocrito,
159 3349 249 3426 Iuba,
278 3347 394 3408 Timaeo
418 3346 558 3408 historico
581 3345 629 3424 qui
653 3344 689 3404 15
712 3342 854 3403 medicina
869 3337 1016 3400 metallica

33 3433 138 3510 scripsit,
154 3431 333 3509 Heraclide,
354 3431 488 3506 Andrca,
504 3428 651 3508 Diagora,
668 3427 792 3503 Botrye,
817 3423 1015 3496 Archedemo,

32 3508 157 3596 Dionysio,
170 3517 361 3594 Aristogene,
374 3513 529 3592 Democle,
542 3511 686 3588 lineside,
700 3510 799 3574 Attalo
814 3508 941 3584 medico,
957 3503 1015 3564 Xe·
