2364 3930
134 139 197 202 140
474 137 503 194 O.
522 137 622 192 Ponu
642 137 799 193 SECUNDI

131 290 287 369 operitque
307 307 379 368 opes
399 306 467 349 suas
486 306 576 368 gnara
594 296 718 370 propter
736 288 800 349 illas
820 306 852 348 se
871 289 934 366 peti
957 303 1126 366 manumque,

40 419 45 424 -
132 381 157 438 si
180 380 362 460 praeveniat,
393 381 455 439 acie
479 393 532 438 sua
560 377 692 454 abscidat
719 377 799 438 nulla
825 379 951 439 iustiore
978 393 1078 456 poena,
1103 383 1128 434 ct

132 467 196 551 aliis
219 469 334 528 munita
357 466 523 549 suppliciis,
553 470 663 548 quippe
690 470 771 528 inter
794 465 934 546 scopulos
961 467 1050 524 maior
1070 481 1129 542 pars

131 559 290 638 invenitur,
314 555 366 617 scd
389 559 420 618 in
444 557 502 617 alto
525 549 644 636 qnoque
668 559 849 617 comitantur
871 556 994 616 marinis
1012 551 1130 632 eamus,

80 661 197 715 111ncc
225 654 325 707 tamen
348 665 435 707 aures
459 647 637 707 seminarum
664 653 813 707 arcentur.
860 643 1001 723 qnidam
1023 641 1152 702 tradunt⁵

132 737 211 796 sicut
234 733 338 814 apibus
365 737 406 796 ita
429 735 610 796 concharum
633 733 818 796 examinibus
847 731 978 813 singulas
1001 732 1132 810 magnita-

33 885 38 895 ,
132 824 200 884 dine
230 833 260 884 et
287 832 433 888 vetustate
461 827 637 906 praecipuas
660 843 726 886 osse
755 823 847 885 veluti
874 823 967 884 dorcas
995 823 1083 881 mirae
1104 819 1134 879 ad

132 913 295 973 cavendum
318 913 476 976 sollertiae.
511 914 564 974 has
583 916 767 976 urinantium
786 931 859 974 cura
876 914 951 992 peti,
975 909 1033 971 illis
1052 911 1134 988 captis

132 1001 217 1062 facile
241 1009 356 1062 ceteras
379 1002 511 1082 palantes
534 1001 649 1064 ratibus
667 1003 790 1084 includi,
812 1001 905 1063 multo
928 999 1035 1061 deinde
1058 998 1137 1059 obrui

132 1109 182 1153 cas
205 1091 265 1152 sale
288 1094 320 1152 in
343 1095 420 1153 vasis
442 1091 592 1175 fictilibus,
614 1111 682 1154 rosa
703 1111 793 1154 carne
812 1093 893 1152 omni
911 1089 1035 1151 nucleos
1058 1103 1154 1168 quos-1

132 1181 199 1241 dam
223 1197 392 1264 corporum,
414 1182 471 1244 hoc
496 1191 541 1244 est
563 1185 700 1264 unioneS,
722 1181 861 1243 decidere
884 1183 916 1241 in
939 1183 1006 1241 ima.

81 1290 131 1339 112
201 1263 275 1355 (56)
307 1271 370 1332 Usu
399 1275 487 1334 atteri
514 1291 573 1333 non
602 1271 726 1333 dubium
753 1279 800 1332 est
832 1269 1023 1348 coloremque
1050 1265 1137 1331 indili-

133 1363 231 1440 gentia
254 1369 378 1422 mutare.
423 1361 476 1421 dos
500 1364 595 1422 omnis
618 1364 649 1422 in
668 1361 806 1444 candore,
829 1359 1042 1440 magnitudine,
1064 1356 1137 1437 orba,

132 1449 244 1531 levore,
271 1449 417 1533 pondere,
440 1449 519 1511 haud
541 1453 687 1530 promptis
711 1450 800 1511 rebus
824 1453 994 1510 intantum
1017 1454 1052 1509 ut
1073 1445 1138 1508 nulli

133 1539 191 1599 duo
212 1541 402 1618 reperiantur
419 1541 582 1622 indiscreti,
605 1539 684 1601 rande
704 1558 813 1600 nomen
831 1541 977 1614 unionum
995 1537 1156 1599 Romanam

133 1627 247 1688 scilicet
263 1630 429 1708 ,inposuere
453 1629 583 1691 deliciae.
620 1647 689 1691 nam
711 1629 742 1690 id
765 1629 843 1710 apud
862 1627 991 1690 Graecos
1012 1645 1074 1689 non
1091 1635 1147 1708 ast,

132 1733 170 1776 ne
190 1717 267 1796 apud
286 1717 428 1779 barbaros
448 1719 567 1798 quidem
586 1719 757 1781 inventores
781 1721 846 1780 eius
864 1718 943 1778 abad
963 1735 1053 1796 qnam
1070 1734 1140 1777 mar·

81 1807 261 1884 magaritae.
299 1815 329 1868 et
351 1811 382 1868 in
406 1808 533 1870 candore
556 1809 622 1888 ipso
645 1827 750 1888 magna
773 1807 947 1868 dlllerentia.
985 1805 1093 1866 clarior
1113 1807 1140 1864 in

132 1893 235 1955 Rubro
258 1899 333 1957 mari
353 1899 490 1980 repertis,
513 1897 630 1958 Indicos
649 1897 848 1978 specularium
871 1895 1002 1975 lapidum
1026 1913 1139 1974 squama

131 1983 289 2046 adsimulat
307 1985 378 2046 alias
397 1986 598 2065 magnitudine
617 1985 840 2066 praecellentes
878 2003 992 2046 summa
1011 1983 1075 2046 laus
1098 2003 1160 2044 co·

133 2072 205 2133 loris
229 2082 275 2134 est
298 2075 511 2136 exaluminatos
534 2078 642 2137 vocari.
682 2083 712 2137 et
733 2075 958 2156 procerioribus
981 2091 1036 2134 sua
1054 2076 1141 2153 gratia

134 2171 187 2222 est.
234 2162 374 2226 elenchos
397 2164 545 2245 appellant
568 2165 702 2245 fastigata
725 2157 908 2246 longitudine
932 2163 1141 2224 alabastrorum

81 2251 235 2330 naligura
257 2255 289 2312 in
308 2252 471 2332 pleniorem
494 2253 596 2316 orbem
615 2255 794 2318 desinentes.
830 2255 885 2314 hos
903 2254 1003 2333 digitis
1023 2269 1142 2333 snspen-

133 2339 203 2400 derc
223 2349 253 2402 et
270 2339 357 2404 binos
376 2361 410 2404 ao
428 2351 530 2405 ternos
550 2343 672 2406 auribus
691 2345 869 2406 lenninarum
887 2343 980 2423 gloria
999 2351 1054 2426 est,
1077 2340 1141 2403 sub·

134 2428 264 2510 euntque
288 2431 422 2494 luxuriae
450 2435 514 2494 eius
537 2436 656 2494 nomina
684 2441 715 2494 et
737 2434 833 2494 taedia
856 2434 1003 2512 exquisita
1029 2431 1142 2513 perdito

133 2528 284 2604 nepotatu,
306 2523 463 2605 siquidem,
486 2533 554 2584 cum
577 2523 607 2584 id
630 2523 743 2604 iecere,
767 2523 888 2584 crotalia
911 2519 1140 2604 appellantem

133 2627 206 2670 sono
230 2629 348 2691 quoque
372 2611 519 2692 gaudeant
545 2607 576 2673 et
598 2612 791 2692 collisu'ipso
814 2613 1050 2692 margaritarum.
1095 2631 1140 2671 cu-

132 2701 277 2780 piuntque
307 2703 365 2762 iam
397 2709 428 2762 et
458 2719 606 2782 pauperes
637 2701 774 2763 lictorem
806 2702 932 2763 feminac
962 2703 994 2764 in
1027 2699 1141 2780 publico

132 2791 274 2850 unionem
298 2809 363 2852 esse
387 2789 564 2852 dictitantes.
610 2793 683 2869 quin
706 2799 741 2852 ‘et
763 2790 902 2872 pedibuS,
933 2808 989 2850 nec
1013 2789 1140 2870 crepida·

81 3129 88 3133 ,
203 3068 289 3122 laad
307 3069 343 3124 α’.
367 3085 417 3124 om.
436 3087 459 3124 r.
489 3072 493 3139 l
524 3070 694 3125 comitantur
712 3071 770 3125 llo.
799 3087 838 3124 aa
856 3067 1075 3124 comitantibus?

133 3139 293 3210 bsingulas
312 3141 348 3195 ,q
377 3142 419 3196 ·la
436 3159 461 3196 r.
512 3146 582 3196 9.10
601 3141 682 3196 obrui
699 3157 747 3196 aas
765 3141 839 3196 Dect.
867 3142 942 3194 -ruta
960 3143 986 3194 d.
1015 3143 1102 3194 -rutas
1119 3157 1137 3192 r.

205 3217 238 3266 13
256 3211 403 3268 mutandos
422 3213 460 3267 ⁸¹.
488 3211 585 3267 -audas
604 3213 642 3268 αἳ.
702 3219 736 3267 14
754 3213 849 3268 levore
867 3229 891 3266 c.
920 3210 1010 3266 -niora
1029 3217 1080 3266 Ba
1108 3210 1139 3263 -ri

133 3286 157 3335 t
186 3281 275 3338 -biore
293 3301 316 3338 r.
351 3287 356 3354 1
389 3285 507 3354 promtis
526 3283 563 3338 α’.
592 3285 687 3339 motis
706 3302 729 3340 r.
818 3289 851 3339 1⁷
869 3299 904 3338 na
922 3287 954 3338 B.
981 3297 1034 3337 nec
1051 3300 1074 3337 r.

134 3357 167 3406 19
188 3371 304 3422 squama
321 3357 398 3410 codd.
417 3352 509 3410 Hasd.
539 3372 610 3410 -mas
629 3357 657 3410 ll.
712 3361 746 3410 21
766 3356 970 3411 exaluminatos
987 3359 1020 3411 B.
1052 3357 1136 3408 tusa

222 3429 256 3478 22
276 3425 407 3481 elenchos
424 3423 512 3480 Barb.
545 3427 647 3482 -nticos
665 3431 690 3482 d.
723 3444 803 3483 ·ncos
824 3445 848 3484 r.
918 3431 972 3493 ,23
990 3425 1137 3496 pleniorem

134 3493 230 3547 orbem
248 3496 288 3550 ed.
307 3497 375 3552 Bas.
404 3513 445 3550 -re
465 3500 519 3565 (ua
536 3501 565 3550 1¹¹.
594 3497 630 3551 ·ri
648 3499 675 3567 d)
694 3498 762 3565 orbe
781 3499 809 3556 u.
923 3499 958 3553 24
977 3498 1095 3552 subcunt
1109 3501 1135 3548 B.

135 3561 268 3630 lpardito
287 3571 318 3622 B.
347 3568 399 3622 -bio
418 3585 441 3622 r.
515 3573 547 3622 27
568 3567 668 3624 collisa
686 3574 710 3626 d.
740 3587 783 3624 -so
802 3589 825 3627 r.
852 3569 934 3640 lipsi
951 3575 983 3623 R.
1055 3570 1135 3624 aaut

133 3637 305 3703 carpuntque
325 3638 424 3693 Ionas.
