2340 3934
174 162 218 226 66
522 161 669 218 cauno
688 131 845 218 succum

174 315 301 393 aucupia
329 315 520 394 piscatusque
550 311 668 374 alebant
697 311 865 392 quibusque
892 314 1013 394 rivaria,
1045 323 1157 394 amenta,

175 404 314 484 alvearia,
336 404 481 482 piscinae,
505 403 612 462 aviaria
633 403 665 464 in
689 419 761 464 cura
784 409 880 484 erant,
907 421 946 464 ne
969 402 1039 482 qnid
1059 421 1158 482 usquam

175 495 309 572 genitum
333 495 523 571 ignoraretur
550 491 586 552 ab
610 509 654 552 eo.
701 509 777 570 quos
797 492 1021 571 percunctando
1044 495 1159 571 quinqua·

175 585 257 662 ginta
275 582 368 646 ferme
387 580 535 642 volumina
557 580 607 642 illa
624 581 776 660 praeclara
799 581 834 642 de
854 581 1029 644 animalibus
1049 582 1159 642 condidit.

176 691 251 752 quae
282 691 299 732 a
325 689 374 732 me
401 669 524 732 collecta
550 671 582 732 in
610 677 708 734 artum
738 687 807 732 cum
828 672 870 732 iis
900 689 975 750 quae
1003 673 1153 751 ignorarem

176 779 286 839 quaeso
317 768 351 820 ut
379 759 512 839 legentes
542 759 614 820 boui
643 759 812 841 consulant,
848 762 879 823 in
909 762 1058 822 universis
1084 779 1125 822 rer
1146 784 1157 813 o

176 857 299 910 naturae
323 849 464 928 operibus
492 849 649 928 medioque
678 849 834 910 clarissimi
856 869 962 930 regum
983 852 1111 912 omnium
1129 849 1153 908 de

121 951 156 1000 45
177 939 286 1004 siderio
310 957 382 1000 cura
404 945 508 1000 nostra
528 937 659 1000 breviter
681 941 915 1018 peregrinantes.
955 941 982 1000 is
1007 958 1077 1020 ergo
1098 939 1161 1000 trad

176 1027 308 1088 leaenam
329 1031 426 1108 primo
450 1029 513 1090 fetu
533 1046 638 1108 parere
663 1029 794 1108 quinque
818 1029 939 1111 catulos,
962 1047 998 1090 ac
1021 1047 1074 1109 per
1096 1047 1154 1090 anni»

176 1117 308 1196 singulos
331 1136 392 1178 uno
416 1119 526 1198 miuus,
554 1116 590 1178 ab
614 1135 674 1178 uno
698 1117 894 1182 sterilescere.
937 1119 1082 1180 informes
1102 1121 1156 1180 nini

176 1225 298 1286 masque
322 1217 431 1268 'carnes
458 1206 659 1285 magnitudine
687 1206 893 1270 mustellarum
919 1225 986 1268 esse
1016 1210 1110 1290 initio,
1134 1225 1157 1266 sc

176 1303 326 1358 monstres
352 1298 401 1356 vix
429 1296 544 1375 ingredi
570 1315 673 1376 posse,
703 1314 759 1356 nec
786 1299 845 1360 nisi
866 1296 1050 1360 bimenstres
1071 1299 1160 1359 morer'

176 1388 208 1446 in
226 1384 346 1466 Europa
364 1391 464 1446 autern
481 1387 560 1446 inter
574 1384 737 1446 Acheloum
754 1393 868 1448 tantum
883 1387 1074 1468 Mestumque
1090 1405 1156 1447 amne

176 1474 278 1536 leones
297 1493 372 1556 esse,
391 1474 443 1552 sed
460 1473 547 1554 longe
565 1473 679 1537 viribus
696 1477 928 1554 praestantiores
947 1479 985 1540 iis
1006 1483 1081 1556 quos
1094 1477 1156 1536 Airic

177 1572 228 1625 ant
251 1563 335 1644 Syria
357 1566 487 1644 gignant.
773 1635 776 1639 ,

123 1667 158 1715 46
244 1647 317 1736 (18)
341 1652 475 1714 Leonum
493 1653 552 1714 duo
571 1672 693 1736 genera,
718 1654 891 1734 compactile
910 1662 941 1716 ct
958 1653 1053 1718 breve
1072 1657 1160 1734 crispio

176 1742 261 1804 ribus
282 1741 369 1804 iubis.
410 1743 465 1803 bos
487 1743 654 1823 pavidiores
677 1761 743 1806 esse
767 1761 855 1823 quam
877 1744 982 1824 longos
1006 1745 1157 1826 simpliciqu

66 1877 73 1890 .
177 1832 253 1894 villo.
300 1851 351 1894 eos
379 1839 600 1912 contemptores
622 1832 787 1894 vulnerum.
833 1835 950 1896 urinam
976 1852 1079 1896 mares
1104 1853 1159 1894 crur

178 1921 292 1982 sublato
324 1921 449 1982 reddere
480 1929 514 1984 nt
544 1941 640 1984 canes
691 1939 811 2002 gravem
840 1922 975 2006 odorem,
1010 1943 1068 1986 nec
1096 1942 1160 1984 mm.

177 2011 309 2072 halitum.
352 2030 436 2072 raros
458 2013 491 2072 in
513 2019 586 2092 potu
609 2013 689 2074 vesci
712 2011 833 2074 alternis
856 2011 973 2094 diebus,
999 2015 1160 2076 a·saturitat

178 2102 297 2160 interim
324 2100 424 2162 triduo
454 2099 528 2162 cibis
557 2119 667 2162 carere.
718 2119 793 2180 quae
821 2104 936 2180 possint
966 2105 1000 2164 in
1030 2101 1159 2164 mandent

179 2189 271 2250 solida
294 2189 449 2271 devorare,
478 2209 535 2251 nec
558 2192 693 2270 capiente
717 2192 886 2254 aviditatem
907 2191 970 2252 alvo
997 2193 1159 2254 coniectist

178 2279 278 2340 fauces
301 2278 451 2358 unguibus
475 2279 644 2362 extrahere,
675 2287 726 2340 aut
749 2283 774 2342 si
796 2281 969 2360 fugiendum
998 2284 1034 2344 in
1062 2285 1152 2344 satieta

125 2381 159 2429 47
178 2367 313 2429 babeant.
359 2370 448 2429 vitam
471 2371 508 2430 iis
530 2369 648 2448 longam
673 2369 760 2434 docet
783 2377 969 2453 argumento,¹
1003 2373 1088 2452 quod
1108 2371 1158 2452 pler

179 2475 236 2536 que
269 2457 408 2518 dentibus
445 2459 554 2518 delecti
584 2461 783 2539 reperiantur.
836 2459 1009 2540 Polybius
1043 2462 1161 2524 Aemili

179 2565 278 2608 comes
300 2549 332 2608 in
356 2555 475 2608 senecta
497 2547 648 2609 bominem
671 2548 707 2608 ab
730 2549 777 2610 his
800 2550 898 2629 adpeti
919 2551 1032 2633 refert,
1058 2553 1161 2631 quonb

178 2637 214 2696 ad
232 2637 455 2717 persequendas
473 2638 552 2698 ieras
575 2639 653 2698 vires
676 2657 737 2700 non
760 2642 925 2719 suppetant.
957 2647 1037 2703 tuuc
1061 2639 1151 2729 obside

177 2725 294 2788 Africae
316 2725 421 2808 urbes,
444 2745 536 2807 eaque
560 2727 597 2786 de
621 2735 709 2788 causa
732 2730 815 2790 cruci
838 2729 911 2790 tiuos
933 2729 1049 2792 vidisse
1073 2751 1104 2792 se
1125 2749 1152 2788 ru

251 3030 264 3078 1
286 3025 387 3094 aucupi
404 3023 483 3078 n²e¹.
511 3025 631 3096 aucupio
648 3024 728 3079 ΒΨ.
755 3027 759 3095 Ι
783 3026 947 3096 piscatuque
964 3031 990 3081 d.
1076 3029 1160 3084 iada.

178 3095 220 3150 ria
242 3095 308 3148 Bd1.
335 3095 458 3150 alvearia
475 3113 497 3151 r.
571 3096 697 3150 eneam
718 3113 768 3152 om.
792 3103 823 3152 R.
896 3103 911 3152 9
935 3115 973 3152 an
996 3099 1122 3170 quinos?

180 3172 213 3221 10
243 3166 347 3236 singuli
375 3167 469 3220 ΕΜ.
508 3169 512 3235 l
550 3185 606 3222 uno
631 3185 656 3222 o.
684 3185 734 3222 om.
753 3169 780 3222 ll.
813 3169 863 3236 cfr.
882 3169 968 3224 Arist.
987 3171 1015 3226 b.
1036 3191 1085 3228 an.
1105 3173 1139 3224 l'l

173 3239 377 3308 p.579B,10.·
444 3244 475 3292 12
496 3237 577 3292 crede
595 3239 640 3292 12¹.
669 3239 751 3294 credo
770 3239 814 3296 Bi.
841 3240 950 3310 ingredi
967 3259 1013 3298 ro.
1089 3251 1118 3298 13
1135 3261 1155 3294 n

178 3311 306 3378 stumque
324 3310 361 3363 (1².
389 3311 490 3363 maest
508 3308 550 3362 1³².
578 3312 651 3364 uest
670 3315 700 3364 B.
730 3313 784 3366 est
802 3312 839 3366 dl.
868 3313 939 3368 aesi-
956 3331 980 3368 r.
1063 3323 1098 3370 16
1119 3331 1161 3366 co

176 3381 285 3449 paecile
303 3385 335 3434 n.
409 3386 441 3433 1‘1
459 3379 559 3450 longos
577 3381 644 3436 Dal.
662 3383 695 3435 io
712 3384 843 3453 margine.
869 3401 916 3454 ·go
935 3387 963 3440 ll.
988 3387 1043 3453 cfr.
1062 3389 1142 3442 Aust.

179 3467 204 3503 a.
219 3455 266 3504 IX
278 3455 314 3504 44
327 3467 358 3518 p.
369 3449 468 3516 6293,
477 3455 520 3506 34.
546 3449 634 3506 Solio.
653 3457 755 3518 27‚13.
829 3461 862 3510 18
882 3473 961 3510 crure
978 3457 1094 3512 ΕἰΨ.
1118 3475 1160 3510 sora

177 3521 239 3575 tare
258 3521 294 3574 (1¹.
321 3522 431 3588 crutare
449 3537 472 3574 r.
543 3528 577 3575 22
597 3523 713 3578 coiectis
729 3529 761 3578 B.
834 3533 867 3582 23
886 3529 1051 3586 satietatem
1067 3535 1119 3584 BT.

178 3594 214 3643 24
231 3591 337 3645 habent
353 3595 405 3644 nu.
490 3596 522 3646 25
541 3593 644 3648 defecti
661 3595 737 3650 ΒΨ.
766 3597 824 3652 ·fici
841 3597 885 3652 12².
914 3599 1008 3654 -ficerc
1028 3605 1080 3654 dr.
1106 3601 1150 3653 effi

177 3659 219 3712 2¹.
248 3660 343 3714 deficit
359 3679 382 3716 r.
456 3666 488 3716 28
508 3662 611 3719 africae
630 3665 706 3720 W.
734 3685 780 3722 -ca
798 3686 821 3723 r.
