2308 3936
159 187 201 251 92
380 178 383 183 ’
503 203 650 251 o.1›nru1
673 201 821 252 sncnum
939 181 942 186 ’

120 361 261 422 munione
285 358 407 423 diximus
427 359 539 438 spirare
563 367 594 420 et
617 359 728 418 vicinus
749 357 794 418 his
809 373 914 435 corne,
941 354 969 416 hi
989 363 1018 416 ct
1037 355 1139 434 reliquo]

164 454 346 525 conpescunt
366 453 397 505 et
418 444 512 504 nubes
537 443 665 522 abigunt.
702 442 788 502 umidi
813 442 930 505 Airicns
958 450 988 501 et
1009 444 1139 520 praecipu

163 539 264 591 auster
274 529 386 590 ltaliae.
405 537 520 590 narrant
533 538 562 588 et
573 531 601 588 in
613 527 708 588 Ponto
720 528 880 589 cascianum
889 525 1053 588 seorehere
1065 526 1139 584 nubet

163 616 232 676 sicci
243 613 531 676 cornsetvnlturnus
542 612 933 693 praeterquomdesinentee.
952 609 1139 686 niualesaquid

161 707 192 760 et
205 700 379 780 septentrio.
402 697 559 775 grandines
572 699 737 778 septentrio
754 699 883 778 inportat
893 705 924 758 et
938 712 1034 757 corun
1054 702 1139 754 aestuo

163 802 212 844 sus
228 792 343 861 auster,
359 781 450 862 tepidi
466 781 618 844 volturnus
633 791 665 844 et
678 783 821 844 favonius.
838 781 926 842 iidem
943 778 1099 841 subsolano
1110 779 1139 836 siu

163 869 272 944 oiores,
292 868 367 928 etin
385 874 475 928 totum
493 884 594 928 omnes
607 887 623 930 a
635 869 838 948 septentrione
855 864 1054 928 ctoocidente
1068 864 1139 922 siccin

120 959 169 1012 127
181 970 230 1012 res
246 969 328 1030 quam
345 968 361 1011 a
374 951 497 1012 meridie
508 961 538 1014 et
552 954 676 1014 oriente.
706 952 1032 1014 saluberrimusautem
1047 948 1139 1009 omnim

161 1036 403 1114 aquilo,·noxius
420 1045 521 1098 auster
539 1045 570 1098 et
589 1038 806 1115 magis-siccum
823 1035 1043 1114 fortuneque
1060 1031 1138 1092 umido

162 1121 303 1200 frigidior
318 1129 373 1182 est.
396 1122 488 1182 minus
505 1123 618 1183 esurire
633 1140 671 1183 eo
687 1123 816 1202 spirante
830 1119 989 1182 creduntur
1001 1120 1132 1180 animante

164 1204 284 1267 Etesiae
301 1215 389 1268 noctu
403 1206 539 1268 desinunt
555 1207 621 1268 iere
636 1215 699 1268 eto
715 1205 875 1268 tertiadiei
891 1205 963 1267 hora
974 1205 1110 1265 oriuntur.
1129 1203 1134 1259 i

163 1289 355 1370 Hispania-et
374 1291 446 1352 Asia
468 1291 641 1353 oboriente
661 1291 752 1352 datus·
767 1299 814 1354 est
834 1307 952 1369 eorum,
974 1291 1010 1350 in
1024 1287 1134 1349 Fontoa

162 1375 318 1455 aquilone,
340 1375 463 1454 reliquis
478 1378 507 1436 in
522 1377 653 1456 partibus
671 1394 687 1437 o
702 1376 835 1438 meridie.
867 1363 1140 1456 spirartautcm-eii

163 1459 276 1536 bruma,
291 1477 354 1519 oum
368 1468 510 1520 vocantur
522 1461 677 1539 ermioniae,
692 1461 745 1522 sed
758 1461 889 1522 leniores
901 1469 932 1521 et
943 1461 1044 1540 paucis
1055 1457 1140 1518 diebus

163 1542 330 1604 Permutant
344 1553 376 1604 et
391 1545 447 1604 duo
460 1553 587 1606 naturam
605 1565 668 1606 cum
687 1548 762 1624 situ,
783 1555 884 1607 auster
898 1545 1021 1606 diuisae
1037 1557 1140 1604 screnus

121 1636 172 1690 128
184 1628 282 1708 aquilo
298 1629 424 1690 nubilus.
458 1628 565 1690 Omnes
584 1633 662 1691 venti
680 1631 792 1691 vicibus
806 1633 867 1692 suis
878 1632 990 1709 spirant
1006 1631 1140 1690 maiores]

164 1723 247 1795 parte
263 1714 303 1774 ita
317 1722 348 1773 ut
362 1716 526 1776 contrarius
542 1715 688 1776 desinenti
704 1716 830 1796 incipiat.
853 1716 1054 1794 cumprouimi
1067 1711 1140 1774 eaden

163 1799 242 1860 tibus
257 1807 390 1876 surgunt,
409 1818 426 1859 u
444 1799 531 1860 laevo
545 1799 640 1860 latero
653 1801 684 1860 in
699 1799 831 1861 dextrum
849 1798 943 1860 utsoi
958 1799 1091 1859 ambiant.
1116 1795 1140 1854 n

163 1885 278 1944 ratione
291 1900 391 1944 eorum
403 1893 549 1946 menstrua
559 1893 665 1964 quarta
676 1885 802 1945 maxime
815 1883 1040 1946 luncdeee‘rnu.
1064 1881 1140 1944 Iisdeu

165 1978 260 2028 autern
281 1969 377 2028 ventis
404 1969 433 2029 in
453 1971 628 2030 contrarium
652 1971 806 2048 navigatur
830 1968 951 2048 prodatis
971 1969 1105 2048 pedibus,
1126 1983 1137 2020 u

164 2060 252 2110 noctu
273 2051 443 2130 pierumque
460 2053 582 2114 adversa
605 2055 672 2116 vela
695 2063 887 2115 concurrant.v
911 2053 1028 2114 Austro
1043 2053 1135 2112 maiore

164 2133 286 2194 dnotuns
301 2135 424 2196 eduntur
436 2153 519 2216 quam
531 2139 679 2218 aquilone,
699 2141 833 2219 quoniam
848 2139 899 2201 ilie
912 2137 1132 2200 ‘infernaserin

162 2219 233 2278 mari
246 2220 348 2297 spirat,
363 2219 411 2281 hic
422 2239 541 2282 summo.
566 2223 694 2304 ideoque
705 2233 904 2303 post-austros
915 2225 997 2286 noxii
1011 2223 1132 2303 praecipu

122 2309 172 2362 129
183 2311 281 2364 terrae
296 2313 418 2366 motans.
449 2304 545 2368 Noctu
560 2319 676 2387 auster,
695 2307 822 2370 interdiu
840 2308 938 2389 aquito
949 2307 1141 2388 uehementior

164 2397 195 2448 et
208 2387 245 2448 ab
261 2397 327 2449 ortu
347 2389 449 2452 dantes
464 2391 662 2454 diuturniores
682 2402 749 2454 sunt
769 2393 810 2454 ab
825 2410 930 2455 occasu
946 2392 1089 2456 dantibus:
1110 2395 1141 2447 set

163 2475 348 2552 ptentrionce
362 2475 455 2554 inpari
470 2476 535 2538 iere
548 2477 685 2540 desinunt
701 2495 838 2556 numero,
859 2497 934 2558 quae
950 2475 1110 2540 obseruatio
1123 2479 1141 2530 et

162 2557 278 2618 inediis
300 2557 397 2620 multis
420 2579 517 2622 rerum
539 2571 661 2624 naturae
680 2563 818 2641 partibus·
833 2563 924 2626 valete
957 2581 1053 2626 mares
1066 2563 1141 2636 itaquo

164 2643 365 2704 existimantur
385 2646 502 2724 inpares
523 2649 644 2708 numeri.
681 2647 732 2708 Sol
751 2655 886 2726 coauget
902 2647 1097 2728 et·oonprimit
1109 2642 1141 2701 do

163 2735 241 2806 tuus,
256 2737 344 2808 auget
359 2732 497 2792 exoriens
513 2733 716 2813 occidensque
724 2734 881 2812 conminuit
893 2733 1066 2796 meridianus
1076 2729 1141 2789 nesti·

162 2814 207 2873 vis
229 2815 410 2892 temporibus
431 2817 529 2896 itaque
547 2817 643 2878 medio
664 2817 733 2878 diei
746 2818 905 2880 annectis
929 2817 1092 2898 pleniorque
1109 2829 1141 2870 st·

161 2899 280 2975 piuutur
295 2899 342 2976 qui
356 2907 404 2958 eut
415 2902 503 2961 nimio
516 2902 953 2980 frigoreaataestmsodvuntur.
977 2899 1015 2961 Et
1023 2897 1141 2962 imbribus

162 2982 242 3040 venti
260 2983 421 3060 sopiuntur.
446 2995 652 3064 exspectantur
663 2987 893 3048 autemmaxime
908 2987 988 3047 unde
999 2987 1085 3047 nubes
1100 2981 1141 3040 ἀίεὂ

120 3071 171 3125 130
183 3083 289 3126 cussae
305 3066 485 3145 adaperuere
507 3070 627 3130 osclum.
662 3069 791 3132 Omnium
814 3071 929 3150 quidem
938 3072 990 3151 ¹(ei
1006 3071 1090 3132 libeat
1105 3063 1141 3124 oie

162 3167 283 3211 servare
299 3152 431 3212 minimos
449 3152 607 3233 ambituus)
628 3155 860 3217 redireeasdem
877 3149 1139 3235 vicesquadrtemio

162 3243 267 3296 exacto
283 3233 422 3296 Eudoxus
437 3245 529 3316 putat,
544 3255 602 3298 non
618 3241 985 3302 mutorum-modoserens·
997 3250 1027 3303 et
1040 3238 1140 3314 reiqua-

160 3337 223 3380 rum
242 3328 445 3400 tempestatum
465 3339 575 3400 magna
589 3343 627 3385 ex
650 3334 744 3404 parte.
781 3335 812 3388 et
829 3335 876 3388 est
893 3327 1061 3406 principium
1076 3317 1141 3382 lustri

162 3405 226 3465 eius
245 3423 364 3550 sepaper
379 3405 563 3468 intercalario
575 3427 650 3471 anno
662 3409 809 3472 caniculae
822 3422 896 3475 ortu.
922 3409 967 3472 De
977 3404 1140 3490 generalibus

159 3491 256 3550 ventis
297 3508 358 3552 aec.
