2302 3938
190 211 269 260 uuo.
286 209 382 280 nuso,
398 207 431 258 v.
449 203 491 256 aa.
515 197 731 277 (oa.)-v1.a.
750 195 795 278 (a.)
939 191 1002 260 217

32 369 149 446 Coralius,
171 381 255 446 aquo
270 367 412 446 incipiunt
424 363 615 444 Mariandyni,
638 366 719 426 siuns
736 363 930 445 oppidumque
946 355 1005 425 IIe·

31 456 102 516 malea
114 449 185 528 troo
197 451 302 512 llumiui
316 450 487 532 adpositum.
515 449 601 512 abest
616 469 632 511 a
647 448 732 511 Ponti
750 461 804 511 ore
814 449 930 510 milibus
944 443 1004 511 CC.
1070 493 1072 497 -

31 547 106 617 portos
127 537 225 596 Acone
242 548 357 596 veneno
373 537 489 597 aconito
505 532 602 612 dirus,
626 550 734 614 specus
750 533 929 610 Acherusm,
954 532 1005 592 ssu-

30 625 83 682 nioa
94 619 284 702 Paedopides,
303 618 514 698 Callichorum,
533 618 695 695 Souautes,
719 618 855 699 oppidum
871 616 953 678 'Ilum
968 617 1004 678 ab

13 705 138 766 oHeraclea
152 698 303 788 XXXVIII
318 704 377 767 mil.
392 719 544 786 passuum,
562 701 666 764 duodus
681 702 774 764 Billis.

70 787 95 851 2.
115 785 172 870 (2.)
203 783 287 850 oltra
308 807 394 870 quem
416 801 493 868 gens
513 785 728 867 Paphlagonia,
751 801 836 868 quarn
857 785 1040 864 Poleam-5

30 877 80 935 uiaro
96 874 175 952 aliqui
191 867 327 934 fflxerunt
348 871 487 934 Inclusam
503 889 520 934 a
535 880 622 950 tergo
642 869 762 933 Galatia.
796 870 933 950 oppidum
947 863 1005 931 lta-

30 969 71 1034 stpa
82 952 269 1036 Milesiorum,
281 957 349 1020 deira
365 955 504 1034 Cromna,
520 971 579 1036 qno
594 956 661 1017 Ioco
676 955 789 1018 Enetos
806 955 892 1016 adicit
903 953 1006 1034 Nepos

30 1041 161 1120 Cornelios,
173 1061 189 1103 a
203 1041 308 1122 quibus
322 1040 352 1102 in
362 1039 446 1104 Italia
459 1051 542 1102 ortos
554 1043 746 1120 cognomines
759 1057 860 1102 eorum
871 1039 1006 1101 Venetos

10 1141 50 1187 uso
61 1127 166 1188 credere
184 1126 302 1271 [putaffil.
334 1126 475 1188 Sesamos
492 1125 647 1206 oppidum,
668 1125 747 1206 quod
761 1143 836 1186 nuuc
853 1123 1005 1186 Amastris.

28 1229 84 1271 noos
97 1209 219 1288 Cytorus
235 1223 251 1271 a
292 1213 321 1273 io
335 1207 428 1272 LXIII
443 1207 473 1271 II
490 1224 635 1290 passurum
664 1210 770 1289 oppida
787 1207 925 1286 Cimolia,
941 1207 1008 1269 Ste-

28 1297 106 1374 plaoe,
120 1297 211 1356 amuis
228 1295 410 1358 Parthenius.
444 1294 676 1356 Promumurinm
692 1292 843 1356 Cerambis
858 1301 942 1354 uasto
958 1309 1008 1353 err·
1024 1311 1043 1365 p

28 1397 86 1440 ooosu
101 1379 181 1442 abest
199 1398 218 1442 a
232 1378 318 1441 Ponti
341 1382 419 1441 ostio
436 1377 596 1440 CCCXXV
615 1378 645 1438 II
661 1395 797 1459 passuum
811 1377 878 1455 uel,
896 1385 927 1438 ιιι
942 1377 1006 1438 aliis

27 1465 116 1542 placuit,
132 1460 230 1526 CCCL
247 1461 293 1542 IlI,
309 1461 474 1526 tantundem
491 1483 507 1525 a
530 1461 686 1524 CimmerIo
710 1472 775 1541 aut,
798 1471 830 1522 ιιι
847 1462 934 1543 aliqui
951 1479 1008 1521 ma·

8 1547 96 1626 aluere,
107 1544 237 1611 CCCXII
251 1539 281 1610 II
293 1548 329 1610 ll.
364 1549 419 1610 luit
434 1557 464 1610 et
481 1549 617 1628 oppidum
633 1547 738 1610 eodem
753 1549 868 1608 nomine
886 1555 916 1607 et
932 1545 1008 1607 aliud

28 1634 70 1694 iuda
83 1635 206 1696 Armine.
246 1645 321 1695 nunc
339 1643 385 1696 est
398 1633 515 1695 colouIa
532 1631 642 1712 Sinope
658 1651 675 1694 a
691 1631 803 1710 Cytoro
821 1630 952 1692 CCXIIII
967 1627 1007 1692 II.

28 1713 102 1778 iumen
115 1719 262 1781 Verecum
271 1762 281 1796 ,
295 1733 371 1798 gens
389 1717 607 1798 Cappadocum,
636 1718 773 1798 oppidum
789 1714 905 1777 Caturia
920 1705 1009 1776 Zacti·
1145 1729 1146 1734 ¹

28 1801 91 1880 plum,
113 1805 201 1866 amois
222 1801 346 1880 Halpsa
369 1803 513 1864 radicibus
530 1801 616 1862 Tauri
638 1820 693 1881 per
712 1800 881 1863 Cataoniam
897 1797 1009 1878 Cappa·

27 1885 161 1970 dooiamque
176 1886 351 1952 decurrens.
373 1888 485 1968 ,oppida
501 1885 627 1965 Campe,
644 1884 770 1963 Caroea,
790 1885 919 1946 Amisum
936 1881 1041 1954 libe-7

9 1981 91 2032 traua
106 1971 216 2053 Sinope
234 1967 343 2034 CXXX
361 1967 390 2032 lt
407 1984 560 2052 passuum,
578 1971 767 2050 eiusdemque
782 1971 907 2032 nominis
928 1969 1008 2030 sinas

28 2059 73 2116 lauti
86 2073 236 2136 recessus,
251 2065 283 2117 ιιι
295 2057 396 2118 Asiam
411 2069 506 2136 paene
521 2056 643 2116 insulam
655 2056 753 2131 faciat,
767 2051 859 2116 CCII
875 2071 1010 2134 passuum

26 2137 70 2200 daut
81 2140 195 2222 amplius
215 2159 272 2222 per
286 2143 485 2204 continentem
495 2139 531 2202 ad
545 2137 667 2201 Issicum
680 2137 801 2201 Ciliclae
818 2141 918 2202 sinum.
943 2135 1009 2210 Quo

27 2223 44 2282 io
57 2229 118 2287 omni
133 2236 230 2290 tractu
244 2227 377 2308 proditur
391 2235 452 2288 tres
470 2229 579 2286 tautam
592 2231 698 2302 gentes
714 2223 840 2285 (Imauus
860 2225 924 2284 iure
940 2222 1009 2299 dici,

27 2305 128 2372 Doricam
139 2311 269 2373 lonicam
284 2310 453 2388 Aeolicam,
470 2317 586 2370 ceteras
596 2308 789 2370 Barbarorum
804 2325 881 2370 esse.
907 2307 1010 2368 Amiso

10 2394 121 2456 tiuootom
134 2395 189 2456 luit
206 2393 345 2540 {limum
362 2393 523 2473 Eupatoria
539 2411 555 2454 a
569 2393 736 2454 Mithridate
752 2393 908 2454 conditum.
930 2392 1011 2451 uiouo

27 2489 198 2560 oootrornque
240 2479 438 2559 ompeiopolis
453 2478 630 2558 appellatum
649 2487 705 2539 est.

67 2560 91 2625 3.
109 2561 168 2644 (3.)
186 2562 373 2644 Cappadocia
389 2565 465 2624 intus
483 2563 572 2624 habet
595 2562 739 2624 coloniam
757 2559 858 2625 Claudi
875 2558 1011 2622 Caesaris
1026 2559 1045 2614 8

27 2646 200 2710 Archelaidem
216 2665 302 2728 quanr
321 2647 514 2728 praefluens*
531 2646 637 2726 Halys,
660 2647 767 2726 oppida
787 2644 913 2706 Comana
933 2644 1012 2722 quod

28 2727 111 2810 Salius,
137 2733 374 2795 Neocaesaream
402 2731 478 2811 quod
500 2730 613 2809 lapsus,
639 2731 785 2791 Amasiaun
806 2729 884 2809 quod
906 2727 961 2788 Iris
982 2728 1013 2787 ln

9 2817 120 2890 trogiooa
136 2817 299 2880 Cannaene.
330 2816 360 2877 iu
379 2815 532 2896 Colopene
548 2833 620 2878 vero
640 2815 803 2876 Sebastiam
827 2821 858 2875 et
873 2811 1012 2873 Sebasto-

29 2898 90 2972 polio
104 2901 189 2980 (haec
213 2920 303 2984 parua
326 2899 379 2962 sed
401 2903 483 2981 paria
499 2917 586 2980 supra
602 2899 714 2978 dietis),
735 2899 848 2978 reliqua
868 2899 912 2958 sui
927 2903 1012 2978 parte

28 2977 124 3046 Ilolitam
139 3005 155 3048 a
171 2983 363 3048 Samiramide
387 2983 531 3047 conditam
548 2984 622 3045 lraud
640 2983 742 3063 procul
757 2982 924 3063 Euphrate,
942 2979 1011 3040 Dto·
1062 3022 1065 3029 -

29 3081 176 3151 mosaeam,
202 3068 317 3150 Tyana,
345 3067 513 3147 Castabola,
538 3063 756 3148 magnopolim,
783 3065 882 3129 Zelam
905 3073 936 3127 et
958 3065 1012 3124 sub

28 3161 99 3215 noute
124 3155 244 3236 Argaeo
276 3153 424 3216 Ilouacum
455 3169 529 3232 quae
557 3171 633 3214 nuuc
663 3149 809 3213 Caesarea
842 3153 1013 3212 nominatur.

8 3231 201 3315 iCappadociae
210 3257 279 3320 pars
291 3237 610 3319 praetentadrmeniae
621 3238 722 3298 maiori
729 3235 871 3298 Melitene
880 3241 1013 3310 uocatur,
1027 3237 1046 3292 9

31 3313 201 3402 Commagenis
223 3321 378 3398 Cataonia,
399 3321 546 3400 Porygraa
565 3320 762 3398 Cassauritis,
785 3320 1013 3400 Sargaurasana,

33 3398 199 3488 Communem,
215 3408 345 3470 Calatiae
359 3405 538 3485 Morimene,
560 3407 609 3466 ubi
625 3407 806 3467 disterminat
827 3421 880 3466 eos
902 3399 1014 3482 Cappa-

32 3482 73 3547 dox
92 3495 190 3573 amulo,
217 3513 235 3556 a
262 3509 322 3574 quo
351 3509 457 3554 nomeu
487 3500 605 3553 traxere
634 3499 720 3552 autea
744 3488 905 3566 Leucosyri
933 3485 1013 3548 dicti.
