2286 3938
206 237 287 286 aar.
306 237 396 287 ursa.
412 239 457 286 vn.
476 231 594 285 ao-ae.
613 223 762 303 (es-ao.)
926 215 989 284 233

18 409 99 468 genere
115 391 219 468 hugum
235 393 430 474 arborumque
445 403 493 456 aut
509 393 636 455 ferarum
652 411 686 453 ae
701 391 852 454 volucrum
871 399 902 452 et
918 390 989 452 alio·

16 495 59 534 rnnn
70 476 210 535 animalium
231 477 380 539 traduntur
401 481 461 540 suis
482 495 615 558 quaeque
634 478 708 538 locis
730 478 759 538 iu
775 476 888 555 reliqua
904 483 987 556 parte

18 561 90 636 operis
105 562 405 642 conmemorabuutur,
427 571 563 642 quattuor
577 563 723 641 satrapiae
740 579 809 622 mox
825 561 930 642 paulo,
953 559 990 620 ad

16 643 167 722 Taprobanen
186 646 309 706 insulam
330 647 486 709 festinante
508 650 612 708 auimo.
642 647 694 707 sed
716 655 872 708 antestant
896 645 987 706 aliae:
1003 661 1041 713 80
1097 719 1101 728 ¹

3 727 82 788 *letale
100 747 176 808 quarn
196 731 421 808 significavimus
444 735 473 794 in
495 735 569 812 ipsis
591 729 722 800 faucibus
740 729 819 808 ludi,
843 729 987 810 ¹triquetra
1001 762 1022 795 n

16 813 90 890 ignea,
121 810 223 876 CCXX
251 813 281 874 Μ
310 833 446 894 passuum
473 817 634 878 latitudine.
683 823 767 876 extra
796 817 901 876 ostium
927 814 989 876 ludi

16 895 94 973 quse
110 907 137 958 et
152 898 283 977 Argyre,
299 899 415 962 lentiles
425 901 563 978 metallis,
575 909 606 961 nt
616 900 713 962 credo.
737 917 800 961 nanr
813 899 890 980 quod
902 899 989 978 aliqui

16 982 123 1042 indidere
142 1001 261 1044 aureum
284 994 515 1066 argenteumque
537 985 582 1046 bis
604 985 698 1046 solum
720 1003 788 1046 esse
811 985 879 1044 haut
901 983 989 1044 facila

15 1066 153 1128 crediderim.
184 1067 221 1128 ab
240 1069 286 1128 his
302 1067 358 1131 XX
373 1068 402 1130 Μ
417 1089 493 1150 pass.
512 1068 636 1131 Crocala
655 1078 686 1130 et
699 1069 735 1130 ab
752 1087 787 1130 ca
803 1066 898 1130 xliii
911 1085 988 1148 pass.

3 1147 87 1227 obibaga
104 1153 209 1213 ostreis
233 1161 265 1212 et
288 1154 447 1232 conchyliis
469 1157 597 1229 relenta,
620 1153 688 1214 doiu
708 1151 858 1215 Coralliba
878 1151 945 1212 Vlll
961 1151 991 1212 Μ

15 1253 64 1310 pass.
76 1253 89 1295 a
103 1255 187 1316 snpra
203 1237 296 1312 dicta,
311 1239 475 1318 multaeque
492 1239 649 1318 ignobiles.

52 1316 90 1379 ll.
111 1318 192 1400 (24.)
214 1321 410 1400 Taprobanen
427 1324 549 1384 alterum
565 1324 667 1384 orbem
686 1331 828 1384 terrarum
850 1341 918 1383 esse
940 1322 988 1382 diu
1005 1333 1038 1388 ott

14 1405 165 1465 existimatum
183 1413 230 1466 est
253 1405 479 1468 Antichthonum
493 1408 702 1487 appellatione.
735 1416 765 1467 ut
780 1407 903 1468 insulam
919 1425 987 1467 esse

13 1485 103 1564 liqueret
117 1489 280 1552 Alexandri
291 1491 387 1570 biagni
403 1501 484 1554 aetas
500 1511 609 1571 resque
621 1493 808 1571 praestitere.
839 1491 988 1552 Onesicri-

3 1567 40 1628 ins
52 1571 138 1634 classis
160 1573 226 1635 eiu's
246 1576 412 1654 praelectus
429 1576 603 1658 elephantos
620 1576 661 1636 ibi
675 1578 802 1638 maiores
817 1575 989 1638 bellicosio-

13 1673 188 1738 nequequam
215 1660 245 1720 in
272 1659 351 1721 ludia
371 1663 452 1740 gigni
478 1663 614 1741 scripsit,
639 1659 847 1740 Megasthenes
870 1659 989 1720 llumino

13 1735 83 1818 liridi,
96 1742 269 1822 incolasque
283 1743 488 1824 Palaeogonos
503 1745 661 1824 appellari,
678 1748 739 1806 auri
755 1746 989 1823 margaritarum·
1042 1751 1045 1756 '

13 1843 45 1898 qne
59 1829 198 1903 grandium
219 1829 384 1890 fertiliores
400 1847 484 1910 quam
502 1829 602 1892 indos.
631 1829 844 1892 Eratosthenes
865 1837 896 1889 et
911 1842 989 1888 meu·

13 1925 73 1968 snum
91 1911 238 1992 prodidit,
260 1913 450 1992 longitudinis
474 1913 529 1975 Vll
552 1913 582 1976 Μ
605 1914 698 1992 stad,
719 1913 876 1974 latitudinis
899 1911 926 1970 V
948 1909 988 1988 Μ,

4 2009 44 2051 tnse
58 1993 135 2057 nrbes
159 2015 230 2058 esse
253 1998 307 2058 sed
327 1999 410 2060 vicos
425 1997 510 2060 DGG.
549 1998 654 2078 incipit
675 1999 711 2060 ab
732 1997 797 2059 Eoo
820 1999 890 2058 mari
912 1998 989 2056 inter
1005 2009 1040 2062 82

14 2085 74 2137 ortum
89 2097 281 2160 occasumque
299 2082 371 2143 solis
386 2083 485 2146 Indiae
503 2091 657 2163 praetenta
672 2092 702 2144 et
720 2083 861 2162 quondam
876 2079 988 2143 credita

12 2153 45 2218 ii
56 2161 153 2225 dierum
167 2168 359 2244 navigatione
376 2186 391 2228 a
407 2167 545 2229 Prasiana
564 2176 654 2246 gente
673 2167 799 2244 distare,
820 2183 904 2242 mox,
922 2167 989 2246 quia

12 2251 143 2320 papyraceis
159 2249 287 2310 naribus
303 2251 545 2332 armamentisque
560 2251 619 2312 Nili
636 2259 808 2332 peteretur,
823 2251 858 2311 ad
874 2257 989 2311 nostra·

12 2341 49 2386 un
67 2335 170 2392 narium
191 2353 297 2394 errrsus
321 2335 376 2396 vti
397 2336 507 2396 dierum
527 2335 684 2396 intervallo
708 2343 813 2396 taxata.
848 2335 928 2396 blare
947 2335 989 2394 in·

5 2413 74 2473 'tuest
86 2418 241 2496 vadosum,
263 2421 343 2480 senis
364 2439 422 2481 non
442 2419 564 2500 amplius
586 2420 744 2481 altitudinis
761 2420 913 2500 passibus,
935 2417 989 2480 sed

12 2501 70 2556 nentis
83 2503 227 2564 canalibus
247 2504 476 2583 itaproiuudum
494 2513 526 2565 ut
543 2504 638 2565 nullae
654 2505 799 2566 anchorae
814 2503 918 2564 sidant.
949 2503 989 2563 ob

11 2577 27 2636 il
37 2585 135 2646 naribus
150 2589 299 2667 utrimque
317 2605 440 2669 prorae,
456 2607 494 2650 ua
509 2607 564 2668 per
578 2590 727 2667 angustias
742 2589 818 2649 alnei
831 2587 992 2664 circumagi

13 2665 34 2718 nit
47 2683 164 2732 neeesse.
201 2671 370 2750 magnitudo
390 2673 426 2734 ad
449 2681 531 2735 terna
552 2673 629 2733 milia
650 2673 826 2752 amphorum.
861 2672 988 2732 siderum
1004 2683 1043 2736 83

13 2745 179 2831 innauigando
195 2757 274 2818 nulla
292 2759 477 2836 observatio,
500 2759 664 2837 septentrio
687 2773 745 2817 nou
770 2757 914 2832 cernitur,
935 2755 989 2816 sed

13 2832 111 2898 uolucres
127 2859 228 2900 secum
241 2842 349 2902 vehunt
366 2839 533 2904 emittentes
547 2843 678 2921 saepius,
692 2849 874 2919 meatumque
890 2857 989 2901 earum

14 2920 85 2980 ternam
101 2927 264 3002 petentium
281 2927 463 2988 comitantur.
501 2945 557 2988 nec
581 2927 646 3006 plus
668 2928 817 3004 quaternis
839 2925 988 2986 mensibus

14 3015 60 3062 anno
75 3011 214 3087 navigant.
245 3021 350 3073 cavent
365 3029 381 3072 a
400 3010 528 3072 solstitio
543 3013 667 3072 maxime
684 3021 798 3072 cautum
818 3011 898 3087 dies,
922 3019 990 3072 tunc

15 3081 44 3142 illo
55 3094 112 3150 mari
129 3093 266 3155 hiberno.
296 3092 443 3156 Hactenus
458 3113 474 3156 a
493 3097 599 3176 priscis
619 3105 787 3156 memorata.
825 3095 910 3156 uobis
926 3093 988 3154 dili·
1003 3105 1038 3157 aa

13 3175 95 3242 gentior
109 3179 210 3240 notitia
228 3177 329 3240 Claudi
352 3181 515 3260 principatu
529 3181 653 3257 contigit
668 3180 773 3258 legatis
794 3182 881 3240 etiam
900 3197 939 3240 ex
954 3195 988 3239 ea

14 3251 75 3316 insula
94 3261 232 3323 advectis.
268 3265 298 3324 id
321 3264 425 3324 accidit
447 3265 503 3325 hoo
531 3265 628 3325 modo.
665 3265 740 3324 Anni
767 3263 913 3342 Plocami,
940 3265 988 3341 qui

14 3339 70 3399 uanis
81 3341 163 3407 Rubri
177 3349 308 3427 vectigal
320 3367 336 3410 a
354 3350 425 3409 iisco
438 3347 614 3426 redemerat,
628 3348 752 3410 libertus
764 3352 840 3409 cinca
852 3349 990 3408 Arabiam

16 3427 116 3514 litigans
136 3433 333 3512 Aquilonibus
359 3441 458 3512 raptus
482 3443 601 3514 praeter
624 3431 816 3509 Carmaniam,
844 3432 909 3492 XV.
942 3431 989 3493 dic

16 3499 124 3586 Hippuros
139 3527 255 3594 portum
271 3521 334 3578 eius
350 3519 495 3595 invectus,
506 3519 651 3598 'hospitali
669 3521 749 3596 regis
766 3518 919 3579 clementia
936 3533 991 3577 sex
