2302 3938
226 204 308 252 nnn.
331 205 423 254 mrsu.
445 205 492 252 vr.
516 197 600 256 Η.
626 190 729 273 (3-6.)
922 187 986 255 219

0 360 44 419 lia
55 357 143 420 Sanni.
164 357 265 420 flumen
278 355 411 420 Chobum
424 379 440 420 e
453 356 584 422 Caucaso
600 379 654 440 per
666 360 779 422 Sanaos
794 358 897 420 luens.
918 359 985 421 dein

4 444 104 520 hoau,
119 445 193 522 regio
211 441 374 522 Cegritice,
391 462 490 506 amnes
507 443 634 522 Sigania,
652 443 795 523 Thersos,
810 444 985 524 Astelphus,

8 563 15 584 1
34 527 203 604 rysorrhoas.
234 547 309 607 gens
326 527 476 606 Absilae,
489 529 639 590 castellum
656 527 863 608 Sebastopolis
881 547 897 588 a
915 528 986 588 Pha·

0 613 47 672 ide
64 621 169 674 centum
184 611 213 672 bl
231 631 376 692 passuum.
397 631 472 692 gens
491 614 673 691 Sanicarum,
694 614 831 692 oppidum
855 611 985 690 Cygnus,

14 715 85 757 umen
105 705 131 756 ct
153 699 289 776 oppidum
311 696 428 758 Penius.
462 697 567 760 deinde
585 698 682 760 multis
698 697 861 760 nominibus
877 697 985 758 Henio-

1 781 96 840 chorum
112 791 222 860 gentes.

42 863 67 927 5.
85 865 143 945 (5.)
160 865 307 930 subicitur
324 865 410 928 Ponti
428 867 514 944 regio
531 863 648 945 Colica,
664 853 694 928 in
709 885 765 946 qua
780 867 847 944 iuga
862 863 984 926 Caucasi
1004 871 1037 922 15
1145 855 1146 858 ’

1 974 4 997 ι
35 949 155 1028 Ripaeos
174 959 290 1012 montes
312 959 503 1030 torquentur,
525 960 557 1011 ut
571 951 677 1012 dictum
695 959 759 1029 cst,
781 951 876 1012 altero
891 951 1037 1014 laterem·

1 1033 16 1092 in
30 1033 161 1094 Euxinum
179 1043 210 1096 et
230 1034 388 1096 hlaeotium
410 1035 540 1113 devexa,
562 1036 656 1096 altero
672 1037 701 1096 iu
718 1033 853 1114 Caspium
868 1043 899 1097 ct
913 1033 987 1112 llyr-

9 1122 84 1178 anium
99 1137 188 1181 mare.
226 1119 351 1198 Reliqua
373 1120 459 1180 litora
481 1121 564 1182 ierac
580 1123 715 1182 nationes
730 1127 851 1198 tenent,
877 1118 987 1180 lllclan·

21 1203 101 1282 lacni,
129 1202 237 1266 Coraxi
256 1205 330 1266 urbe
357 1202 533 1266 Colchorum
553 1203 746 1266 Dioscuriade
768 1205 847 1264 iuxta
869 1203 986 1262 tluvium

8 1201 19 1260 π·

16 1287 169 1348 athamante
185 1307 261 1350 nunc
276 1288 411 1368 deserta,
433 1287 576 1368 quondum
591 1289 665 1350 adeo
681 1289 758 1350 clara
777 1297 808 1350 ut
823 1286 987 1348 Timosthe-

10 1391 32 1430 es
52 1375 78 1431 in
104 1391 169 1433 eam
195 1371 270 1433 CCC
295 1375 430 1434 nationes
459 1373 647 1434 dissimilibus
670 1374 777 1451 linguis
803 1371 985 1433 descendere

1 1457 139 1517 rodiderit.
173 1467 204 1518 et
220 1467 323 1536 postea
341 1477 356 1517 a
377 1459 486 1520 uostris
503 1455 611 1518 CXXX
633 1456 844 1536 interpretibus
865 1458 985 1536 negotia

0 1550 57 1600 esta
80 1543 128 1604 ibi.
171 1551 238 1602 suut
259 1545 307 1620 qui
332 1543 475 1603 conditam
501 1561 565 1604 eam
591 1543 627 1602 ab
648 1542 787 1622 Amphito
811 1552 841 1603 et
863 1542 984 1603 Telchio
1002 1552 1036 1606 16

13 1627 101 1686 asteris
116 1645 152 1687 ac
164 1626 293 1688 Pollucis
305 1629 414 1705 aurigis
429 1635 547 1706 putent,
563 1627 696 1706 aquibus
713 1636 806 1688 ortam
820 1626 985 1688 Heniocho-

10 1734 32 1763 u·
55 1721 175 1789 gentem
197 1713 262 1772 iere
287 1720 411 1772 constat.
460 1711 486 1770 Α
512 1711 707 1773 Dioscuriade
733 1711 870 1791 oppidum
894 1709 986 1770 llera·

9 1793 63 1855 lenm
73 1798 89 1836 *
98 1797 201 1874 distat,
214 1815 231 1856 a
243 1796 431 1876 Sebastopoli
442 1795 522 1856 bXX
533 1795 563 1856 Μ
574 1814 720 1876 passuum.
746 1795 870 1874 Achaei,
881 1793 986 1872 blandi,

13 1890 132 1960 erectae,
151 1890 224 1960 post
239 1900 291 1942 eos
307 1879 388 1942 Serri
398 1927 406 1957 ,
429 1879 644 1960 Cephalotomi,
675 1883 704 1940 in
720 1881 820 1940 intimo
838 1898 875 1940 eo
892 1887 987 1939 tractu

5 1965 67 2038 ityns
87 1965 230 2046 oppidum
253 1965 503 2045 opulentissimum
525 1965 561 2026 ab
583 1964 742 2026 Heniochis
760 1965 905 2043 direptum
928 1971 985 2024 cst.

1 2059 95 2128 ntergo
124 2053 192 2112 eius
214 2048 410 2129 Epageritae,
437 2049 630 2112 Sarmatarum
659 2049 785 2129 populus
811 2051 841 2109 in
864 2047 986 2110 Caucasi

1 2131 62 2210 iugis,
78 2145 149 2214 post
167 2153 254 2213 quem
266 2136 463 2196 Sauromatae.
490 2134 536 2196 hd
552 2133 607 2196 bos
622 2135 795 2216 profugerat
804 2133 986 2195 Mithridates
1004 2143 1037 2196 lt

14 2217 86 2280 laudio
104 2220 256 2301 principe,
271 2220 457 2298 narravitque
473 2217 581 2280 Thalos
598 2221 635 2279 iis
651 2238 719 2280 esse
737 2219 868 2280 confines
885 2220 934 2297 qui
950 2218 986 2278 ab

2 2304 83 2366 niente
106 2304 212 2384 Caspii
238 2307 325 2366 maris
351 2305 451 2365 lauces
474 2305 662 2382 attingerent.
703 2305 805 2364 siccari
826 2321 877 2364 eas
903 2311 987 2364 aestu

1 2388 135 2452 incedente.
178 2389 211 2449 ln
227 2407 277 2450 ora
295 2397 391 2452 autem
413 2391 493 2450 iuxta
509 2387 650 2449 Cercetas
673 2388 778 2448 tlumeu
793 2386 909 2464 Icarus,
931 2387 987 2446 Aci

2 2489 38 2530 :un
50 2477 155 2554 oppido
173 2473 264 2534 lliero
281 2483 312 2534 et
328 2473 460 2551 llumine,
476 2474 516 2569 alp
527 2471 673 2534 lleracleo
692 2471 843 2534 CXXXVI
858 2471 895 2532 lt.
919 2471 987 2532 inde

3 2561 199 2620 tranunturium
228 2556 362 2635 Crunoe,
389 2577 406 2617 a
435 2575 493 2636 quc
521 2556 708 2636 supercilium
735 2555 854 2617 arduum
885 2562 988 2616 tenent

3 2637 82 2704 brebe.
111 2645 221 2706 civitas
237 2641 369 2720 Sindica,
387 2641 424 2704 ab
439 2641 533 2703 Hiero
548 2639 655 2702 LXVll
671 2639 740 2701 tto
756 2657 900 2721 passuum.
935 2637 987 2700 ilu-

3 2741 40 2784 uen
52 2729 219 2790 Secheries.

40 2809 63 2872 u.
72 2813 142 2876 lude
157 2811 328 2892 adBospori
337 2810 484 2873 Cimmerii
497 2807 986 2888 introitumLXXXVlllllleass.

41 2895 90 2976 (6.)
112 2895 178 2958 Sed
203 2898 296 2976 ipsius
321 2895 494 2976 peninsulae
522 2897 599 2956 inter
624 2895 746 2956 Pontum
773 2902 804 2955 et
829 2892 987 2954 Maeotium
1004 2899 1041 2957 la

4 2975 62 3038 lacurn
76 2983 262 3042 excurrentis
279 2999 338 3042 uon
349 2981 472 3060 amplior
484 2978 632 3040 LXVllll
649 2978 674 3038 D
687 2996 823 3058 passuum
834 2977 986 3057 longitudo
1025 3037 1026 3040 ,

4 3071 41 3140 ut,
56 3066 176 3126 latitudo
193 3083 333 3143 nusquam
348 3065 423 3126 inira
439 3063 497 3124 duo
513 3065 624 3141 iugera.
657 3062 770 3124 Eonem
785 3072 901 3126 vocant.
935 3081 987 3123 ora

5 3147 42 3224 ipsa
49 3149 172 3230 Bospori
191 3150 336 3228 utrimque
354 3167 393 3209 ex
403 3149 477 3210 Asia
489 3156 576 3226 atque
589 3146 710 3226 Europa
721 3155 858 3208 curvatur
868 3149 897 3207 in
908 3146 986 3208 blac·

5 3233 55 3291 ltin.
83 3233 193 3315 oppida
203 3235 233 3294 iu
248 3233 327 3294 aditu
339 3231 466 3312 Bospori
483 3234 576 3310 primo
587 3231 785 3310 Herrnonasa,
800 3231 868 3292 dein
883 3231 986 3311 Cepoe

5 3309 159 3398 ililesiorum,
178 3337 247 3378 mox
259 3317 415 3378 Stratoclia
428 3325 458 3377 et
469 3316 666 3395 Phanagoria,
684 3324 714 3377 ct
731 3335 826 3396 paene
838 3317 986 3377 desertum

6 3399 286 3484 ipaturcsultimoque
299 3403 415 3464 inustio
426 3400 621 3480 Cimmerium,
634 3400 713 3480 quod
727 3409 812 3463 antea
822 3399 987 3464 Cerberion

6 3488 133 3551 uocabatur.
