2308 3936
121 239 180 301 100
409 259 411 262 ·
492 245 803 297 o.1>u1u1suouvn1

119 409 245 489 undique
261 405 406 468 incumbit.
434 403 508 464 baec
526 411 555 464 ut
570 401 664 464 solida
679 409 766 481 atque
783 399 916 463 conferta
932 399 1057 477 adsurgit
1072 397 1116 458 in?

119 493 291 559 tumescenti
314 489 413 552 similis
437 496 577 568 extraque
595 486 786 566 protenditur.
810 484 931 546 mundus
948 485 978 543 in
993 493 1110 544 centrum

119 579 227 656 vergit,
244 587 273 638 at
287 585 366 654 terra
382 573 442 634 exit
459 591 476 634 ι
496 581 598 634 centro
610 570 779 634 'inmensum
806 570 869 631 eins
884 567 1005 648 globum
1019 568 1045 628 iu
1059 569 1109 628 ior-

119 681 193 724 mam
211 660 290 722 orbis
308 658 427 722 adsidua
442 657 521 720 eirea
539 674 602 720 eam
617 654 713 716 mundi
726 653 907 716 volubilitate
924 660 1057 732 cogente.

78 760 129 818 161
193 742 467 822 65.(65.)1ngscs
488 740 536 802 hic
559 757 655 818 pugna
677 739 835 802 litterarum
853 747 1013 816 contraque
1029 736 1129 814 volgi,s

116 827 302 892 circumfundi
316 835 414 888 terrae
423 823 548 902 undique
560 823 702 900 homines,
715 821 928 900 conversisque
939 820 1018 880 inter
1028 836 1059 880 se
1072 835 1116 896 pe·

116 914 201 974 dibus
213 921 303 988 stare,
316 917 347 971 ct
358 909 467 972 cunctis
479 907 602 970 similem
616 925 684 968 esse
696 905 771 966 caeli
778 907 931 982 verticem,
944 903 1029 966 simili
1039 901 1117 962 modo

120 1015 158 1056 ex
174 1010 354 1075 quacumque
370 999 453 1070 parte
469 989 592 1052 medinm
608 988 725 1065 calcari,
742 987 793 1050 illo
808 995 980 1068 quaerente,
997 1003 1046 1046 cur
1062 1001 1114 1046 uon

120 1079 254 1142 decidant
269 1084 370 1138 eontra
386 1075 443 1151 siti,
457 1083 601 1154 tamquam
615 1089 673 1135 non
689 1071 763 1134 ratio
778 1081 897 1152 praesto
910 1073 947 1132 sit
959 1080 989 1132 ut
998 1087 1051 1133 nos
1063 1087 1115 1130 non

120 1162 258 1224 decidere
277 1161 415 1222 mirentur
429 1159 481 1220 illi.
511 1157 670 1220 Intervenit
691 1157 834 1220 sententia
856 1157 986 1237 quamvis
1003 1153 1142 1216 indocilis

119 1243 282 1328 probabilis
305 1243 426 1320 turbae,
452 1243 597 1323 inaequali
621 1240 730 1320 globo,
756 1252 785 1303 ut
806 1243 830 1303 si
854 1243 891 1302 sit
911 1241 1003 1320 ligura
1017 1242 1115 1321 pineae

77 1343 129 1400 162
139 1331 232 1406 nucis,
245 1329 429 1390 nibilominus
439 1337 545 1390 terram
556 1328 682 1407 undique
694 1326 792 1388 incoli.
809 1327 868 1388 Sed
881 1327 949 1407 quid
961 1325 1018 1388 boe
1030 1325 1116 1386 refert

120 1416 178 1478 alio
200 1412 339 1474 miraculo
360 1412 528 1489 exoriente,
554 1411 686 1491 pendere
706 1413 799 1490 ipsam
816 1429 851 1472 ac
872 1428 930 1472 non
948 1409 1054 1472 cadere
1070 1427 1116 1470 no·

120 1499 242 1575 hiscum,
251 1511 306 1556 ceu
318 1495 458 1574 spirituus
465 1497 518 1572 vis,
533 1497 638 1558 mundo
655 1496 828 1575 praesertim
841 1495 955 1572 inclusi,
973 1493 1058 1557 dubia
1075 1495 1116 1570 sit,

121 1591 168 1646 aut
192 1589 285 1662 possut
305 1579 413 1642 cadere
435 1589 534 1644 natura
555 1590 734 1661 repugnante
757 1590 786 1642 et
807 1597 864 1660 quo
887 1579 972 1642 cadat
985 1589 1134 1658 negantem

119 1685 189 1730 nam
208 1667 283 1737 siout
297 1665 405 1742 ignium
420 1665 509 1728 sedes
523 1683 581 1745 non
596 1674 641 1725 est
657 1666 711 1726 nisi
725 1667 754 1724 in
770 1665 900 1742 ignibus,
917 1681 1054 1745 aquarum
1068 1666 1118 1724 nisi

120 1755 149 1812 in
164 1751 255 1830 aquis,
264 1749 404 1828 spirituus
411 1750 466 1810 nisi
481 1751 510 1812 in
523 1749 640 1830 spiritu,
665 1749 704 1810 ita
719 1759 816 1810 terrae
832 1749 998 1810 arcentibus
1013 1750 1119 1810 eunctis

120 1837 175 1896 nisi
190 1837 219 1894 in
241 1853 273 1895 se
295 1834 378 1896 loeus
395 1853 452 1896 uon
469 1843 523 1896 est.
557 1832 679 1896 Globum
700 1842 796 1895 tamen
818 1833 895 1894 ellici
916 1834 1017 1894 mirum
1032 1843 1079 1894 est
1094 1835 1119 1893 iu

120 1927 197 1981 tanta
213 1919 332 1999 planitie
347 1920 434 1982 maris
451 1935 685 1998 camporumque.
725 1919 770 1980 cui
788 1919 947 1980 sententiae
974 1919 1059 1980 adest
1073 1917 1118 1978 br-

122 2003 299 2080 caearcbus,
323 2005 368 2062 vir
389 2005 418 2062 in
443 2004 542 2081 primis
565 2003 709 2079 cruditus,
736 2021 838 2080 regum
861 2021 929 2064 cura
950 2020 1143 2082 permensus

120 2095 245 2159 montes,
255 2105 293 2146 ex
308 2085 412 2166 quibus
427 2086 593 2148 altissimum
608 2086 735 2166 prodidit
752 2085 854 2147 Pelion
868 2084 970 2148 bloet
987 2105 1120 2166 passuum

120 2173 233 2232 ratione
255 2169 473 2248 perpendiculi,
495 2171 600 2232 nullam
617 2189 685 2232 esse
710 2188 774 2232 eam
791 2173 954 2250 portionem
969 2173 1120 2232 universae

121 2253 303 2316 rotunditatis
317 2251 470 2332 colligens.
500 2254 570 2316 mihi
585 2257 698 2318 incerta
717 2254 792 2316 baec
806 2255 921 2316 videtur
937 2258 1119 2330 coniectatio,

120 2339 196 2400 haud
215 2337 325 2418 ignaro}
332 2339 470 2418 quosdam
487 2337 604 2418 Alpium
617 2341 745 2400 vertices
766 2339 856 2418 longo
878 2349 971 2420 tractu
985 2357 1041 2401 neo
1057 2340 1119 2400 bre-

80 2425 225 2488 163viore
243 2423 447 2502 quinquaginta
469 2423 576 2484 milium
596 2441 732 2502 passuum
754 2423 925 2504 adsurgere.
957 2425 1017 2486 Sed
1030 2425 1118 2502 volgo

120 2509 241 2570 maxima
276 2506 351 2568 haec
372 2524 468 2586 pugna
489 2517 549 2586 est,
577 2509 601 2569 sl
625 2517 755 2569 coactam
774 2509 804 2570 in
823 2511 965 2570 verticem
985 2527 1120 2589 aquarum

121 2595 238 2673 quoque
255 2591 377 2670 liguram
402 2592 526 2654 credere
550 2601 681 2671 cogatur.
713 2595 792 2672 atqui
811 2611 869 2656 non
892 2594 969 2656 aliud
984 2594 1012 2654 in
1026 2611 1120 2654 rerum

119 2685 220 2738 natura
235 2675 376 2756 adspectu
390 2675 580 2752 manifestius,
605 2695 727 2758 namque
751 2687 781 2738 et
797 2679 998 2759 dependentes
1015 2677 1121 2757 ubique

120 2771 219 2838 guttae
243 2761 341 2838 parvis
361 2759 516 2838 globantur
531 2761 651 2822 orbibus
673 2771 703 2823 et
717 2763 831 2842 pulveri
846 2763 951 2824 inlatae
967 2763 1121 2824 frondium·

120 2862 177 2923 que
196 2845 323 2921 lanugini
339 2846 482 2924 inpositae
504 2845 638 2908 absoluta
657 2847 831 2909 rotunditate
856 2857 1026 2924 cernuntur,
1051 2857 1081 2907 et
1096 2848 1121 2904 in

119 2928 234 3006 poculis
247 2928 370 3007 repletis
387 2929 481 2990 media
498 2931 620 2996 maxime
643 2940 766 3009 tument,
785 2949 861 3012 quae
875 2939 997 3012 propter
1012 2931 1120 2992 subtili-

119 3018 208 3072 tatem
231 3014 338 3072 umoris
359 3013 569 3094 mollitiamque
587 3017 616 3076 in
631 3033 663 3076 se
687 3016 866 3078 residentem
880 3018 992 3078 ratione
1008 3017 1122 3076 facilins

121 3111 205 3174 quam
219 3097 282 3156 visu
297 3096 559 3175 deprehenduntur.
588 3098 676 3178 idque
693 3101 778 3162 etiam
793 3101 885 3180 magis
899 3101 1009 3176 mirum,
1026 3101 1056 3160 in
1070 3118 1120 3180 po-

121 3179 193 3240 culis
210 3179 334 3258 repletis
349 3181 446 3242 addito
461 3194 561 3243 umore
579 3181 696 3242 minimo
717 3186 916 3248 circumfluere
929 3185 1007 3267 quod
1020 3203 1121 3265 super·

120 3262 178 3339 sit,
197 3271 296 3325 contra
319 3266 439 3328 evenire
462 3266 645 3345 ponderibus
658 3267 762 3330 additis
777 3271 813 3331 ad
827 3271 947 3332 vicenos
963 3289 1055 3351 saepe
1072 3271 1140 3332 ‹te-t

119 3349 227 3425 nerins,
245 3349 358 3410 scilicet
370 3350 436 3430 quia
450 3351 525 3412 intus
541 3361 664 3432 recepta
677 3353 821 3433 liquorem
835 3355 865 3415 in
879 3357 1020 3416 vertimm
1038 3355 1121 3416 attol-

77 3439 128 3496 164
141 3431 215 3509 lant,
239 3440 268 3494 ιι
283 3434 396 3496 cumulo
413 3435 549 3498 eminenti
561 3437 655 3498 inlusa
665 3437 843 3501 delabantur.
861 3440 964 3502 eadem
977 3448 1022 3500 est
1035 3457 1122 3500 causa

119 3525 240 3596 propter
263 3536 380 3597 quame
401 3519 522 3582 navibus
544 3529 623 3584 terra
645 3540 703 3584 nou
725 3533 859 3587 cernatur
879 3525 1026 3586 enaviurn
1039 3523 1124 3585 malis
