2302 3938
138 149 198 210 202
372 233 375 240 Ι
460 159 774 216 o.1³n1n1sncunn1

137 337 154 378 a
177 317 352 392 Samosatis,
376 316 497 377 transitu
519 313 675 394 Euphratis
697 315 806 380 nobi-le.
845 334 884 376 ex
910 316 1033 378 aduerso
1056 315 1120 394 hpa·

138 418 230 461 meam
250 400 410 475 Seleucus,
432 398 509 462 idem
532 400 681 477 utriusque
703 401 854 476 conditor,
887 409 976 478 ponte
998 401 1122 462 iunxerat.

94 495 128 550 87
139 484 194 558 Qui
211 483 370 544 cohaerent
389 481 618 562 Mesopotamiae
641 481 747 552 Rhoali
767 493 918 552 vocantur.
957 493 986 557 at
1005 485 1033 544 in
1054 485 1124 559 Syria

138 567 246 646 oppida
266 567 430 646 Europum,
459 565 640 646 Thapsacum
661 567 820 648 quondam,
847 585 922 642 nunc
946 567 1124 648 Amphipolis.

137 651 252 712 Arabes
268 649 415 713 Scenitae.
449 650 493 718 lta
506 650 597 718 fertur
612 670 704 730 usque
721 651 824 724 Suram
836 648 941 728 locum,
956 653 985 711 in
1001 669 1057 730 quo
1069 669 1125 710 con·

137 753 240 795 versus
264 735 301 795 ad
323 735 463 794 orientem
483 735 618 813 relinquit
638 735 741 810 Syriae
761 734 946 811 Palmyrenes
969 735 1127 796 solitudines

138 829 212 897 quae
234 837 327 898 usque
350 819 386 882 ad
408 818 521 888 Petram
544 819 646 890 uphem
672 828 701 881 et
723 821 874 897 regionem
895 819 1022 879 Arabiae
1037 818 1129 879 Felicis

137 901 305 981 appellatae
321 904 475 980 pertinent.

94 997 129 1051 88
222 985 274 1047 25.
308 986 440 1062 Palmyra
463 985 533 1056 urbs
554 985 660 1055 nobilis
690 988 762 1062 situ,
790 987 895 1062 diuitiis
921 987 977 1054 soli
1006 997 1036 1050 et
1060 988 1131 1066 aquis

138 1071 283 1147 amoenis,
305 1079 388 1138 vasto
403 1071 529 1149 undiquc
544 1069 651 1144 ambitu
667 1069 783 1144 harenis
798 1070 918 1146 includit
934 1088 1025 1148 apros
1040 1090 1076 1132 ae
1089 1090 1130 1130 ve·

137 1155 178 1216 lut
196 1156 283 1216 terris
304 1165 438 1235 exempta
460 1172 476 1214 a
498 1173 594 1220 rerum
616 1163 732 1231 natura,
759 1156 870 1233 priuata
891 1163 972 1222 sorte
992 1156 1130 1230 interduo

136 1241 257 1318 imperia
279 1257 386 1304 summa
406 1239 600 1310 domnorum
615 1237 860 1318 Parthorumque,
882 1248 912 1299 et
926 1241 1066 1320 primatu
1085 1239 1133 1298 dis·

137 1323 236 1384 cordia
257 1341 373 1403 semper
391 1325 533 1402 utrimque
551 1340 636 1397 cura,
657 1321 742 1394 ahest
759 1320 795 1398 alp
813 1323 950 1400 Seleucia
970 1323 1133 1402 Parthorum

137 1425 211 1484 quae
226 1417 348 1468 vocatur
364 1408 400 1470 ad
416 1406 525 1484 tigrin
542 1403 759 1484 CGGllllllvll
777 1407 834 1480 mil.
856 1425 1012 1486 passuum,
1034 1427 1052 1467 a
1075 1425 1135 1486 prc-

136 1492 212 1554 ximo
228 1509 301 1551 vero
318 1492 419 1568 Syriae
438 1492 523 1552 litore
540 1487 629 1557 colit
650 1489 764 1567 milibus
786 1500 818 1552 ct
837 1509 853 1554 a
868 1491 1012 1566 Damasco
1029 1489 1135 1553 XXllll

137 1591 266 1654 proprus.

94 1667 129 1722 89
224 1658 274 1720 26.
309 1658 387 1728 lnira
405 1659 556 1735 Palmyrae
578 1657 749 1728 solitudines
774 1659 950 1736 Stelendena
980 1661 1071 1739 regio
1100 1667 1138 1718 est

102 1741 126 1816 ἓξ
138 1743 292 1821 dictaeque
316 1745 372 1812 iam
389 1742 555 1821 Hierapolis
575 1760 610 1802 ac
625 1742 739 1805 Beroea
763 1753 793 1816 et
814 1741 938 1818 Chalcis.
979 1744 1060 1816 ultra
1081 1743 1137 1804 Pal·

135 1846 244 1902 myram
266 1844 381 1905 quoque
407 1845 445 1888 ex
468 1825 668 1900 solitudinibus
693 1827 727 1886 iis
753 1826 861 1907 aliquid
885 1829 998 1907 optinet
1021 1825 1131 1906 Emesa

136 1913 203 1971 item
225 1910 363 1984 Elatium,
396 1911 512 1982 dimidio
537 1911 658 1988 propior
677 1909 782 1972 Petrae
806 1929 890 1991 quam
911 1911 1089 1982 Damascus.

136 1995 209 2054 Sura
232 2003 326 2062 autem
354 1995 486 2072 proxime
511 2003 556 2054 est
578 1993 733 2068 Philiscum
751 1995 888 2074 oppidum
911 1995 1096 2070 Parthanum
1111 2002 1139 2054 ua

136 2076 314 2155 Euphraten.
354 2077 390 2140 ab
414 2097 450 2138 eo
467 2079 633 2141 Seleuciam
654 2078 766 2147 dierum
780 2075 808 2149 X
822 2079 983 2160 navigatio„
1007 2080 1131 2140 totidem

94 2169 194 2238 eoque
222 2161 286 2229 fere
317 2159 504 2236 Babylonem.
561 2163 706 2235 Scinditur
734 2161 897 2242 Euphrates
931 2181 947 2222 a
978 2163 1137 2241 Zeugmat

135 2242 348 2318 DLXllelllll
359 2245 474 2318 milibus
489 2264 624 2324 passuum
640 2247 718 2318 circa
733 2247 828 2314 vicum
837 2245 993 2322 Masucen,
1011 2255 1043 2307 et
1062 2257 1139 2328 part

136 2328 219 2392 laeva
240 2329 267 2389 in
288 2327 526 2407 Mesopotamiam
549 2331 627 2390 uadit
654 2348 708 2410 per
729 2331 821 2414 ipsam
844 2331 1027 2406 Seleuciam,
1065 2333 1136 2390 circ

137 2429 200 2478 earn
222 2411 394 2489 praefluenti
417 2415 527 2482 inlusus
549 2413 637 2491 Tigri.
677 2414 843 2478 dexteriore
866 2423 960 2476 autem
982 2414 1079 2476 alveo
1096 2415 1134 2474 Ba

61 2500 73 2519 ⁰
136 2495 271 2571 hylcnem
294 2498 437 2574 cuondam
457 2495 622 2560 Chaldaeae
645 2508 730 2579 caput
752 2501 841 2580 petit,
866 2498 1055 2576 mediamque
1081 2519 1135 2577 per

136 2597 252 2656 means,
271 2581 338 2654 item
354 2580 868 2660 yuanlllothrimuocant‚distrahitnr
885 2583 913 2648 in
932 2581 1075 2665 paludes.
1109 2585 1136 2642 in

137 2666 244 2723 crescit
262 2674 355 2724 autem
374 2673 403 2724 et
423 2667 487 2745 ipse
503 2665 561 2726 Nili
585 2666 672 2726 modo
696 2666 776 2725 statis
798 2665 901 2736 diebus
920 2665 1040 2749 paulum
1063 2668 1135 2728 dille

136 2765 204 2809 rens
232 2766 266 2814 ac
290 2747 530 2828 Mesopotamiam
551 2751 668 2824 inundat
698 2751 762 2817 sole
789 2751 936 2830 optinente
968 2751 1125 2816 vicesima

136 2839 246 2906 partem
261 2835 368 2896 cancri.
397 2835 483 2902 minui
498 2835 597 2912 incipit
612 2836 640 2894 in
652 2835 792 2914 virginem
808 2853 825 2893 e
841 2834 927 2894 leone
939 2843 1121 2912 transgress

135 2915 164 2972 in
178 2923 267 2975 totum
284 2933 355 2976 vero
372 2927 481 2984 remeat
496 2921 524 2979 in
538 2919 674 2990 vicesima
690 2936 764 2988 nona
781 2927 862 2998 parte
877 2917 1010 2994 virginis.

93 3004 125 3058 91
219 2995 268 3056 27.
292 2997 381 3144 (222t
398 3001 457 3074 sed
471 3001 623 3071 redeamus
638 2999 673 3062 ad
692 3021 770 3064 oram
791 3003 909 3078 Syriae,
931 3001 978 3062 cui
1007 3008 1136 3080 proxim

136 3088 181 3138 est
204 3077 315 3142 Cilicia.
383 3084 478 3149 lurcen
498 3082 682 3162 Diaphanes,
705 3103 787 3156 mons
811 3081 1006 3162 crocodilus,
1037 3099 1135 3164 ports

135 3163 236 3224 Amani
251 3168 370 3243 montis,
387 3166 500 3230 flumina
515 3168 684 3248 Androcus,
708 3169 842 3246 Pinarus,
863 3168 974 3246 Lycus,
999 3173 1092 3231 sinus
1112 3173 1125 3234 l

123 3249 223 3326 sicus,
242 3249 378 3330 oppidum
394 3250 490 3328 lssos,
508 3252 576 3312 item
591 3252 784 3330 Alexandria,
801 3253 906 3316 flumen
922 3250 1077 3331 Chlorus,
1099 3276 1119 3315 n

134 3332 231 3411 pidum
243 3332 382 3412 Aegaeae
399 3333 531 3412 liberum,
547 3338 636 3398 amnis
649 3335 797 3414 Pyramus,
814 3346 916 3418 portae
933 3334 1080 3418 Ciliciae,
1100 3359 1120 3400 o

135 3416 203 3492 pida
219 3416 339 3496 lllallos,
356 3417 499 3497 lllagirsos
516 3430 544 3482 et
559 3421 634 3484 intus
651 3419 769 3480 Tarsos.
805 3423 897 3500 campi
914 3419 997 3492 Alei,
1030 3429 1138 3504 oppid

466 3645 557 3722 ,Ὗ

389 3742 453 3881 s
