2396 3940
153 148 218 218 268
500 149 649 208 ornum
668 127 826 206 succum

153 311 271 368 ceratos
295 309 411 365 certum
434 310 488 363 est
534 301 657 362 tradunt
679 299 856 362 Zoroastren
878 301 911 360 in
934 299 1061 360 desertis
1084 315 1161 358 caseo

155 397 264 458 vixisse
283 394 369 454 annis
387 405 437 454 xx
455 394 496 454 ita
514 398 681 471 temperato
699 397 734 452 ut
751 395 930 452 vetustatem
952 407 1015 450 non
1038 389 1164 448 sentiret.

103 475 1164 565 mfflfflmmmmmmm

156 574 262 655 umeri,
285 573 395 633 ceteris
417 572 500 652 armi,
523 571 576 631 uni
598 569 694 630 ulnae.
741 567 850 649 quibus
873 567 1046 630 animalium
1067 583 1164 628 manus

157 669 228 724 sunt
259 663 341 722 intus
359 667 475 722 tantum
493 677 645 741 carnosae,
668 665 752 720 extra
769 660 870 719 nervis
888 665 920 720 et
937 664 1008 720 cute
1027 663 1186 718 consume

102 757 156 808 244
223 709 299 834 (99)
331 749 420 829 Digiti
447 747 624 828 quibusdam
653 750 685 809 in
714 748 852 810 manibus
883 749 956 810 seni
1006 745 1045 807 bl.
1068 744 1166 807 Corani

156 857 192 902 ex
222 841 346 919 patricia
375 845 464 918 gente
494 837 568 900 lilias
600 837 674 900 duas
706 836 744 899 ob
773 837 805 899 id
836 837 982 918 Sedigitas
1013 835 1166 916 accipimus

156 927 331 1010 appellatas,
362 935 393 988 ct
415 927 580 989 Volcatium
608 927 775 1007 Sedigitum
802 927 958 988 inlustrem
987 928 1020 987 in
1044 925 1165 1006 ,poetica

155 1017 285 1078 bominis
317 1017 402 1097 digiti
432 1025 535 1078 ternos
567 1016 709 1078 articulos
740 1016 864 1098 babent,
895 1015 993 1096 pollex
1026 1013 1113 1076 binos
1141 1021 1165 1074 el

157 1106 258 1187 digitis
276 1105 419 1167 adversus
437 1107 585 1168 universis
603 1105 744 1188 flectitur,
766 1123 872 1186 perse
895 1123 966 1166 rero
988 1107 1022 1166 iu
1044 1103 1164 1166 oblicum
1176 1115 1194 1154 1⁰

155 1197 334 1277 porrigitur,
362 1197 491 1256 crassior
513 1197 632 1258 ceteris.
677 1195 748 1257 buic
775 1196 917 1256 minimus
943 1211 1086 1256 mensura
1111 1211 1165 1274 par,

157 1303 191 1347 ac
214 1285 273 1346 duo
297 1284 406 1364 reliqui
429 1283 495 1366 sibi,
517 1285 597 1346 inter
620 1303 696 1364 quos
718 1285 835 1346 medius
857 1284 1030 1365 longissime
1052 1291 1164 1364 proteu·

157 1374 246 1436 ditur.
292 1373 402 1454 quibus
424 1392 461 1434 ex
483 1376 588 1454 rapina
610 1375 707 1435 victus
730 1373 955 1456 quadripedum,
982 1374 1068 1453 quini
1090 1373 1163 1453 digiti

104 1465 198 1524 attin
220 1462 373 1544 prioribus
395 1462 535 1545 pedibus,
561 1464 593 1523 in
616 1461 742 1543 reliquis
769 1465 914 1544 quaterni.
960 1462 1077 1545 leones,
1103 1463 1164 1542 lupi,

158 1569 247 1614 canes
279 1559 310 1613 et
338 1569 432 1633 pauca
460 1554 492 1614 in
521 1551 740 1632 posterioribus
769 1571 889 1632 quoque
919 1554 1029 1632 quinos
1057 1563 1193 1632 ungues1⁵

157 1641 281 1726 babent,
309 1661 370 1702 uno
397 1645 479 1704 iuxta
509 1643 609 1703 cruris
637 1642 796 1704 articulum
823 1642 1024 1723 dependente,
1052 1639 1166 1721 reliqua,

158 1749 234 1810 quae
258 1739 329 1792 sunt
350 1732 477 1812 minora,
501 1738 532 1792 et
553 1731 663 1810 digitos
685 1734 802 1811 quinos.

225 1819 367 1882 Bracchia
390 1837 450 1882 non
478 1819 617 1881 omnibus
642 1822 725 1901 paria
753 1837 863 1882 secum.
909 1820 1044 1882 studioso
1068 1819 1165 1882 Threci

158 1910 190 1970 in
210 1908 241 1970 C.
256 1908 389 1970 Caesaris
407 1908 478 1970 ludo
496 1916 601 1971 notum
620 1916 667 1970 est
684 1910 836 1972 dexteram
855 1909 947 1971 luisse
962 1913 1165 1990 proceriorem.

226 1997 403 2060 Animalium
426 1998 571 2078 quaedam
594 2005 628 2060 ut
650 1998 786 2060 manibus
809 2005 936 2060 utuntur
958 2001 1094 2079 priorum
1119 2001 1195 2060 nri-tt

159 2089 284 2148 nisterio
301 2087 413 2168 pedum
431 2087 596 2167 sedentque
620 2088 657 2150 ad
680 2107 714 2149 os
736 2088 795 2148 illis
818 2088 1003 2150 admoventia
1027 2088 1118 2172 cibos,
1137 2099 1165 2150 ut

106 2183 159 2233 246
169 2178 269 2237 sciuri.
316 2170 375 2239 44.
400 2169 497 2260 (100)
525 2195 593 2238 nam
617 2163 768 2240 simiarum
796 2161 907 2257 genera¹
931 2178 1097 2259 perlectam
1121 2179 1165 2238 bo-

112 2303 115 2307 -
160 2266 248 2326 minis
270 2267 465 2328 imitationem
488 2267 644 2327 continent
674 2268 762 2348 lucie,
789 2265 924 2349 naribus,
952 2267 1089 2352 auribus,
1114 2267 1165 2349 pal·

159 2352 277 2437 pebris,
309 2373 382 2434 quas
412 2355 492 2417 solae
522 2355 738 2436 quadripedum
772 2363 803 2416 et
831 2358 863 2418 in
892 2357 1036 2418 inferiore
1066 2357 1164 2419 babent

160 2461 249 2527 gena,
279 2446 338 2505 iam
366 2461 508 2506 mammas
537 2447 569 2506 in
597 2452 719 2524 pectore
749 2452 780 2506 et
807 2443 946 2506 braccbia
974 2453 1005 2508 et
1032 2465 1118 2509 crura
1137 2450 1161 2507 iu

161 2535 343 2596 conuarium
362 2533 497 2595 similiter
515 2533 604 2616 llexa,
626 2535 658 2595 in
676 2533 812 2596 manibus
830 2553 959 2618 ungues,
982 2536 1091 2616 digitos
1112 2536 1161 2597 lou·

160 2625 333 2704 gioremque
351 2623 490 2686 medium.
526 2622 654 2704 pedibus
675 2623 797 2704 paulum
815 2623 966 2688 differunt.
1002 2634 1074 2688 suut
1096 2629 1161 2686 enim

161 2720 195 2774 ut
215 2731 320 2776 manus
337 2713 523 2796 praelongae,
546 2713 600 2775 sed
620 2715 778 2794 vestigium
799 2713 912 2795 palmae
936 2715 1033 2776 simile
1055 2715 1160 2778 iaciunt.

51 2991 55 2996 ,
163 2963 166 2970 ’
231 2941 357 3013 Singuli
373 2947 479 3000 ilitio.
510 2961 624 3015 ung-u.
656 2940 785 3014 iugulum
802 2949 833 2999 Β.
865 2944 907 3000 -la
924 2945 1077 3002 eortiDal·
1134 2942 1161 2976 ‘'

160 3020 232 3069 om.
248 3013 343 3068 corani
360 3019 395 3069 Ι.
425 3032 519 3070 coram
537 3021 568 3070 B.
596 3034 633 3070 m.
648 3016 742 3071 coraci
759 3033 783 3071 r.
812 3015 841 3071 Ο.
856 3015 947 3072 oratii
964 3018 1025 3073 edd.
1040 3015 1159 3074 amca.
1191 3059 1192 3076 r

158 3085 196 3141 M.
212 3083 329 3140 Curiatii
341 3087 381 3141 cd.
393 3086 460 3159 Get
480 3086 509 3142 O.
523 3087 634 3143 Horatii
646 3085 739 3144 Hord.
811 3093 828 3143 9
844 3089 937 3144 terum
951 3089 1085 3144 articulos
1098 3091 1159 3157 (ocu-

158 3157 201 3214 los
215 3158 249 3227 B)
267 3157 375 3213 babent
391 3157 494 3214 ΠΜ.
528 3158 660 3214 articulos
679 3159 792 3230 (aperti-
806 3160 833 3229 s)
851 3159 959 3215 babent
975 3161 1041 3216 Νι,
1072 3160 1158 3216 articu-

158 3229 202 3285 los
220 3229 328 3285 babent
343 3229 438 3287 terum
456 3234 502 3286 do.
523 3232 528 3300 Ι
551 3231 581 3284 et
598 3247 648 3286 om.
667 3235 702 3286 Ι.
776 3235 810 3286 10
827 3231 957 3286 micenis
974 3237 1011 3286 Ι.
1084 3239 1115 3286 14
1130 3247 1158 3284 ou

160 3301 209 3354 sed
227 3300 346 3356 leones?
437 3303 705 3372 melpomene.
734 3319 773 3357 oo
791 3304 821 3358 et
837 3302 920 3374 perdi
937 3305 979 3359 oel
995 3299 1158 3387 pantherae?

159 3371 813 3456 esuriristdeporl.aar.IV1011.688A,d.
864 3446 871 3457 ο
901 3379 933 3458 tii
952 3375 1025 3460 pina
1041 3375 1084 3430 Bi
1108 3373 1157 3445 pris

158 3444 413 3567 {abupffissfbu
438 3442 839 3572 asffuiil⁰lab.2ltsosz.²³
862 3445 1157 3588 ffi‘a'emffnmffl

158 3577 227 3660 Bac.
337 3587 371 3636 28
389 3584 560 3655 praelongae
577 3589 642 3639 HR.
673 3603 735 3656 ges
753 3589 820 3642 1³⁸¹.
853 3605 900 3660 -ge
918 3589 956 3648 ι’.
989 3589 1031 3661 —gi
1048 3593 1091 3644 do.
1115 3587 1156 3656 cfr·

159 3645 246 3702 Arari.
260 3651 285 3704 lu
301 3668 327 3705 o.
341 3655 400 3709 II8
409 3671 440 3723 p.
451 3659 508 3712 502
516 3655 581 3723 B,5
599 3655 661 3710 olor
679 3663 769 3727 χεῖρε(
787 3661 909 3728 μεγάλαι.
