2286 3938
228 118 311 172 NAT.
329 117 422 174 HIST.
441 119 494 173 Vll
512 125 582 174 4—'1
603 121 693 190 (3-5)
926 122 965 184 ll

8 287 58 330 uero
78 270 168 346 genitis
193 269 274 328 intra
297 268 576 348 quadragensimum
599 268 678 330 diem
705 271 851 331 maximus
873 268 966 350 labor,

8 358 90 436 paridis
110 365 201 418 autem
226 365 331 436 quarto
359 365 390 418 ct
412 366 515 418 octavo
541 376 657 439 mense,
688 358 851 437 letalesque
874 359 906 419 in
928 360 966 420 iis

8 447 91 508 bertus.
115 445 289 508 Masurius
312 454 416 508 auctor
438 454 485 508 est
502 445 534 508 L.
553 446 707 526 Papirium
728 455 898 527 praetorem
921 466 966 508 se-

8 536 66 596 eundo
86 536 184 596 herede
212 535 278 615 lege
305 542 411 616 agente
439 535 587 598 bonorum
613 539 836 616 possessionem
863 543 967 598 eontra

8 643 45 686 aaa
58 625 167 708 dedisse,
189 644 261 686 cum
283 633 378 687 mater
396 633 515 706 partum
538 645 570 686 sc
593 641 660 687 xm
682 626 837 688 mensibus
852 626 967 686 diceret

9 714 76 794 albse,
94 717 227 794 quoniam
248 715 365 777 nullum
388 723 504 776 certum
522 723 640 795 tempus
663 715 799 796 pariendi
822 722 967 778 statutum

8 803 113 866 idarctur.

41 888 66 954 6.
84 887 129 975 (b)
156 893 180 954 Α
203 901 352 974 conceptu
375 895 490 956 decimo
514 894 562 954 die
586 893 704 954 dolores
728 896 841 974 eapitis,
865 893 965 956 oculo·
984 899 1018 947 41

8 999 41 1042 un
56 985 199 1062 vertigines
223 983 433 1065 tenebraeque,
455 983 607 1044 fastidium
629 986 660 1044 in
684 983 767 1064 cibis,
791 983 966 1044 redundatio

8 1072 98 1132 tonacbi
110 1073 220 1132 indices
238 1081 309 1134 sunt
323 1073 451 1135 bominis
470 1073 610 1134 inchoati.
637 1072 743 1133 melior
757 1071 839 1133 color
853 1091 967 1134 marem

8 1163 69 1223 tenti
91 1169 118 1222 ct
138 1161 253 1222 facilior
275 1171 393 1244 partus,
424 1169 524 1223 motus
551 1164 583 1222 in
605 1169 693 1223 utero
718 1161 966 1241 quadragensimo

9 1249 31 1312 ie.
50 1253 180 1312 contraria
203 1255 302 1312 omnia
325 1253 356 1312 iu
374 1251 468 1312 altero
487 1269 570 1332 sexu,
592 1250 768 1330 ingestabile
788 1269 875 1332 onus,
898 1269 966 1312 cru·

9 1341 39 1399 aa
55 1347 79 1399 ct
96 1341 222 1420 inguinis
244 1341 318 1402 levis
336 1349 446 1423 tumor,
468 1343 583 1420 primus
607 1349 708 1402 autem
726 1353 772 1400 xo
791 1340 839 1402 die
857 1348 965 1400 motus.

9 1427 184 1506 dplurimum
206 1431 360 1510 languoris
386 1433 569 1510 inutraque
594 1420 667 1492 sexu
695 1429 835 1509 capillum
858 1429 964 1508 germi—
984 1433 1019 1481 42

10 1525 53 1590 otc
70 1527 147 1597 partu
170 1527 202 1580 et
224 1521 257 1580 iu
278 1519 455 1600 plenilunio,
482 1520 562 1598 quod
585 1528 703 1599 tempus
727 1520 823 1580 editos
846 1536 967 1597 quoque

10 1605 82 1668 ibates
101 1611 259 1689 praecipue
281 1609 411 1670 infestat.
449 1609 582 1688 adeoque
605 1611 742 1670 incessus
766 1616 854 1687 atquo
878 1625 966 1668 omne

11 1697 94 1775 sicquid
114 1699 171 1759 dici
193 1706 293 1778 potest
315 1701 348 1759 in
370 1698 490 1778 gravida
511 1699 614 1779 refert,
639 1705 673 1759 ut
695 1697 868 1758 salsioribus
892 1695 966 1756 cibis

11 1801 39 1846 sao
56 1795 192 1850 carentem
216 1788 386 1868 unguiculis
408 1797 528 1868 partum
551 1787 652 1867 edant,
680 1794 710 1848 at
733 1787 759 1846 si
781 1787 967 1864 respirarere

10 1873 100 1938 bailius
121 1881 281 1940 enitantur.
321 1880 457 1939 oscitatio
482 1876 602 1956 quidem
624 1879 656 1936 iu
680 1877 770 1936 enixu
792 1874 888 1936 letalis
911 1881 966 1955 est,

10 1963 45 2025 iul
61 1970 215 2030 sternuisse
239 1987 256 2027 a
279 1969 360 2028 coitu
384 1967 559 2030 abortivum.

39 2049 61 2115 l.
98 2056 218 2118 Miseret
241 2063 330 2136 atque
354 2059 444 2118 otiam
465 2056 558 2136 pudet
586 2057 794 2116 aestimantem
816 2069 906 2132 quam
928 2054 967 2112 sit
986 2058 1020 2107 43

11 2141 62 2203 bola
77 2146 241 2208 animabum
259 2145 467 2226 superbissimi
484 2147 578 2226 origo,
597 2163 666 2204 cum
680 2143 830 2222 plerisque
846 2141 968 2202 abortus

9 2245 52 2292 usa
62 2235 125 2294 odor
138 2254 154 2295 a
167 2235 361 2296 lucernarum
373 2235 424 2296 fiat
437 2237 596 2296 exstinctu.
615 2233 662 2294 his
671 2234 826 2312 principiis
840 2249 967 2292 nascun-

11 2327 150 2406 utyraoni,
172 2324 222 2385 his
247 2325 379 2385 carnifex
402 2326 526 2385 animus.
564 2333 597 2384 tu
621 2325 673 2401 qui
696 2323 832 2401 corporis
854 2320 968 2382 viribus

10 2407 44 2490 llo,
60 2421 86 2472 tu
102 2417 149 2494 qui
163 2415 303 2476 fortunae
322 2431 447 2474 munera
466 2413 642 2494 amplexaris
666 2418 697 2472 et
710 2419 740 2472 te
759 2429 797 2471 ne
816 2411 969 2470 alumnum

11 2499 77 2560 ddum
88 2505 147 2564 eius
161 2505 314 2564 existimas
329 2503 382 2564 sed
395 2510 529 2583 partum,
548 2509 581 2563 tu
596 2503 681 2562 cuius
697 2519 815 2580 semper
829 2500 968 2560 tinctoris
986 2504 1022 2552 44

9 2595 112 2672 amens,
134 2594 240 2672 tuqui
262 2601 292 2653 te
312 2593 402 2654 deum
425 2593 532 2672 credis,
555 2591 654 2671 aliquo
678 2607 821 2650 successu
840 2596 968 2667 tumens,

9 2681 44 2736 uti
64 2684 150 2758 perire
180 2683 320 2764 potuisti,
362 2689 451 2761 atque
482 2684 572 2744 etiam
600 2680 689 2741 bodie
719 2680 843 2739 minoris
873 2683 968 2756 potes,

8 2769 96 2842 patulo
122 2775 272 2852 serpentis
301 2775 380 2834 ictus
411 2771 513 2853 dente,
551 2777 602 2830 aut
631 2771 721 2830 etiam
751 2776 785 2828 ut
814 2766 969 2826 anacreon

8 2865 54 2916 aaa
67 2863 139 2922 acino
156 2881 233 2923 uvae
247 2879 360 2944 passae,
383 2868 417 2922 ut
430 2861 540 2922 Fabius
555 2860 683 2920 Senator
695 2863 817 2938 praetor
834 2857 867 2916 iu
884 2855 970 2916 lactis
1038 2923 1041 2928 ¹

8 2955 68 3010 iustu
90 2969 144 3011 urm
168 2953 230 3031 pilo
259 2951 469 3030 strangulatus.
515 2953 541 3010 is
570 2949 691 3009 demum
717 2947 852 3026 profecto
879 2945 971 3004 vitam

9 3099 170 3128 ’κὴ-ι

45 3199 56 3245 3
72 3196 203 3252 a'oortibus
222 3199 284 3249 na:
299 3196 375 3248 -tuus
394 3210 417 3248 r.
438 3195 443 3262 Ι
467 3192 608 3264 papirium
627 3196 651 3246 d.
676 3191 726 3258 cfr.
742 3190 847 3246 Gellius
865 3191 971 3254 11116,

8 3261 31 3338 li·
48 3269 188 3335 purpurium
206 3273 239 3321 B.
266 3266 417 3337 paparium
434 3282 458 3320 r.
531 3269 597 3318 ase
615 3263 752 3318 uedccim
768 3261 844 3315 Fui.
873 3276 903 3314 so
922 3259 970 3313 do·

8 3343 37 3385 rin
49 3337 75 3390 ιι.
97 3337 155 3396 XVI
172 3345 190 3392 d
208 3355 223 3394 o
240 3354 309 3396 corr.
338 3337 388 3392 sod
406 3335 529 3392 sedecim
546 3335 616 3388 Μῑ.
698 3342 714 3390 6
734 3335 840 3388 siolum
857 3330 969 3384 Ὲῑιῑᾱῑ.

21 3427 32 3482 1,
48 3413 73 3460 ll
94 3411 189 3481 capillo
218 3409 256 3469 ι’,
336 3414 371 3464 20
399 3409 570 3462 sternuboase
597 3406 642 3460 Ψ.
674 3405 798 3463 renuisse
825 3403 882 3484 ¹²¹:
903 3403 971 3456 stre·

8 3484 98 3534 lassad
161 3487 194 3536 22
218 3482 384 3554 plerumque
407 3485 438 3534 R.
512 3485 546 3535 26
570 3477 690 3534 inoboria
712 3477 755 3532 12².
783 3475 903 3554 uioborra
920 3477 970 3526 (12.

49 3555 73 3603 ll
92 3555 190 3608 tamem
213 3553 285 3610 Rob.
317 3569 359 3607 -es
383 3553 411 3606 ll.
502 3556 536 3604 28
562 3550 636 3604 bonu
660 3548 763 3602 wal.
795 3547 904 3598 taubmo
927 3544 972 3598 nl.

8 3615 55 3672 lanta
68 3623 115 3677 dd.
138 3625 235 3697 silente
253 3624 299 3678 Bi.
328 3641 367 3679 aa
384 3623 458 3678 tanti
477 3623 507 3676 eb
525 3621 613 3677 ante?
