2302 3938
212 627 248 707 d.
277 623 425 708 PblNl
455 619 685 715 Slldlllllll

75 739 430 874 lllttrhls
468 773 855 874 umroumu

287 959 482 1030 LIBER
525 957 608 1026 IIII.

369 1115 535 1128 m

49 1193 113 1274 (lect.
127 1197 164 1278 1.)
194 1195 312 1262 Tertius
333 1197 470 1279 Europae
495 1201 575 1260 sinus
601 1195 828 1260 Acrocerauniis
853 1198 987 1280 incipiit
1071 1237 1075 1246 ·

18 1281 116 1358 uentibus,
133 1281 223 1348 duitor
241 1281 455 1362 Hellesponto,
482 1282 666 1364 amplectitur
688 1291 808 1362 praeter
826 1285 955 1344 minores

18 1363 171 1432 rhqullllll
184 1376 309 1429 centena
329 1365 411 1429 XXV
428 1367 504 1430 milia
528 1385 672 1448 passuum.
719 1366 753 1428 ln
774 1385 811 1428 eo
835 1365 954 1446 Epiros,

19 1449 123 1529 larnaria,
136 1452 261 1530 Aetolia,
278 1451 396 1532 Phocis,
412 1449 527 1529 Locris,
542 1451 667 1529 Achaia,
685 1449 851 1529 blessenia,
867 1450 955 1512 baco-

18 1533 55 1608 la,
69 1533 183 1614 Argolis,
202 1535 349 1616 llegaris,
370 1537 485 1616 Attice,
504 1537 643 1612 BoeotIa,
665 1537 829 1614 iterumque
845 1537 880 1596 ab
897 1536 955 1598 alio

17 1618 51 1674 uri
64 1619 140 1680 eadem
157 1619 263 1683 Phocis
286 1630 316 1684 et
339 1622 456 1700 Locris,
476 1621 583 1699 Doris,
605 1619 765 1698 Phthiotis,
792 1619 955 1698 Thessalia,

17 1693 117 1781 lqaesia,
134 1703 318 1784 llacedonia,
343 1705 474 1768 Thracia.
505 1704 604 1766 Omnis
622 1701 770 1766 Graeciae
783 1704 955 1766 fabulositas

17 1785 52 1842 iou
67 1795 88 1846 et
103 1787 254 1851 litterarum
270 1790 387 1859 claritas
403 1809 441 1852 ex
454 1789 511 1851 hoc
526 1793 649 1870 primum
666 1791 730 1850 sinu
746 1789 870 1866 ellulsit,
888 1805 956 1868 qna·

17 1877 84 1944 popter
94 1873 226 1950 paululum
242 1877 273 1935 in
292 1893 329 1936 eo
345 1874 584 1937 commorabimur.
617 1873 726 1954 Epiros
747 1875 777 1934 in
792 1875 957 1934 uniuersum
974 1883 991 1932 2

17 1953 129 2030 ppellataa
148 1955 300 2020 Cerauniis
320 1961 422 2040 incipit
444 1959 601 2020 montibus.
642 1961 727 2019 inea
755 1958 840 2039 primi
863 1955 956 2018 Chao·

17 2041 148 2118 nrrqnhus
163 2039 311 2122 chaonia,
334 2043 402 2106 dein
419 2041 596 2124 Thesproti,
610 2043 850 2122 Antigonenses,
872 2042 956 2103 locos

17 2116 79 2182 laum
98 2135 124 2187 et
142 2129 284 2210 pestilera
311 2129 413 2189 auibus
435 2129 597 2198 exhalatio,
624 2125 768 2206 Cestrini,
795 2125 955 2188 Perrhaebi
1039 2135 1041 2138 ’

33 2221 160 2272 tunmons
177 2212 297 2291 Pindus,
314 2211 503 2292 Cassiopaei,
518 2213 667 2292 Dryopes,
685 2211 805 2290 Selloe,
823 2211 954 2290 Pilopes,

27 2287 81 2354 olnssl
92 2295 156 2375 apud
171 2315 246 2377 quos
258 2297 411 2358 Dodonaei
426 2295 506 2358 Iovis
525 2297 664 2376 templum
679 2297 798 2358 oraculo
819 2295 963 2373 inlustre,¹

17 2365 159 2515 qqprunons
170 2391 287 2444 centnm
301 2382 432 2444 lontibus
448 2383 525 2444 circa
541 2383 655 2446 radices
670 2379 862 2462 Theopompo
877 2379 956 2442 cele·

45 2477 72 2522 ur.

41 2540 87 2625 Cup.
101 2547 124 2611 l.
146 2547 255 2632 Epiros
279 2551 344 2632 ipsa
361 2551 396 2612 ad
416 2549 596 2630 Magnesiam
616 2549 872 2630 Macedoniamque
893 2557 956 2610 ten·
975 2560 991 2611 3

17 2615 48 2688 hu
60 2647 71 2688 a
84 2641 157 2714 terqo
174 2655 228 2696 suo
244 2637 418 2698 Dassaretas
439 2655 527 2716 supra
548 2635 659 2714 dictos,
680 2634 802 2696 liberam
823 2641 954 2713 gentem,
964 2634 1000 2710 d,

17 2713 123 2778 rnrleram
142 2717 293 2786 Dardanos
314 2720 411 2782 habet.
453 2719 595 2782 Dardanis
618 2719 704 2781 laevo
729 2717 850 2780 Triballi
871 2734 956 2796 prae·

17 2793 104 2860 luduntur
115 2803 205 2865 latere
222 2814 253 2866 et
268 2803 418 2866 lloesicae
433 2813 548 2882 gentes.
570 2805 699 2866 alrnnte
711 2804 867 2881 iunguntur
878 2799 955 2860 lledi

17 2875 187 2966 rhenanae,
203 2889 308 2968 quibus
324 2888 455 2950 Threces
470 2889 507 2950 ad
520 2889 643 2950 Pontum
652 2905 746 2968 usque
761 2888 954 2967 pertinentes.
991 2939 994 2944 .

17 2963 144 3058 t'sucoiacta
156 2971 319 3054 Rhodopes
334 2991 403 3034 mox
418 2981 448 3035 et
462 2971 563 3035 Haemi
580 2971 704 3034 vallatur
718 2971 887 3033 excelsitas.
923 2967 956 3030 ln
973 2981 990 3030 4

17 3035 54 3142 bui
64 3068 102 3113 ora
112 3057 259 3119 castellum
273 3059 303 3118 in
316 3057 544 3120 Acrocerauniis
560 3053 710 3134 Chimera,
726 3057 779 3118 sub
800 3073 836 3116 eo
852 3054 955 3134 Aquae

17 3143 65 3204 ‘lto
77 3138 140 3202 ton.
168 3142 276 3222 oppida
291 3141 473 3221 Maeandria,
490 3140 622 3217 cestria,
638 3139 743 3202 humen
759 3139 956 3219 Thesprotiae

17 3205 104 3314 bittit,
127 3227 241 3290 colonia
267 3227 452 3306 Buthrotum,
476 3228 660 3304 maximeque
689 3223 860 3286 nobilitatus
888 3223 956 3284 Am·

17 3309 74 3363 unlus
87 3309 172 3388 sinos,
194 3311 221 3372 D
238 3331 315 3392 pass.
333 3311 464 3373 lancibus
485 3313 646 3390 spatiosum
669 3327 781 3388 aequor
796 3309 955 3388 accipiens,

17 3385 135 3472 ttptudinis
151 3393 291 3458 XXXVII
305 3393 335 3456 ll
350 3415 448 3479 pass,
463 3395 622 3456 latitudinis
637 3391 694 3454 XV
708 3392 746 3453 bl.
777 3393 811 3456 ln
827 3411 892 3453 eum
906 3391 955 3452 de-

17 3472 60 3528 ton
79 3479 155 3538 amnis
177 3481 318 3542 Acheron
345 3501 362 3540 e
389 3481 454 3542 lacu
480 3477 675 3559 Thesprotiae
695 3477 859 3540 Acherusia
887 3492 955 3556 pro-

17 3543 60 3611 heu
74 3557 142 3622 XXV
158 3563 187 3624 ll
207 3583 284 3646 pass.
329 3565 396 3626 inde
423 3573 454 3627 et
474 3563 554 3625 mille
574 3563 681 3645 pedum
701 3569 793 3643 ponte
815 3559 956 3622 mirabilis
