2396 3940
150 201 217 270 286
497 201 527 258 0.
545 201 646 258 PLINI
664 201 824 258 saeuum

151 355 217 418 eius
242 357 274 418 iu
300 353 391 418 libras
417 351 512 416 ἔνι.
557 355 645 435 piper
669 352 792 434 longum
818 349 957 414 facillime
982 349 1155 413 adulteratur

150 443 349 508 alexandum
372 446 476 526 sinapi.
513 445 623 506 emitur
644 445 677 504 in
699 442 791 505 libras
810 441 840 504 Ξ
857 453 915 525 xv,
938 440 1040 503 album
1060 437 1155 522 hun,

98 540 132 590 aa
151 537 271 616 nigrum
292 533 319 596 ξ
341 547 405 596 1111.
449 551 540 596 usum
561 534 627 596 eius
650 532 723 594 adeo
746 531 894 614 placuisse
921 533 1031 594 mirum
1055 537 1101 592 est
1121 563 1156 574 —

150 625 182 686 in
209 624 274 685 aliis
301 626 411 705 quippe
440 625 568 684 suavitas
594 623 688 706 cepit,
719 625 751 684 in
778 621 846 682 aliis
877 623 994 702 species
1025 620 1157 700 inritavit

111 772 123 797 ,
148 712 221 776 huic
239 731 295 774 uec
313 715 395 794 pomi
413 730 468 774 nec
486 711 577 774 bacae
600 711 817 775 commendatio
841 719 888 774 est
909 710 1009 791 aliqua
1032 741 1085 792 -,
1106 707 1177 769 solas

149 801 268 884 placere
291 802 496 884 amaritudine,
519 809 550 864 et
572 801 649 864 hano
671 803 703 862 lu
725 800 815 864 Indos
837 803 908 881 peti.
945 803 1015 880 quis
1036 799 1086 860 ille
1107 799 1158 879 pri-

77 951 80 956 .
151 909 218 954 mus
241 894 371 972 experiri
398 890 474 953 cibis
500 891 593 954 voluit
620 898 672 954 aut
701 893 750 953 cui
778 893 811 952 in
840 889 1004 972 appetendi
1030 888 1159 956 aviditate

151 981 267 1042 esurire
290 999 351 1042 non
374 981 431 1042 luit
453 977 547 1042 satis?
592 989 754 1060 utrumque
778 980 913 1042 silvestre
937 978 1079 1060 gentibus
1105 979 1158 1040 suis

150 1078 198 1132 est
220 1077 251 1131 et
272 1077 372 1132 tamon
394 1070 526 1150 pondere
550 1072 661 1132 emitur
683 1078 717 1132 ut
740 1087 847 1132 aurum
868 1069 915 1130 vel
939 1076 1107 1149 argeutum.

216 1158 334 1240 Piperis
360 1159 499 1222 arborem
525 1162 585 1224 iam
612 1168 642 1221 et
668 1159 751 1222 ltalia
779 1159 869 1223 babet
897 1161 1043 1220 maiorem
1074 1163 1189 1236 myrtoo

150 1267 206 1312 nec
225 1248 397 1312 absimilem.
426 1249 591 1311 amaritudo
610 1267 703 1330 grano
722 1250 826 1311 eadem
844 1267 919 1330 quiae
933 1249 1032 1329 piperi
1050 1254 1160 1310 musteo

150 1338 291 1402 credatur
314 1357 389 1401 esse.
434 1342 490 1401 sed
508 1339 596 1401 deest
617 1345 696 1400 tosta
722 1339 772 1400 illa
798 1341 954 1402 maturitas
980 1337 1112 1418 ideoque
1136 1343 1161 1395 et

150 1445 293 1508 rugarum
315 1427 485 1509 colorisque
509 1427 679 1491 similitudo.
725 1428 909 1491 adulteratur
931 1428 1067 1508 iuniperi
1088 1425 1160 1488 bacis

150 1519 226 1580 mire
248 1520 308 1580 vim
329 1517 530 1602 trahentibus,
552 1520 585 1580 in
606 1519 739 1599 pondere
762 1518 884 1599 quidem
905 1517 1009 1580 multis
1031 1515 1135 1578 modis.

97 1609 132 1660 3⁰
218 1599 293 1691 (15)
316 1606 371 1670 list
388 1611 551 1670 etiamnum
568 1609 601 1670 in
618 1607 702 1670 ludia
719 1610 832 1690 piperis
850 1610 951 1690 grauis
969 1605 1069 1668 simile
1089 1603 1159 1688 quod
1171 1619 1189 1662 u

149 1704 273 1758 vocatur
302 1696 528 1780 carpophyllon,
557 1698 700 1778 grandius
730 1697 932 1779 fragiliusque.
982 1695 1159 1758 traductio

149 1785 250 1848 ludica
281 1785 343 1848 loto
375 1787 404 1848 id
436 1789 526 1868 gigni.
576 1787 731 1851 advehitur
764 1788 865 1850 odoris
896 1789 998 1867 gratia
1044 1787 1108 1848 sert
1135 1793 1160 1845 ct

149 1877 235 1956 spina
261 1877 374 1956 piperis
404 1875 627 1939 similitudinem
653 1880 814 1959 praecipua
846 1877 1057 1956 amaritudine,
1090 1875 1160 1936 loliis

149 1967 248 2045 parvis
266 1965 427 2048 densisque
450 1955 534 2048 cypri
556 1965 654 2050 modo,
675 1970 766 2030 ramis
783 1969 877 2030 trium
898 1965 1082 2048 cubitorum,
1104 1982 1160 2024 cor·

149 2055 208 2116 tice
231 2053 353 2137 pallido,
375 2055 475 2117 radice
498 2056 557 2118 lata
578 2055 751 2138 lignosaque
774 2055 865 2118 buxei
891 2055 1010 2117 coloris.
1056 2053 1113 2117 hac
1133 2056 1190 2114 inu

149 2161 225 2224 aqua
248 2162 317 2206 oum
347 2147 460 2208 semine
490 2153 611 2208 excocta
639 2148 671 2208 in
699 2151 792 2207 aereo.
818 2163 886 2206 vase
917 2143 1160 2206 medicamentum

96 2237 130 2288 81
149 2233 183 2294 flt
201 2233 280 2313 quod
298 2242 422 2296 vocatur
439 2235 544 2316 lyeion.
580 2255 616 2297 ca
634 2238 719 2317 spina
738 2244 769 2297 et
790 2237 823 2300 in
840 2233 922 2296 Pelio
946 2241 1047 2296 moute
1072 2235 1159 2294 nasci·

149 2327 199 2383 tur
222 2321 427 2404 adulteratque
450 2325 711 2408 medicamentum,
734 2327 808 2386 item
829 2322 982 2404 asphodeli
1003 2322 1090 2384 radix
1115 2329 1160 2383 aut

149 2410 189 2472 iel
207 2409 353 2473 bubulum
371 2420 423 2474 aut
440 2414 632 2496 apsinthium,
653 2415 700 2476 vel
717 2414 792 2476 rhus
814 2413 861 2475 vel
883 2431 1012 2476 amurca.
1049 2414 1159 2494 aptissi-

149 2517 232 2564 mum
261 2501 425 2564 medicinae
456 2503 535 2583 prod
571 2511 617 2565 est
651 2522 840 2589 spumosum„
886 2503 952 2564 ludi
982 2505 1016 2564 in
1044 2501 1186 2564 domasa

149 2590 331 2654 camelorum
358 2601 409 2654 aut
436 2592 660 2656 rhinocerotum
683 2593 717 2655 id
744 2595 876 2655 mittunt.
926 2593 1042 2672 spinam
1069 2593 1156 2674 ipsam

148 2681 180 2741 in
196 2679 326 2745 *Graecia
350 2681 469 2761 quidam
490 2683 709 2764 pyxacanthum
733 2683 907 2746 Chironium
928 2689 1043 2743 vocant.

220 2925 340 2982 llibras
359 2943 384 2982 c.
412 2927 782 2998 -aall.l※VIcooi.Dol.
810 2927 875 2983 XVI
891 2933 924 2982 s.
951 2927 991 2982 VI
1008 2926 1095 2982 Nlo.
1121 2925 1153 2980 lll

147 2995 191 3052 1³¹.
217 2998 251 3050 ui
268 3015 294 3052 a.
383 3005 399 3054 2
417 2999 490 3054 libra
507 3005 581 3056 ltad.
607 3001 611 3069 1
635 3000 727 3056 XXVI
744 3007 776 3055 tt.
867 3006 918 3056 er
937 2999 1045 3070 primus
1061 2999 1110 3056 ille
1126 3004 1153 3054 a

145 3139 146 3146 ἵ
220 3075 272 3124 'la
311 3070 406 3126 standi
429 3071 487 3127 Uri.
505 3074 580 3130 obad.
598 3089 627 3128 o.
646 3077 710 3130 214.
738 3072 788 3128 -da
805 3073 864 3127 110.
941 3078 974 3126 11
992 3073 1152 3142 grano-1³

148 3139 265 3197 similitu
285 3147 411 3198 000011.
485 3148 517 3198 11
532 3145 641 3200 musteo
656 3145 786 3200 edBarb.
814 3143 951 3200 -stheolt
978 3144 1089 3214 myrteo
1101 3141 1151 3198 edd.

147 3213 306 3270 castellaro.
334 3217 445 3270 murteo
453 3215 526 3271 Detl.
554 3217 601 3273 sed
618 3216 912 3285 010000100022.
985 3219 1019 3270 12
1038 3213 1088 3270 sed
1105 3228 1151 3283 epo.

146 3299 197 3340 000.
212 3286 269 3341 tto.
375 3292 407 3342 15
429 3287 524 3358 granis
541 3289 710 3344 1101010011.
743 3287 785 3342 ·ni
802 3289 842 3344 ed.
856 3285 932 3342 Vere.
959 3285 1011 3354 cfr.
1028 3300 1090 3342 eoo.
1107 3285 1151 3340 loe.

141 3360 231 3422 p.23.
340 3364 373 3414 lo
393 3359 596 3430 caryophyllon
614 3359 675 3415 siti.
690 3358 765 3430 (nt).
798 3357 974 3429 carophillon
990 3357 1038 3414 3¹.
1068 3357 1152 3428 gurio-

145 3426 342 3482 111000101οσ1.
370 3445 469 3498 garyo-
488 3432 554 3486 ded.
563 3431 632 3486 Bas.
706 3437 739 3486 11
756 3429 855 3486 'ludica
872 3430 932 3486 loto
947 3427 1150 3500 Oudendorpisa

147 3495 281 3564 adApul.
300 3503 360 3552 0001.
374 3503 479 3568 0380.
512 3517 558 3556 co
575 3503 636 3558 toto
654 3501 692 3557 di.
724 3518 770 3558 -co
787 3501 852 3558 loco
869 3501 939 3556 31³¹.
968 3502 1045 3559 -cato
1062 3517 1085 3557 r.
1112 3515 1149 3556 co

145 3561 210 3645 luco
227 3582 252 3619 c.
340 3572 373 3622 18
392 3571 473 3640 spina
490 3577 529 3626 Be
548 3572 579 3626 in
597 3572 679 3642 spine
695 3571 769 3644 n(?).
785 3573 828 3628 in
845 3573 934 3644 spinis
951 3589 995 3630 ra.
1021 3575 1027 3643 Ι
1048 3571 1148 3644 magni·

145 3631 241 3688 hudma
259 3640 291 3690 tt.
381 3645 414 3694 21
434 3643 549 3698 excocta
565 3642 656 3698 astu.
683 3644 734 3712 eft.
745 3645 843 3702 Dicae.
856 3648 878 3700 I
885 3649 951 3702 132.
979 3647 1095 3718 exceph
1110 3661 1148 3700 ro.

217 3707 251 3756 23
270 3708 420 3778 asphodyli
437 3717 472 3768 lt.
500 3712 612 3783 apodeli
631 3717 655 3768 d.
683 3715 847 3786 espodileno
864 3721 896 3772 B.
