2286 3938
201 229 281 276 mnu.
298 229 389 278 rmsu.
406 231 454 278 vr.
470 222 589 274 ao-m.
610 215 763 295 (ao-31.)
926 213 990 280 243

26 383 137 444 meridiem
150 401 181 444 ac
194 383 357 444 Seleuciam
373 386 447 463 petit
467 381 609 446 Mesenen
625 385 822 463 perfundens,
843 383 939 446 altero
954 385 990 446 ad

26 469 211 546 septemtrionem
232 467 327 528 demus
347 468 476 529 eiusdem
496 471 594 547 gentis
614 478 700 548 tergo
724 486 841 548 campos
859 467 990 530 Cauchas

25 561 93 628 secat,
113 552 154 611 ubi
173 570 343 612 remeavere
365 571 477 634 aquae,
492 553 644 632 Pasitigris
664 553 838 632 appellatus.
868 563 974 634 postca
990 561 1040 615 tao

24 637 96 714 recipit
111 654 143 694 err
156 635 250 696 Media
266 634 439 717 Choaspen,
462 647 567 719 atque,
582 648 613 698 ut
635 638 774 717 diximus,
791 641 869 700 iuter
886 638 1032 700 Seleu-m

7 723 70 778 roiam
85 728 110 779 et
123 718 339 800 Ctesiphontem
356 730 456 782 vectus
473 724 503 782 iu
523 722 622 783 laeuus
643 720 816 784 Chaldaicos
833 742 866 784 se
883 723 988 800 fundit,

23 821 100 882 eosque
116 803 189 865 thl
208 803 239 864 M
259 824 338 886 pass.
361 806 547 886 amplitudine
570 807 670 886 implet.
708 825 777 868 mox
795 817 878 868 vasto
900 808 987 868 alveo

23 889 120 966 prolusus
134 889 233 949 dextra
250 887 390 950 Characis
408 891 507 970 oppidi
524 892 648 952 iniertur
663 893 733 952 mari
748 891 869 954 Persico
886 891 914 954 X
927 893 986 951 mil.

22 989 118 1050 passuum
136 991 196 1035 ore.
235 973 316 1034 luter
338 975 459 1036 duorum
476 978 597 1036 amnium
618 978 692 1037 ostia
707 975 792 1038 XXV
807 976 837 1036 M
851 995 987 1055 passuum

22 1059 74 1116 luere
92 1065 148 1135 aut,
169 1067 199 1118 ut
220 1058 269 1118 alii
292 1058 421 1136 tradunt,
444 1058 499 1120 Vll
520 1059 566 1137 M,
588 1070 713 1140 utroque
735 1061 903 1139 navigabili.
934 1060 988 1121 sed

7 1138 78 1216 strigo
101 1150 226 1221 tempore
252 1141 422 1221 Euphraten
448 1145 637 1222 praeclusere
659 1145 784 1206 Orcheni
814 1155 844 1206 et
866 1145 987 1206 accolae

20 1241 75 1298 qros
88 1228 227 1304 rigantes,
252 1246 307 1288 mec
322 1229 377 1288 misi
392 1245 447 1306 per
464 1227 575 1306 Tigrim
589 1229 720 1290 delertur
735 1231 765 1289 im
779 1247 869 1290 mare.
905 1229 975 1290 Pro·
987 1234 1036 1287 131

21 1310 66 1366 rima
76 1308 145 1388 Tigri
157 1313 244 1388 regio
256 1310 456 1392 Parapotamia
471 1313 645 1393 appellatur.
674 1316 704 1374 in
719 1331 754 1374 ea
767 1313 873 1374 dietum
888 1322 934 1374 est
949 1313 986 1374 de
997 1336 1030 1370 ms

19 1389 108 1454 desere.
141 1395 280 1476 oppidum
302 1398 364 1456 eius
380 1393 520 1474 Dabitha,
544 1399 571 1458 ei
597 1399 725 1475 iungitur
742 1396 901 1458 Chalonitis
923 1416 987 1458 cum

19 1473 185 1556 Ctesiphonte,
202 1498 263 1540 nou
278 1480 412 1560 palmetis
424 1481 511 1541 modo
528 1501 629 1543 verum
645 1491 675 1542 et
691 1482 756 1543 olea
769 1484 920 1562 pomisque
936 1499 987 1542 no·

11 1557 59 1618 ¹bilis
70 1561 179 1642 aliisque
194 1564 336 1626 arbustis.
371 1565 406 1625 ad
423 1585 486 1625 earn
501 1568 640 1645 persenit
653 1567 764 1645 Zagrus
780 1585 862 1627 mous
879 1586 917 1627 ex
932 1567 987 1626 Ar-

18 1647 77 1704 neria
88 1648 158 1708 iuter
171 1647 277 1710 Medos
291 1649 519 1729 Adiabenosque
530 1653 653 1711 veniens
669 1669 756 1730 supra
767 1650 987 1711 Paraetacemeu

19 1727 153 1791 alersida.
194 1729 359 1793 Chalonitis
381 1735 465 1795 abest
492 1753 508 1794 a
530 1734 652 1796 Perside
674 1733 856 1796 CCCLXXX
876 1734 906 1794 Μ
920 1752 986 1814 pas·

19 1827 73 1871 suum.
101 1823 205 1876 tantum
228 1835 246 1877 a
267 1815 375 1897 Caspio
397 1820 467 1879 mari
489 1827 519 1880 et
540 1837 557 1880 a
578 1821 662 1897 Syria
686 1819 793 1880 abesse
820 1819 985 1898 compendio

19 1894 90 1958 limeris
105 1899 188 1980 aliqui
202 1901 328 1963 tradunt.
353 1901 434 1964 luter
448 1903 500 1964 has
513 1913 621 1981 ,gemes
637 1914 723 1983 atque
736 1903 877 1966 Mesenen
889 1902 975 1964 Sitta-
987 1907 1037 1962 132

12 1993 127 2057 deusest,
145 1986 248 2046 eadem
264 1986 408 2048 Arbelitis
424 1996 454 2048 et
468 1986 635 2049 Palaestine
652 1989 739 2050 dicta.
769 1989 905 2069 oppidum
922 1989 985 2048 elus

19 2061 87 2126 littace
101 2067 276 2130 Graecorum
292 2071 327 2131 ab
345 2080 427 2148 ortu,
447 2079 477 2132 et
493 2072 637 2150 Sabdata,
652 2074 688 2134 ab
702 2090 807 2134 occasu
818 2081 913 2134 autem
927 2073 986 2132 An-

18 2147 85 2212 tiochia
95 2153 234 2214 interduo
247 2153 362 2215 humina
374 2155 483 2233 Tigrim
496 2156 741 2218 etTormadotum.
765 2159 833 2220 item
844 2157 985 2236 Apamea,

17 2235 135 2296 trinomen
148 2238 315 2298 Antiochus
331 2243 431 2300 matris
448 2259 518 2302 suae
534 2243 678 2320 imposuit,
702 2241 800 2320 Tigris
817 2243 985 2302 circumluu-

17 2311 68 2374 dtrr.
89 2319 155 2382 haec
166 2323 307 2383 dividitur
319 2323 448 2386 Archoo.
478 2324 556 2386 lmlra
569 2335 615 2385 est
627 2327 765 2404 Susiane,
780 2329 809 2386 im
821 2344 877 2404 qua
888 2335 973 2387 vetus
987 2330 1035 2382 131

17 2403 228 2475 ome-Persarum
246 2406 319 2468 Susa
342 2426 358 2468 1
380 2407 470 2469 Dario
492 2408 647 2489 Hystaspis
667 2411 727 2472 lilio
747 2411 870 2471 condita.
901 2410 987 2470 abest

17 2483 144 2550 tSeleueia
164 2491 328 2568 babylonia
354 2490 475 2553 CCCCL
499 2493 557 2552 mil.
581 2512 733 2573 passuum,
758 2494 923 2556 tantundem
948 2494 985 2554 ab

17 2561 127 2633 lehatauis
147 2574 301 2636 Medorum
322 2593 376 2654 per
392 2586 519 2637 montem
540 2575 722 2639 Carbantum.
754 2579 787 2638 lm
808 2580 986 2658 septemtrio·

18 2649 49 2708 maii
58 2653 136 2734 Tigris
148 2661 236 2720 alveo
249 2661 385 2739 oppidum
398 2670 444 2722 est
456 2661 601 2722 habitace.
628 2664 713 2724 abest
725 2682 740 2724 u
752 2663 835 2723 Susis
849 2659 986 2723 CXXXV

18 2727 154 2826 lpassuum.
189 2745 236 2805 lbi
254 2745 416 2806 mortalium
438 2747 511 2807 solis
526 2764 625 2807 aurum
646 2749 676 2807 in
698 2747 776 2809 odio.
812 2745 985 2806 contrahunt

19 2817 243 2907 dietedr'umque,
260 2848 297 2889 me
314 2832 359 2889 cui
375 2832 413 2890 sit
425 2832 453 2890 im
469 2849 533 2892 usu.
564 2830 694 2892 Susianis
710 2832 903 2892 adorientem
920 2847 986 2890 ver·

19 2907 190 2987 uiumgmmmr
208 2912 275 2973 Oxii
293 2913 424 2975 latrones
448 2925 477 2975 et
494 2913 671 2976 Mizaeorum
687 2916 737 2978 XL
754 2915 855 2996 populi
871 2915 985 2978 liberae

19 2983 109 3056 irritatis.
141 2997 236 3077 Supra
257 3015 311 3059 eos
334 3009 437 3076 parent
458 2999 573 3060 Parthis
593 2999 686 3061 Mardi
709 3011 740 3063 et
761 2999 859 3060 Saitae
880 3002 900 3059 ii
925 3001 973 3077 qui
986 3003 1037 3056 134

19 3078 196 3142 merendumrmr
211 3100 301 3161 supra
313 3081 480 3159 Elymaida,
497 3103 580 3162 quarn
593 3084 705 3145 Persidi
722 3087 751 3145 im
764 3103 815 3145 ora
830 3087 984 3145 iunximus.

19 3149 64 3216 lum
74 3180 87 3220 a
99 3162 214 3226 Persico
229 3169 301 3227 mari
318 3167 423 3227 absunt
435 3165 505 3228 CCL
517 3167 575 3228 mil.
591 3187 735 3248 passurum.
766 3167 830 3241 Qua
845 3171 934 3231 subiit
948 3168 984 3230 ad
994 3179 1025 3214 ¹¹¹

19 3245 153 3308 ermetessts
173 3251 335 3311 Alexandri
357 3249 512 3330 Pasitigri,
533 3253 613 3312 vicus
636 3253 671 3313 ad
693 3254 784 3314 lacum
800 3252 983 3314 Chaldaicum

20 3335 100 3388 1111111
112 3331 201 3411 Aple,
224 3336 300 3396 uude
319 3335 392 3395 Susa
414 3337 600 3413 navigatione
617 3337 667 3398 LX
688 3337 762 3397 MD
783 3356 918 3424 passuum
934 3337 984 3396 ab·

21 3419 66 3466 1111.
88 3414 205 3478 Susianis
225 3420 259 3479 ab
278 3423 393 3480 oriente
409 3423 533 3496 proximi
556 3431 622 3481 suat
638 3419 789 3499 Cossiaei,
807 3439 893 3499 supra
913 3417 983 3480 Cos-

21 3489 84 3555 mrem
96 3499 124 3560 ad
142 3505 374 3582 septentrionem
388 3501 592 3565 Massabatene
615 3505 667 3566 sub
689 3515 787 3652 mqqqtp
805 3503 983 3578 Cambalido,
