2572 3936
362 103 873 204 ΝΑΤζΗ1111111-1114-111
994 87 996 94 Ι
1063 133 1165 205 111ι

103 284 178 343 cere
206 280 297 342 ohlito
326 280 424 362 figlina
454 291 544 349 creta.
590 282 706 344 facilius
733 286 774 344 ita
801 285 1009 363 pinguescunt.
1054 283 1126 344 Per·

104 373 187 450 garni
210 371 347 432 omnihus
371 374 456 432 annis
480 371 682 451 spectaculum
710 371 854 451 gallorum
881 372 999 452 publice
1028 372 1127 434 editur

104 480 165 521 ceu
189 459 392 540 gladiatorum.
438 463 589 522 invenitur
618 463 648 520 in
679 461 869 522 annalibus
898 465 930 542 in
960 481 1030 541 agro
1061 461 1126 522 Ari-

104 551 239 610 minensi
260 549 297 610 M.
320 549 432 630 Lepido
457 549 609 621 11111111
633 569 692 610 eos.
716 553 747 610 in
770 551 837 610 villa
861 550 970 611 Galerii
992 551 1126 612 locutum

73 639 319 720 sgallinaoeum,
343 638 447 720 semel,
471 639 550 718 quod
574 641 713 719 equidem
736 642 835 700 sciam.

177 723 236 790 22.
257 721 330 810 (26)
354 727 409 788 Est
427 735 457 788 et
475 731 574 788 anseri
596 729 664 808 vigil
688 747 760 790 cura
784 728 926 810 Capitolio
950 737 1058 790 testata
1074 729 1125 790 de·
1145 729 1185 778 51·

105 818 203 899 senso,
226 835 281 896 per
303 817 334 876 id
352 825 470 896 tempus
494 836 601 878 canum
624 817 741 878 silentio
764 819 891 898 proditis
913 818 1014 900 rebus,
1038 837 1127 897 quam

106 906 147 966 oh
180 923 300 966 causam
332 905 442 966 cibaria
475 925 614 968 anserum
647 925 787 968 censores
819 911 850 968 in
882 910 987 988 primis
1018 907 1126 968 locant.

108 999 184 1075 quin
208 1003 238 1056 et
260 995 337 1056 fama
360 998 469 1058 amoris
487 996 573 1075 Aegii
595 997 702 1057 dilecta
725 997 820 1057 forma
837 1000 925 1076 pueri
943 999 1063 1057 nomine

61 1100 94 1140 10
110 1084 200 1146 Oleni
230 1093 260 1146 et
290 1084 415 1145 Glauces
444 1085 614 1146 Ptolemaeo
642 1089 706 1164 regi
734 1087 848 1146 cithara
875 1088 1009 1146 canentis
1038 1101 1127 1164 quam

109 1175 217 1236 eodem
239 1183 375 1254 tempore
400 1182 430 1234 et
457 1177 535 1235 aries
563 1193 676 1236 amasse
704 1176 851 1255 proditur.
896 1182 996 1255 potest
1023 1182 1054 1234 et
1082 1192 1125 1234 sa·

107 1265 239 1343 pientiae
269 1263 364 1323 videri
390 1263 560 1325 intellectus
588 1265 635 1325 his
664 1283 738 1326 esse.
784 1267 826 1325 ita
853 1282 953 1324 eomes
980 1271 1127 1343 perpetuo

110 1352 278 1413 adhaesisse
297 1351 405 1432 Lacydi
426 1353 603 1434 philosopho
628 1354 746 1436 dieitur,
769 1369 917 1432 nusquam
940 1352 976 1414 ab
999 1371 1044 1434 eo,
1068 1368 1128 1412 non

109 1443 141 1502 in
170 1441 305 1522 publico,
343 1459 403 1502 non
432 1444 464 1501 in
493 1441 634 1524 balineis,
667 1459 727 1502 non
762 1450 870 1525 noctu,
906 1460 966 1502 non
996 1441 1128 1502 interdiu

64 1543 94 1586 15
110 1531 272 1610 digressus,

167 1614 251 1702 (27)
279 1619 380 1680 Nostri
404 1622 600 1699 sapientiores
628 1623 680 1699 qui
703 1640 755 1682 eos
777 1623 886 1682 iecoris
914 1620 1047 1680 bonitate
1076 1634 1127 1678 uo·
1147 1618 1181 1668 52

109 1728 188 1770 vere.
217 1709 364 1770 fartilibus
378 1711 409 1769 in
424 1727 559 1788 magnam
578 1709 939 1791 amplitudinemeresoit,
959 1715 1129 1787 exemptum

92 1817 230 1878 ¹quoque
254 1798 330 1858 lacte
354 1798 451 1880 mulso
475 1806 608 1878 augetur.
637 1817 693 1859 nee
712 1801 776 1860 sine
796 1817 885 1859 causa
904 1801 936 1859 in
955 1799 1129 1876 quaestione

112 1896 159 1948 est
186 1890 253 1967 quis
280 1895 397 1948 tantum
424 1887 536 1948 bonum
563 1890 725 1969 invenerit,
753 1888 892 1968 Scipione
920 1885 1057 1946 Metellus
1084 1885 1130 1944 vir

70 1991 100 2030 20
115 1977 280 2038 consularis
304 1995 340 2036 an
354 1975 392 2036 M.
408 1976 495 2038 Seius
519 1977 623 2037 eadem
646 1984 742 2038 aetate
766 1995 860 2057 eques
874 1977 1034 2037 Romanus.
1068 1973 1130 2055 sed,

112 2065 192 2145 quod
221 2073 350 2146 constat,
378 2061 555 2126 Messalinus
584 2065 682 2148 Cotta,
714 2065 856 2127 Messalae
885 2065 1012 2125 oratoris
1042 2062 1130 2144 tilius,

110 2155 222 2234 palmas
245 2156 355 2234 pedum
378 2173 416 2214 ex
438 2155 485 2214 his
513 2163 631 2215 torrere
659 2163 748 2235 atque
777 2157 886 2236 patinis
915 2151 1129 2232 comgallina-

111 2261 234 2304 ceorum
257 2245 356 2303 cristis
380 2243 501 2303 condire
524 2245 647 2323 reperit.
682 2244 842 2305 *tribuetur
867 2246 946 2304 enim
969 2239 1130 2302 11111111-

112 2331 180 2390 linis
210 2333 355 2409 cuiusque
385 2331 481 2409 palma
513 2349 583 2392 oum
614 2333 680 2393 fide.
730 2335 841 2394 mirum
868 2335 899 2392 in
927 2332 983 2391 hac
1013 2330 1082 2390 alite
1113 2330 1182 2388 a53
1227 2380 1230 2384 .

69 2431 98 2472 25
112 2419 234 2479 Morinis
257 2437 352 2498 usque
376 2419 500 2480 Romam
527 2419 654 2498 pedihus
681 2424 791 2482 venire.
837 2422 909 2480 lessi
935 2413 1131 2498 proferuntur

113 2509 151 2568 ad
173 2510 295 2588 primos,
318 2509 359 2568 ita
382 2510 475 2568 ceteri
499 2511 657 2586 stipatione
680 2510 808 2569 naturali
830 2508 1003 2588 propellunt
1026 2525 1085 2568 eos

180 2596 380 2656 Candidorum
403 2595 529 2656 alterum
553 2596 678 2675 vectigal
701 2599 732 2656 ln
755 2597 864 2676 pluma.
892 2595 1044 2656 velluntur
1067 2597 1131 2674 qui.-

113 2686 238 2747 busdam
260 2685 334 2745 loeis
356 2683 402 2744 bis
426 2703 512 2746 anno.
540 2703 648 2746 rursus
670 2685 830 2765 plumigeri
852 2687 1030 2744 vestiuntur.
1059 2684 1131 2743 mol-

75 2845 77 2848 ,
113 2776 168 2834 lior
197 2791 272 2854 quae
304 2776 424 2854 corpori
450 2776 598 2856 proxima,
631 2782 661 2834 et
688 2793 704 2834 e
733 2774 889 2834 Germania
922 2773 1132 2834 laudatissima.

73 2877 101 2918 ³0
115 2864 230 2924 candidi
259 2863 317 2944 ihi,
349 2881 454 2923 verum
483 2865 615 2924 minores
622 2912 631 2944 ,
664 2870 768 2943 gantae
798 2869 952 2923 vocantur.
1001 2863 1132 2940 pretium
1151 2863 1186 2912 54
1280 2861 1281 2866 ’

114 2951 229 3032 plumae
254 2971 358 3012 eorum
386 2953 418 3011 in
445 2950 536 3012 libras
567 2952 681 3013 denarii
711 2953 803 3031 quini.
849 2959 880 3012 et
909 2951 977 3012 inde
1008 2951 1133 3010 crimina

81 3087 83 3090 .
116 3041 290 3120 plerumque
315 3040 493 3101 auxiliorum
515 3037 676 3120 praelectis
699 3061 716 3102 a
739 3040 819 3120 vigili
843 3043 971 3100 statione
995 3040 1031 3100 ad
1059 3039 1132 3098 haec

185 3271 200 3318 6
216 3265 258 3332 est
270 3264 409 3320 B²F²a²o
432 3282 482 3320 om.
497 3283 520 3320 r.
590 3271 605 3320 9
620 3266 697 3320 fama
711 3267 814 3320 amoris
828 3265 925 3320 We.
949 3280 1078 3319 -memo-
1093 3263 1132 3334 111

115 3335 195 3405 Aegii
213 3333 305 3390 Hand.
338 3338 413 3407 argis
430 3355 455 3392 r.
487 3338 538 3404 cfr.
552 3337 667 3391 Aeliani
684 3339 717 3392 de
734 3355 762 3394 rt.
782 3355 827 3392 aaa.
849 3341 876 3389 V
885 3342 933 3392 29.
967 3340 972 3402 Ι
1006 3337 1135 3390 lammam

114 3423 161 3476 epo
174 3405 313 3472 indictum
327 3409 429 3462 eccidit
442 3425 540 3463 nomen
549 3408 746 3478 Amphilochi.-
764 3410 814 3477 efr.
825 3409 884 3462 Ael.
901 3409 946 3462 11.
967 3407 1024 3462 Uel.
1040 3408 1133 3460 ceren.

111 3495 141 3548 p.
150 3482 213 3532 150.
273 3483 308 3531 20
323 3478 402 3532 Seius
419 3479 496 3534 Pint.
525 3479 628 3534 seseius
643 3481 671 3534 11.
731 3487 765 3532 22
779 3477 889 3550 pelm‘as
903 3478 1001 3533 reare.
1020 3476 1132 3548 macl

117 3552 221 3604 torrere
239 3547 377 3604 Billalo.
411 3551 523 3606 sorbere
542 3569 565 3606 r.
656 3557 689 3605 31
707 3551 807 3622 pluras
825 3551 868 3605 ΕΙ.
899 3568 943 3605 -ra
960 3554 1014 3604 1111.
1100 3554 1134 3602 32

6 3693 7 3698 Ἰ
117 3620 284 3676 auxiliorum
302 3621 408 3678 1²⁹Dot
438 3621 519 3677 lium
537 3641 560 3678 r.
589 3622 711 3678 -liarium
732 3623 791 3678 edd.
812 3627 875 3678 onte
893 3623 959 3677 Dal.
