2392 3946
170 199 237 267 370
530 199 559 254 C.
578 197 678 257 PLINI
698 197 856 254 suenum

170 351 265 413 videri
293 349 361 431 plus
388 351 448 410 n'ni
477 348 588 411 bibisse
616 367 705 429 quam
732 349 901 411 valitudinis
930 367 1022 412 eausa
1052 352 1119 411 viro
1145 353 1179 411 in·

170 445 285 503 sciente
313 449 344 501 et
371 439 440 500 dote
467 438 611 500 multavit.
656 439 767 518 dinque
796 441 862 500 eius
889 441 933 500 rei
961 457 1072 519 magna
1100 445 1182 519 parsi·

116 537 149 587 91
169 533 268 592 monia
300 531 364 590 luit.
422 528 455 588 L.
485 528 623 608 Papirius
661 529 823 608 imperator
859 529 1004 590 adversus
1043 529 1182 590 Samnites

170 620 366 683 dimicaturus
394 626 496 679 votum
519 619 605 700 iecit,
636 619 662 678 si
692 619 826 698 vicisset,
858 617 919 678 lovi
949 617 1097 698 pocillum
1124 622 1182 679 vini

169 709 299 789 denique
322 711 402 768 inter
424 707 501 768 dona
525 708 670 768 sextarios
693 711 784 768 laetas
806 707 890 768 datos
913 709 1101 789 invenimus,
1123 727 1183 769 nns-

169 817 259 878 quant
280 799 350 859 vini.
395 797 475 859 idem
493 796 566 858 Cato
589 813 658 858 eum
681 797 712 857 in
731 796 903 878 Hispaniam
925 800 1092 878 navigaret,
1115 799 1185 858 unda

169 907 239 950 eum
257 885 410 966 triumpho
428 885 527 968 rediit,
550 904 610 947 non
629 885 707 946 aliud
725 888 829 947 vinum
846 885 922 946 bibit
940 904 1032 965 qnam
1052 892 1186 966 remittes,

169 980 200 1038 in
230 983 347 1038 tantum
376 973 528 1036 dissimilis
550 977 617 1037 istis
648 977 700 1054 qui
732 977 822 1036 etiam
854 977 987 1036 convivis
1016 975 1076 1036 alia
1106 995 1186 1056 quan

170 1065 290 1128 sibimet
312 1067 386 1146 ipsis
409 1067 579 1126 ministrant
601 1073 653 1126 aut
675 1065 856 1144 procedente
880 1083 984 1125 mensa
1006 1065 1170 1127 subiciunt

117 1161 152 1214 aa
239 1149 313 1238 (15)
336 1154 513 1216 Lantissima
533 1155 610 1234 apud
629 1156 745 1234 priseos
763 1157 831 1214 vina
850 1163 935 1216 erant
954 1171 1079 1216 murrae
1103 1155 1188 1216 odore

171 1246 298 1326 condita,
321 1253 354 1305 ut
377 1252 500 1324 apparet
521 1245 553 1304 in
576 1243 697 1306 Plauti
720 1241 819 1305 fabula
843 1261 918 1324 quae
936 1244 1031 1305 Persa
1055 1245 1188 1306 inscribi-

171 1345 230 1416 tur,
253 1351 431 1414 qumquam
449 1335 480 1394 in
500 1351 533 1394 ea
552 1341 584 1394 et
602 1333 748 1394 calamum
766 1333 834 1394 addi
856 1332 948 1395 iubet.
982 1334 1053 1394 ideo
1074 1335 1188 1415 qnidam

171 1425 325 1484 aromatite
349 1422 510 1484 delectatos
533 1425 659 1484 maxime
689 1423 824 1484 eredunt.
871 1423 923 1484 sed
946 1423 1083 1486 Fabius
1108 1424 1187 1484 llos·

172 1531 306 1574 sennua
329 1511 376 1572 bis
398 1511 535 1574 versibus
559 1512 708 1573 decernit:

288 1600 472 1662 biittebam
494 1604 615 1662 vinum
636 1600 841 1683 pulchrum,
863 1593 1079 1684 murrinam,

171 1699 202 1752 et
224 1694 255 1752 in
279 1691 497 1753 Acharistione:

291 1780 420 1841 Panem
444 1787 479 1840 et
501 1780 697 1862 polentam,
719 1783 840 1841 vinum
863 1783 1074 1842 murrinam.

118 1878 152 1927 93
172 1869 378 1938 Scaevolam
399 1887 517 1949 quoque
537 1877 567 1930 et
580 1869 612 1930 b.
626 1870 765 1931 Aelium
779 1877 809 1930 et
823 1870 964 1931 Ateium
983 1869 1183 1951 Capitonem

167 1961 202 2020 in
227 1959 329 2021 eadem
353 1962 500 2020 sententia
519 1961 612 2020 luisse
632 1959 728 2042 video,
752 1962 892 2040 quioniam
915 1962 945 2020 in
964 1959 1119 2021 Pseudolo
1137 1962 1179 2018 sit:

226 2049 326 2121 Quod
350 2050 381 2109 si
404 2067 494 2130 opus
517 2057 586 2129 ost,
609 2057 647 2109 ut
670 2049 774 2111 dulae
797 2055 938 2129 promat
961 2049 1130 2128 indidem,
1192 2049 1195 2110 l

421 2137 553 2218 eeqttid
577 2136 711 2200 babet?
735 2171 776 2182 -
799 2135 940 2217 Rogas?

225 2227 433 2308 Murrinam‚
456 2246 613 2309 passum,
636 2229 834 2309 defrutum,
857 2227 1034 2308 mella...,

172 2315 281 2395 quibus
304 2325 428 2395 apparet
450 2335 510 2378 non
532 2319 612 2378 inter
634 2320 702 2378 vina
725 2317 812 2378 niodo
836 2319 1015 2400 murrinam,
1041 2316 1095 2378 sed
1117 2319 1188 2378 ints.-

173 2403 269 2466 duleia
293 2423 412 2485 qnoque
437 2397 631 2468 nominatum.

119 2503 154 2555 94
244 2488 302 2558 14.
327 2488 401 2578 (16)
425 2495 591 2576 lpotbeeas
610 2497 704 2557 luisse
722 2503 753 2558 et
771 2494 898 2558 diffundi
917 2494 1003 2557 solita
1027 2499 1097 2558 vina
1118 2513 1190 2556 anno

245 2781 261 2831 5
281 2776 364 2830 laetis
382 2793 406 2830 υ.
430 2791 480 2831 om.
496 2776 524 2830 ll.
617 2779 633 2830 7
655 2773 752 2830 uinum
770 2775 844 2831 buit
861 2775 1069 2832 eodDolSell.
1098 2775 1174 2830 nium

171 2847 265 2916 inquit
284 2847 335 2915 (-id
353 2849 385 2915 n)
404 2847 477 2902 bibit
495 2845 579 2917 (uiuit
595 2848 622 2916 d)
641 2848 669 2903 ll.
696 2846 796 2916 inquit,
814 2847 911 2903 vinum
928 2847 988 2903 bibi
1005 2865 1031 2902 υ.
1049 2849 1054 2916 1
1072 2841 1192 2916 remigi?

172 2936 196 2973 n.
224 2919 275 2986 cfr.
285 2917 422 2973 Frmtiirai
434 2924 512 2973 strat.
528 2921 576 2970 IV
581 2923 608 2986 3,
617 2923 643 2973 1.
670 2935 797 2974 remeans
816 2919 844 2974 il.
949 2925 984 2974 10
1001 2935 1113 2974 murrae
1128 2917 1180 2970 Sa.

173 2991 223 3056 cfr.
238 2988 335 3060 §mm
367 2989 498 3058 myrrhae
517 2993 563 3045 do.
593 3005 674 3060 myra
692 2997 723 3045 lt.
758 2990 831 3046 miro
851 2987 1180 3047 aBarb.edd.Vere.Bn·

138 3115 144 3128 ,
174 3066 259 3116 1a.14
273 3059 426 3116 dossennus
440 3059 748 3132 D⁸dHard.(1inbtd.
759 3063 844 3131 libra).
863 3063 925 3118 dos·
936 3063 1065 3118 audeat.
1083 3075 1191 3122 annu-3

172 3131 299 3188 eadVere.
327 3131 480 3186 dorsennus
498 3132 534 3185 1³¹
544 3134 584 3188 ed.
594 3133 662 3188 Bas.
691 3131 857 3188 doseannius
875 3151 900 3188 a.
986 3139 1021 3188 15
1040 3131 1186 3188 munins:-

172 3203 435 3260 recedendum.
446 3203 508 3259 sut.
535 3221 585 3260 ·na
603 3223 627 3260 a.
655 3205 795 3260 murinam
813 3205 930 3261 ed.Boe.
957 3205 1123 3260 munbinan
1142 3217 1176 3254 er

172 3275 263 3344 Iaepd,
337 3279 370 3329 11
385 3273 483 3329 uinum
497 3291 542 3333 ao.
566 3276 659 3332 nisum
673 3281 725 3330 nd.
799 3279 833 3330 18
851 3273 1180 3333 bbeuumvasflnsi·

172 3346 206 3398 de
219 3345 298 3398 Aelio
312 3343 419 3400 Stilone
427 3351 514 3416 ij.
542 3347 659 3402 laelium
676 3349 767 3404 nedd.
778 3353 842 3404 ante
850 3347 929 3403 Brnt.
956 3348 1028 3403 lelisi
1046 3350 1103 3402 aad
1123 3345 1176 3394 A·-

171 3413 241 3468 lium
262 3415 427 3472 PintBrot.
499 3423 535 3471 20
554 3436 623 3490 opus
643 3419 698 3475 siet
715 3419 825 3476 nHard.
847 3422 852 3489 Ι
871 3422 1005 3490 promant
1021 3417 1173 3476 Reddam·

171 3485 239 3538 Bos.
264 3485 268 3549 Ι
289 3484 415 3540 indidem
432 3489 473 3542 ed.
483 3487 551 3542 Bas.
583 3489 659 3544 idem
677 3491 837 3547 decidente
845 3491 912 3548 Bas.
944 3491 974 3545 id
993 3493 1038 3546 est
1052 3507 1073 3546 r.
1143 3489 1171 3536 2:

170 3551 816 3688 instaretur-tanuen
947 3565 951 3631 ¹
966 3555 1168 3689 ureb

173 3667 419 3751 autumnas.
492 3671 527 3753 22'
545 3673 682 3768 pessumi
696 3709 746 3757 no.
834 3636 879 3703 rt
926 3649 977 3704 με
1029 3675 1035 3689 ’
1097 3671 1102 3682 ’
1135 3664 1151 3692 ⁹
