2286 3938
129 197 206 243 m
537 168 743 224 ramnusia

131 324 348 386 subtilissimae
367 323 443 382 artis
462 321 673 399 diplomaticae
692 323 724 380 et
742 320 868 379 eximiae
886 319 1015 378 dictionis
1027 318 1111 378 Plinia-

129 433 187 474 nae
206 413 349 472 scientiae
367 413 488 472 nomine
501 412 634 489 palmam
647 411 727 470 tulit.
756 409 910 468 Barbarus
927 409 958 467 in
974 409 1111 468 nominibus

129 503 261 581 propriis
285 503 484 578 omnibusque
510 501 548 560 iis
577 517 653 578 quae
680 499 719 559 ad
746 499 891 558 materiae
917 499 1071 558 accuratam
1090 501 1113 556 et

129 611 234 656 veram
256 593 469 652 tractationem
490 591 645 667 pertinent
667 591 808 649 sollerter
830 588 1011 665 corrigendis
1030 589 1113 647 innor-

130 683 205 741 talia
223 681 387 758 praestitit,
412 679 553 740 Gelenius
572 679 609 740 de
628 679 773 740 orationis
791 678 933 739 universo
951 678 1048 737 habitu
1066 695 1114 736 cun

129 771 188 830 fide
210 770 398 830 restituendo
421 769 545 830 mirifice
568 770 695 830 meritus
719 771 774 828 est.

196 860 282 918 Hanc
301 859 467 919 editionum
486 858 719 919 Gelenianarum
737 858 956 934 praestantiam
978 857 1014 916 ab
1034 873 1115 931 aequa

129 951 209 1009 libus
233 951 265 1008 et
287 967 305 1006 a
327 949 457 1024 posteris
481 949 585 1026 magni
607 948 800 1008 aestimatam
822 965 888 1008 esse
910 947 977 1024 quis
999 943 1114 1004 miretur?

130 1040 276 1115 quantum
305 1037 368 1097 illis
398 1038 589 1098 auctoritatis
615 1038 767 1098 tributum
797 1037 849 1111 sit,
879 1038 1042 1097 luculenter
1065 1033 1113 1094 inde

130 1130 266 1206 apparet,
290 1127 370 1203 quod
392 1127 531 1187 omnibus
555 1127 737 1212 editionibus
765 1127 859 1203 paulo
885 1125 1112 1202 splendidioribus,

130 1218 245 1277 Italicis
268 1236 386 1294 quoque
409 1221 441 1277 et
465 1216 602 1293 Gallicis,
631 1217 801 1278 ornamenti
828 1234 919 1275 cause
943 1213 1053 1275 Gelenii
1075 1207 1112 1272 ‘uu-

130 1300 312 1367 notationes'
336 1307 469 1367 adnexae
492 1309 572 1381 sunt,
594 1307 626 1366 in
648 1307 767 1380 multis,
796 1325 855 1382 quo
878 1305 975 1382 magle
1002 1321 1113 1364 commer-

131 1397 255 1456 deretur
287 1395 431 1456 orationis
470 1396 642 1470 sinceritas,
679 1398 797 1456 textum
831 1390 863 1455 ‘e
899 1392 1115 1470 castigationibus

132 1485 318 1562 sigismundi
333 1479 468 1544 Gelenii'
487 1492 688 1562 repurgatum
706 1485 842 1544 exhiberi
858 1485 924 1560 ipso
943 1484 1032 1544 titulo
1048 1481 1116 1540 decla

131 1579 233 1635 ratum
256 1578 315 1652 est,
344 1593 399 1634 nec
422 1576 583 1636 defuerunt
611 1575 704 1635 etiam
732 1575 851 1635 saecurlo
879 1574 1008 1650 septimo
1033 1571 1128 1630 decimo*

131 1665 163 1725 in
185 1665 294 1742 quibus
317 1683 356 1723 ne
377 1664 457 1724 falsa
479 1665 599 1740 quidem
623 1665 780 1741 inscriptio
803 1665 941 1724 haimim
963 1663 1058 1722 muudi
1075 1677 1119 1718 cor·

131 1758 215 1814 recta
237 1756 333 1831 esset,
358 1773 448 1831 quam
470 1754 522 1813 ille
545 1773 614 1813 cum
636 1755 763 1814 Erasmo
791 1757 823 1813 et
844 1752 942 1813 Beato
965 1753 1118 1812 Rhenanus

133 1843 267 1904 Caesarii
286 1844 418 1904 editione
433 1843 604 1904 Coloniensi
626 1843 802 1903 retinuerat.
829 1843 1009 1920 plusquam
1028 1844 1118 1900 centon

132 1952 238 2009 annos,
277 1952 458 2010 quamquam
489 1951 550 1993 non
581 1936 801 1993 consenuerunt
836 1933 960 1993 interim
996 1931 1118 1991 doctorum

131 2023 289 2082 hominum
306 2022 445 2082 Pliniana
464 2023 573 2101 studia,
591 2023 723 2083 editores
741 2023 834 2082 etiam
844 2023 874 2110 'ii
892 2023 945 2098 qui
962 2021 1116 2082 vetustorum

133 2112 270 2171 codicum
291 2112 441 2187 praesidio
465 2131 498 2172 se
520 2129 591 2172 usos
614 2129 680 2172 esse
708 2112 913 2186 affirmabant,
942 2111 1116 2170 orationema

28 2239 30 2242 -
135 2200 259 2261 Gelenio
282 2201 470 2277 recognitam
487 2219 582 2279 paene
604 2202 752 2262 intactam
774 2195 970 2277 reliquerunt.
1006 2193 1119 2270 namqui

125 2290 295 2350 'editionem
326 2289 607 2367 Lugdunensem
639 2311 665 2350 a.
697 2293 782 2352 1553
814 2291 947 2367 primum
984 2285 1119 2349 adornant.

133 2381 261 2440 Ioannes
284 2379 427 2440 Nicolaus
451 2380 640 2441 Victorius
667 2381 765 2442 officio
794 2399 847 2440 suo
873 2380 920 2440 ita
945 2381 1060 2440 functum
1083 2377 1121 2446 et

133 2473 168 2530 ut
187 2488 257 2530 suas
276 2469 422 2547 quasdam
444 2473 476 2530 et
494 2470 629 2538 Pintiani
651 2471 837 2546 aliorumque
862 2463 1122 2530 ‘lucubratiunculas

133 2561 166 2619 in
188 2561 325 2638 margine
347 2553 541 2637 proponeret’
570 2563 601 2620 et
627 2559 659 2617 in
687 2560 829 2619 contextu
855 2579 892 2618 ne
919 2559 1121 2636 typothetarum

133 2651 251 2710 incuria
272 2653 449 2728 peccaretur
477 2653 609 2726 caveret,
638 2649 690 2708 sed
717 2649 794 2708 nihil
820 2647 884 2708 fere
911 2648 976 2724 ipse
1002 2641 1121 2706 mutaret:

134 2734 182 2800 ‘ea
206 2759 324 2818 semper
350 2739 568 2816 moderatione,
592 2737 702 2816 inquit,
731 2739 780 2798 nsi
803 2756 918 2816 sumus,
945 2740 982 2797 ut
1009 2755 1043 2796 ex
1065 2729 1122 2792 vul·

134 2833 224 2906 gata
245 2829 418 2901 lectione,
442 2848 518 2906 quae
536 2828 625 2889 hodie
647 2829 680 2888 in
697 2828 836 2888 manibus
855 2828 995 2888 versatur
1018 2823 1047 2902 [i
1064 2842 1083 2882 e.
1098 2835 1123 2878 ex

134 2921 221 2979 textu
250 2915 443 2996 Geleniano],
475 2919 551 2977 nihil
579 2921 693 2978 temere
723 2916 907 2978 voluerimus
935 2899 1123 2976 immuaun'

135 3027 226 3086 quam
249 3008 286 3067 ob
310 3027 375 3067 rem
399 3027 436 3068 ex
459 3007 588 3067 editione
610 3007 807 3084 Lugdunensi
829 2999 936 3088 (citavi
958 3009 1123 3065 autemeam

135 3118 212 3176 quae
230 3097 343 3175 prodiit
361 3117 387 3158 a
405 3089 506 3178 1563)
524 3116 674 3173 perpauca
692 3096 768 3156 mihi
786 3094 1041 3158 commemoranda
1056 3094 1121 3150 eraut

135 3191 167 3248 et
193 3207 231 3248 ne
261 3188 336 3248 hace
365 3188 486 3264 quidem
516 3186 616 3246 omnia
642 3187 682 3246 ad
704 3187 874 3252 Victorium
900 3183 1053 3246 referenda
1075 3193 1124 3238 osse

133 3280 241 3356 postea
263 3269 435 3358 cognovi*).
471 3294 526 3336 neo
548 3277 679 3335 multum
701 3276 803 3336 differt
825 3277 981 3336 contextus
1003 3267 1123 3332 elacobo

208 3505 233 3573 ²⁸)
261 3503 313 3558 His
338 3500 408 3572 ipsis
434 3500 545 3566 diebus,
573 3501 674 3570 quibus
699 3501 771 3556 haee
796 3499 964 3568 scribebam,
991 3497 1122 3570 opportuna

136 3576 277 3646 emptione
291 3587 455 3644 comparare
473 3573 544 3626 mihi
556 3572 639 3628 licuit
655 3571 808 3628 editionem
821 3573 1008 3628 Basileensem
1025 3587 1047 3624 a.
1061 3567 1121 3620 leel.

175 3663 216 3716 ae,
237 3664 300 3701 cum
318 3645 418 3701 eodem
436 3661 509 3699 anno
529 3643 661 3700 Gelenius
680 3645 789 3713 obierit,
807 3645 938 3700 ultimam
955 3644 1013 3700 eius
1029 3651 1121 3696 manum
