2340 3934
172 191 236 254 114
518 188 547 245 C.
566 187 666 244 PLINI
686 187 843 244 SECUNDI

170 358 278 401 norum
301 339 504 420 multitudine,
533 347 567 399 ut
589 337 688 418 Magni
710 338 868 399 Alexandri
897 337 998 398 classis
1020 337 1097 398 baud
1119 339 1163 398 alio

170 429 257 490 modo
282 448 370 508 quam
392 429 524 490 hostium
542 430 605 489 acie
624 427 709 488 obvia
732 429 917 488 contrarium
934 445 1040 506 agmen
1062 427 1165 488 adversa

170 520 269 580 fronte
292 519 444 578 direxerit.
490 517 576 578 aliter
601 514 740 597 [sparsis]
769 535 829 578 non
858 524 922 578 erat
944 515 1079 577 evadere.
1119 535 1165 577 non

170 627 252 690 voce,
275 626 335 668 non
350 609 459 688 sonitu,
482 624 542 667 non
561 607 688 688 fragore,
712 605 764 668 sed
787 609 849 667 ictu
872 613 1027 668 terrentur
1049 623 1103 666 nec
1122 609 1166 666 nisi

136 709 152 757 a
171 700 257 758 ruina
279 694 448 758 turbantur.
481 694 592 756 Gadara
611 695 774 776 appellatur
790 693 886 756 Rubri
904 697 995 756 maris
1013 695 1163 776 paeninsd

171 789 286 865 ingens.
332 785 433 846 huius·
449 785 568 846 obiectu
596 793 696 845 vastus
724 785 853 845 efficitur
881 787 964 846 sinus
991 799 1046 846 ΧΠ
1073 783 1156 844 diere

125 935 128 942 ,
171 884 202 935 et
233 877 367 934 noctium
400 876 525 954 remigio
557 876 728 953 enavigatus
757 873 926 935 Ptolemaeo
959 876 1039 956 regi,
1072 875 1154 953 quand

171 962 281 1024 nullius
305 981 394 1024 aurae
419 965 525 1044 recipit
548 963 688 1024 alilatum.
725 963 814 1024 huius
832 963 890 1024 loci
908 965 1010 1042 quiete
1029 965 1164 1043 praecipu·

171 1053 207 1114 ad
230 1052 402 1114 inmobilem
424 1051 659 1132 magnitudinem
681 1051 786 1113 beluae
810 1052 993 1114 adolescunt.
1041 1052 1158 1114 Gedroso

137 1155 151 1202 7
171 1145 222 1220 qui
236 1142 356 1204 Arabim
374 1161 491 1202 amnem
511 1141 649 1203 accolunt
671 1141 864 1202 Alexandri
882 1141 1000 1221 Magni
1019 1142 1166 1202 classim

170 1232 348 1310 praelecti
370 1231 568 1312 prodiderunt
590 1233 621 1291 in
636 1230 773 1292 domibus
791 1232 873 1292 sores
890 1231 1020 1293 maxillis
1034 1231 1163 1293 beluanu

171 1321 277 1402 lacere,
301 1320 419 1381 ossibus
442 1327 521 1382 tecta
544 1323 727 1404 contignare,
752 1339 788 1380 ex
812 1320 921 1400 quibus
943 1321 1042 1383 multa
1066 1321 1161 1402 quadra

170 1429 280 1489 genum
308 1409 478 1470 cubitorum
504 1409 698 1488 longitudinis
722 1417 850 1490 reperta.
896 1418 1009 1472 exeunt
1035 1419 1067 1472 et
1088 1428 1165 1491 pero

171 1499 282 1560 similes
309 1499 413 1560 beluae
441 1498 483 1558 ibi
510 1501 541 1558 in
570 1507 682 1560 terram
708 1492 868 1580 pastaeque
896 1499 1018 1560 radices
1048 1501 1132 1562 srutic
1155 1524 1167 1553 ιι

170 1596 313 1670 remeant,
336 1597 366 1648 et
389 1587 533 1666 quaedam
556 1606 716 1670 equorum,
739 1591 905 1671 asinorum,
928 1597 1091 1652 taurorum
1113 1591 1164 1669 capi

170 1677 257 1738 tibus
274 1696 350 1757 quae
373 1677 574 1756 depascuntur
598 1685 668 1738 sata.
1043 1747 1048 1752 .

136 1779 153 1826 8
239 1761 273 1830 4.
299 1760 350 1849 (3)
373 1765 532 1828 Maximum
546 1766 654 1827 animal
676 1769 707 1827 in
722 1766 823 1827 lndico
846 1770 921 1828 mari
942 1771 1055 1848 pristis
1079 1777 1108 1829 et
1127 1765 1164 1828 bd

163 1855 254 1917 laena
277 1864 336 1938 est,
365 1858 397 1916 in
424 1854 534 1916 Gallico
561 1873 672 1916 oceano
700 1855 841 1935 physeter
872 1859 1002 1936 ingentis
1035 1859 1167 1920 columna

170 1945 258 2006 modo
282 1963 313 2006 se
328 1945 466 2006 attollens
480 1945 626 2024 altiorque
649 1947 769 2005 navium
786 1944 859 2006 velis
879 1945 1023 2008 diluviem
1044 1946 1136 2028 quand
1157 1972 1167 1997 ιι

172 2041 325 2116 eructans,
348 2037 379 2095 in
403 2033 545 2096 Gaditano
569 2052 680 2096 oceano
704 2032 793 2094 arbor
820 2027 991 2097 intantum
1015 2039 1110 2098 vastis
1134 2066 1159 2091 ιι

175 2141 266 2202 pansa
289 2125 379 2183 ramis
402 2132 436 2184 ut
458 2135 547 2184 exea
561 2141 649 2184 causa
667 2124 778 2184 fretum
792 2142 955 2204 numquam
972 2127 1105 2188 intrasse
1127 2143 1168 2190 erc

175 2211 271 2272 datur.
308 2220 451 2292 apparent
470 2220 500 2276 et
522 2217 605 2274 rotae
624 2213 785 2293 appellatae
808 2231 825 2272 a
843 2214 1052 2298 similitudine,
1077 2225 1155 2296 quate

173 2302 221 2364 nis
235 2299 391 2364 distinctae
405 2301 505 2383 radiis,
523 2301 667 2363 modiolos
682 2320 785 2363 earum
799 2302 894 2364 oculis
904 2303 1025 2365 duobus
1040 2309 1164 2382 utrimqn

172 2388 388 2454 claudentibus.

135 2491 151 2539 9
238 2473 271 2542 b.
296 2473 348 2562 (4)
372 2478 491 2540 'liberio
506 2481 634 2560 principi
648 2483 796 2542 nuntiavit
810 2480 1072 2562 olisiponensium
1085 2483 1161 2562 lega'

170 2568 208 2629 ob
230 2569 262 2630 id
288 2571 378 2632 missa
401 2571 497 2630 visum
520 2569 714 2648 auditumque
742 2572 773 2631 in
801 2571 929 2650 quodam
952 2590 1050 2652 specu
1080 2571 1163 2633 conob

170 2667 326 2723 canentem
341 2658 495 2720 Tritonem
518 2677 576 2738 qua
598 2661 734 2720 noscitur
753 2659 855 2720 forma.
893 2669 923 2722 et
936 2660 1106 2733 Nereidum
1119 2661 1151 2722 ial

170 2767 229 2808 non
253 2755 312 2830 est,
336 2751 466 2828 squamis
489 2749 577 2810 modo
600 2747 717 2828 hispido
741 2767 866 2829 corpore
890 2753 978 2812 etiam
1001 2752 1154 2831 qualum

171 2855 238 2898 nam
260 2838 387 2917 effigiem
411 2837 529 2900 babent.
566 2855 693 2917 namque
717 2837 790 2899 haec
812 2840 844 2898 iu
866 2839 973 2901 eodem
996 2849 1132 2921 spectata
1152 2841 1159 2899 l

171 2933 235 2985 tore
260 2934 317 3008 est,
346 2928 431 2988 cuius
454 2929 608 2988 morientis
632 2928 722 2988 etiam
749 2929 902 3008 gannitum
925 2931 1045 2992 tristem
1071 2929 1147 2992 accol

169 3013 307 3076 audivere
330 3014 426 3096 longe.
464 3025 494 3078 et
516 3016 583 3077 divo
597 3017 732 3097 Augusto
750 3017 866 3096 legatus
882 3017 990 3080 Galliae
1014 3021 1165 3100 complura

118 3120 153 3167 10
172 3103 203 3164 in
229 3102 316 3164 litore
345 3123 488 3184 apparere
516 3108 666 3167 exanimes
693 3105 836 3168 Nereidas
863 3109 991 3188 scripsit
1049 3119 1164 3170 auclore

169 3191 263 3253 babeo
287 3195 318 3254 in
342 3197 474 3272 equestri
502 3195 605 3256 ordine
634 3195 825 3276 splendentes
848 3199 943 3259 visum
967 3197 1003 3258 ab
1026 3196 1080 3260 bis
1104 3197 1165 3259 tart

240 3405 256 3452 3
275 3415 361 3454 uncos
379 3415 425 3468 eqo
439 3400 539 3468 posu&
556 3406 595 3455 est
611 3403 743 3470 glossema
760 3407 834 3460 nocio
852 3405 942 3461 aliter.
1013 3412 1031 3460 t
1050 3423 1112 3464 non
1129 3405 1137 3458 i

170 3469 219 3522 sed
236 3467 349 3539 fregore
368 3470 425 3523 llo.
445 3469 528 3524 cerba
544 3486 592 3540 epo
609 3477 777 3542 transposui.
851 3477 992 3548 Srecepit
1008 3495 1032 3531 ι
1071 3479 1076 3546 Ι
1110 3475 1166 3530 affin

167 3540 230 3592 tum
244 3538 306 3619 p‘ra.
326 3539 424 3592 flatum
441 3555 464 3592 r.
504 3541 508 3608 Ι
548 3543 698 3614 praecipue
716 3549 767 3604 Ed.
793 3565 877 3618 -puae
894 3553 951 3602 Μ.
982 3563 1051 3620 -pma
1071 3566 1097 3602 ι

171 3613 203 3660 17
222 3609 322 3678 pistrix
339 3609 383 3664 12².
493 3615 527 3664 24
545 3611 698 3670 distinctae
713 3616 768 3673 hae
786 3618 858 3675 Dect
972 3625 1006 3673 30
1023 3619 1151 3678 habeta

169 3681 201 3728 31
222 3679 368 3744 gannitum
385 3684 417 3733 li.
446 3683 522 3735 canl·
541 3701 565 3737 s.
590 3685 676 3740 canit-
695 3704 718 3742 r.
792 3695 827 3744 34
844 3689 874 3744 in
892 3689 1028 3746 Gaditano
1047 3693 1097 3744 ric.
