2572 3936
319 142 322 148 ¹
340 141 425 196 nnn.
443 141 536 198 Hisn.
555 141 596 196 ix
613 145 718 198 co-sr
739 142 865 212 (ro-n)
1052 141 1113 207 151

93 293 225 373 piscium
242 293 275 352 in
292 292 368 352 mari
385 289 525 352 noctibus
543 291 685 356 infestare
705 292 900 355 existimatur.
937 290 1116 370 quibusdam
1211 323 1221 344 ο

95 399 169 442 vero
191 382 264 461 ipsis
287 383 494 462 innascuntur,
517 398 576 459 qno
599 382 631 442 in
654 398 780 442 numero
804 379 914 442 chalcis
938 381 1092 460 accipitur.

165 463 223 532 48.
248 463 323 552 (72)
355 469 417 530 Noc
439 488 554 538 venena
576 477 696 543 cessant
717 469 796 551 dira,
818 477 853 532 ut
875 471 907 532 in
929 469 1031 548 lepore
1054 472 1107 549 qui
1117 477 1169 527 155

97 561 131 620 in
153 557 256 620 Indico
279 561 355 624 mari
381 561 472 622 etiam
498 567 581 622 tactu
607 559 751 640 pestilens
773 561 919 624 vomitum
946 558 1115 626 dissolutio-

65 644 227 727 ⁵nemqne
251 647 396 710 stomachi
423 651 560 728 protinus
584 656 679 731 creat,
709 650 740 710 in
768 656 872 710 nostro
899 648 957 710 offa
979 647 1116 710 informis

96 737 198 798 colore
225 745 343 799 tantum
369 737 466 817 lepori
492 737 610 821 similis,
640 736 777 800 inludis
804 745 837 798 et
858 737 1062 816 magnitudine
1086 745 1116 797 et

95 825 167 907 pilo,
190 826 312 890 duriore
335 833 460 892 tantum.
494 845 551 888 nec
573 829 658 889 virus
680 825 723 888 ibi
745 829 870 906 capilur.
907 844 1002 906 aeqrre
1025 828 1116 906 pesti·

96 915 197 976 lerum
219 914 327 976 aninad
350 933 480 978 manens
498 918 601 996 spinae
619 919 651 978 in
670 916 759 977 dorso
778 915 882 978 aculeo
900 917 1016 978 noxius.
1054 914 1107 974 sed
1127 949 1129 952 -

96 1003 214 1066 nullum
236 1023 365 1084 usquam
386 1005 601 1076 exsecrabilius
628 1023 718 1085 quam
744 1005 846 1066 radius
873 1021 965 1084 super
993 1003 1117 1065 caudam

54 1106 83 1146 10
97 1095 234 1154 eminens
252 1096 395 1176 trygonis,
414 1113 502 1174 pam
521 1097 618 1158 nostri
635 1095 818 1175 pastinacam
836 1092 993 1174 appellant,
1012 1094 1115 1172 quinc-

96 1181 208 1244 unciali
234 1181 448 1262 magnitudine.
495 1183 618 1246 arhores
645 1183 754 1250 infixus
782 1183 875 1246 radici
901 1189 1001 1263 necat,
1036 1199 1117 1245 arma

97 1279 132 1332 nt
155 1271 249 1340 telum
270 1273 404 1352 perforat
427 1275 455 1333 vi
478 1273 553 1334 ferri
576 1281 606 1334 ct
628 1274 736 1334 veneni
758 1271 843 1338 mdo.

165 1353 224 1428 49.
248 1355 323 1444 (73)
346 1361 467 1425 Morbos
490 1363 630 1424 universa
652 1379 763 1441 genera
784 1362 922 1441 piscium,
950 1367 985 1422 ut
1008 1366 1108 1420 cetera
1118 1375 1169 1426 156

98 1449 236 1518 animalia
258 1453 348 1514 etiam
370 1451 443 1532 lere,
465 1470 527 1512 non
545 1453 708 1531 accipimus
727 1452 849 1517 sentire.
886 1466 992 1510 verum
1014 1465 1116 1527 aegro·

57 1549 84 1589 1⁵
98 1545 163 1600 tare
187 1539 321 1618 singulos
343 1541 534 1602 manifestum
556 1541 628 1602 iacit
650 1539 819 1619 aliquorum
842 1540 966 1620 macies,
993 1555 1064 1598 cum
1086 1539 1117 1596 in

99 1627 206 1692 eodem
227 1647 338 1708 genere
361 1631 560 1708 praepingues
584 1629 633 1690 alii
656 1631 818 1710 capiantur.

167 1711 227 1784 50.
251 1711 326 1800 (74)
350 1717 487 1789 Quonam
509 1717 597 1780 modo
620 1726 778 1802 generent,
801 1716 983 1778 desiderium
1006 1723 1037 1775 et
1060 1714 1170 1775 ad-157

99 1807 217 1866 mnatio
240 1805 395 1876 hominum
418 1808 532 1872 dillerri
555 1825 615 1871 non
638 1809 758 1886 patitur.
799 1803 910 1886 pisces‘
920 1806 1026 1866 attritu
1048 1821 1117 1864 ven·

99 1895 191 1956 trium
215 1903 326 1956 coeunt
348 1903 430 1956 tanta
453 1895 605 1958 celeritate
628 1903 663 1958 ut
683 1897 780 1958 visum
799 1894 910 1973 fallant,
928 1892 1066 1972 delphini
1089 1899 1119 1952 et

59 1993 87 2034 2⁰
100 1982 216 2061 reliqua
239 1991 304 2046 cete
332 1983 422 2046 simili
444 1984 533 2048 modo
561 1993 592 2046 et
615 1983 703 2064 paulo
727 1984 849 2046 diutius.
895 1983 1005 2048 femina
1026 1982 1118 2062 piscis

99 2073 197 2134 coitus
226 2079 361 2153 tempore
384 2092 498 2135 marem
525 2076 663 2153 sequitur
684 2081 821 2138 ventrem
843 2075 909 2134 eins
931 2078 1031 2132 rostro
1053 2069 1117 2150 pul·

100 2178 181 2241 sans3
193 2161 252 2224 sub
266 2170 354 2242 partu
368 2181 466 2224 mares
480 2163 606 2224 feminas
621 2162 758 2230 similiter
772 2179 827 2222 ova
836 2167 991 2225 vescentes
1006 2176 1117 2220 earum.

100 2267 156 2310 nec
184 2253 256 2313 satis
285 2259 331 2312 est
361 2253 546 2330 generationi
569 2270 624 2332 per
652 2270 684 2313 se
712 2254 823 2332 coitus,
852 2251 911 2312 nisi
938 2249 1026 2310 editis
1055 2249 1117 2310 ovis

2 2395 3 2410 ,
99 2339 326 2409 interversando
349 2358 447 2402 mares
469 2341 557 2404 uitale
581 2341 785 2420 adsperserint
807 2342 898 2402 uirus.
939 2355 1000 2400 non
1023 2339 1116 2398 omni·

61 2435 87 2478 25
101 2425 157 2487 hus
181 2426 211 2488 id
234 2429 384 2507 contingit
403 2431 466 2492 ovis
489 2431 521 2490 in
543 2436 625 2490 tanta
647 2428 848 2490 multitudine.
889 2427 999 2506 alioqui
1021 2418 1117 2508 reple·

95 2522 208 2600 rentur
230 2518 323 2580 maria
349 2523 381 2578 et
403 2525 520 2598 stagna,
550 2535 620 2584 cum
647 2517 756 2596 singuli
783 2518 863 2578 uteri
889 2513 1117 2579 innumerabilia

102 2607 279 2686 concipiant.

170 2687 228 2757 51.
260 2693 393 2760 Piscium
416 2713 470 2756 ova
492 2695 523 2756 in
546 2696 622 2755 mari
644 2701 799 2774 crescunt,
826 2691 972 2771 quaedem
994 2708 1109 2752 summa
1121 2699 1172 2750 158

102 2783 268 2865 celeritate,
295 2792 330 2844 ut
352 2800 559 2864 murenarum,
589 2781 734 2862 qrraedam
755 2781 844 2861 paulo
871 2779 994 2842 tardius.
1039 2778 1119 2858 plani

63 2883 90 2924 ³⁰
103 2872 240 2956 piscium,
264 2871 373 2952 quibus
392 2871 484 2934 cauda
508 2891 568 2932 non
587 2880 634 2933 est
647 2920 655 2934 .
670 2919 677 2934 .
692 2919 721 2933 ..
745 2869 949 2951 aculeatnque,
973 2876 1003 2929 et
1025 2875 1118 2929 tostu-

173 3063 392 3120 2innascuntnr
409 3061 452 3116 1².
481 3078 571 3116 -aosc-
589 3077 612 3116 r.
686 3067 773 3115 inec
790 3065 822 3112 B.
841 3075 892 3114 om.
911 3075 933 3113 r.
955 3059 960 3126 Ι
980 3073 1068 3126 aeque
1087 3062 1118 3111 Β.

104 3136 189 3203 atque
208 3139 254 3189 od.
282 3134 374 3203 adque
393 3139 449 3187 illl.
540 3139 573 3189 ta
592 3132 666 3186 uili.
690 3133 763 3186 atr.
855 3135 888 3184 13
907 3127 1119 3200 iadea§156

102 3206 244 3274 poemat
261 3205 332 3272 folio
349 3205 407 3264 eod.
426 3211 464 3272 1t;
481 3205 585 3274 intepet·
602 3203 708 3262 domitta
726 3207 765 3258 est
782 3201 847 3258 iude
865 3219 884 3260 o
905 3203 933 3253 X
949 3200 970 3272 ὅ
987 3204 1049 3257 114.

104 3281 137 3333 23
156 3278 201 3332 est
217 3275 315 3336 We.
344 3278 373 3332 et
389 3293 413 3334 r.
508 3279 542 3333 25
561 3275 736 3344 replerentur
753 3271 851 3334 ridi.
879 3271 985 3328 -lentur
1002 3287 1025 3326 r.

13 3414 17 3417 p
104 3352 138 3404 30
156 3349 285 3408 lacunam
299 3363 346 3417 epo
358 3347 490 3409 iudicari.
513 3347 600 3408 mae
612 3346 722 3407 videtur
735 3359 829 3400 crassa
841 3345 883 3398 oel
895 3343 1018 3399 robusto.
1035 3343 1040 3410 l
1056 3357 1121 3398 acu·

104 3419 234 3488 maleque
253 3433 309 3488 epo.
346 3418 455 3487 otique
473 3419 501 3474 ll.
539 3417 620 3473 obest
642 3415 788 3485 aculeique
810 3432 835 3469 o.
868 3415 918 3483 cfr.
938 3414 1026 3470 Arist.
1048 3413 1074 3468 l.
1093 3431 1119 3468 o.

109 3492 137 3542 V
146 3494 209 3560 dp.
225 3489 333 3558 54013,
345 3495 390 3548 10.
422 3488 741 3558 Vrzop.56513,23.
774 3489 803 3540 V
812 3489 875 3556 31⁹·
890 3489 945 3542 540
958 3484 1001 3552 Α,
1015 3489 1059 3542 31.
1087 3485 1120 3542 de

96 3566 176 3631 ,aare
195 3578 241 3618 au.
261 3563 310 3615 IV
316 3566 353 3618 13
368 3578 398 3632 p.
413 3565 469 3616 695
482 3560 519 3627 B,
534 3565 596 3630 tuq.
624 3561 657 3615 de
677 3575 737 3630 peu.
756 3575 803 3617 eu,
828 3559 879 3610 III
892 3562 910 3613 5
928 3573 960 3626 p.
975 3559 1030 3612 756
1043 3555 1080 3624 Β,
1093 3561 1119 3612 1.

107 3633 111 3706 Ι
130 3635 160 3688 et
177 3633 227 3689 del.
245 3633 290 3688 13².
318 3635 351 3688 ut
368 3633 427 3690 edd.
446 3637 510 3688 oute
527 3631 619 3688 Hurd.
830 3663 833 3670 ·
