2308 3936
177 193 254 241 aar.
269 194 359 244 nasu.
376 193 412 242 11.
433 187 587 258 roa-,aon
603 187 785 257 (loc-111.)
940 182 1001 248 119

77 347 131 411 106.
144 345 242 429 (110.)
253 347 364 412 Verum
375 351 404 410 in
418 350 554 410 montium
566 351 711 412 miraculis
727 351 809 414 ardet
821 351 915 414 Aetna
931 372 980 414 no·
992 362 1045 416 236

31 433 98 494 etihus
112 453 228 514 semper,
248 443 390 514 tantoque
409 452 484 495 aeuo
499 436 609 513 ignium
622 438 743 498 materia
758 437 865 498 suflicit
871 481 881 516 ,
896 438 1000 499 nivalis

31 521 126 578 hibernis
145 518 325 598 temporibus
349 527 542 599 egestumque
566 523 694 582 cinerem
717 523 827 600 pruinis
849 523 999 601 operiens.

30 623 66 663 nec
81 603 124 664 illo
142 613 248 665 tanturn
270 612 371 678 natura
392 607 488 665 sacmt
504 607 687 667 exustionem
710 608 799 667 terris
817 606 1001 686 denuntians,

17 689 102 765 siagret
127 691 153 749 in
172 689 331 750 Phaselitis
356 707 439 750 mons
461 687 627 768 Chimaera,
657 699 687 752 et
714 691 829 769 quidem
855 691 999 753 inmortali

29 773 140 834 liebusac
153 774 289 834 noctibus
306 772 424 835 llamrna.
461 775 559 852 ignem
576 776 639 836 eius
661 775 779 836 accendi
799 795 888 856 aqua,
907 779 1001 838 extin-

28 861 58 934 gui
69 876 128 919 rero
142 869 220 919 terra
238 867 288 919 aut
303 859 390 920 faeno
404 855 522 920 cnidius
539 855 654 920 Ctesias
670 860 765 922 tradit.
789 861 891 922 eadem
905 863 934 922 in
946 861 1000 938 Ly-

27 941 208 1022 ciaHephaesti
243 951 359 1004 montes
381 941 464 1004 taeda
486 942 647 1006 flammante
668 946 737 1006 tanti
761 945 901 1024 llagrant,
925 947 1000 1007 adeo

27 1036 45 1084 ut
56 1027 148 1106 lapides
163 1046 283 1108 quoque
298 1028 427 1088 rivorum
441 1037 471 1088 et
485 1028 612 1090 harenae
627 1031 657 1089 in
677 1030 749 1109 ipsis
768 1031 850 1110 aquis
868 1032 999 1110 ardeant,

13 1111 133 1191 aliturque
147 1115 225 1191 ignis
242 1113 293 1174 ille
310 1111 425 1192 pluviis.
448 1112 553 1174 baculo
570 1115 594 1174 si
611 1116 676 1194 quis
691 1133 729 1176 ex
740 1114 786 1175 his
801 1133 926 1176 accenso
943 1125 1000 1177 tra·

25 1199 78 1256 uerit
90 1197 209 1277 sulcum,
227 1200 310 1259 rivos
325 1197 433 1276 ignium
449 1199 532 1276 sequi
548 1207 672 1260 narrant.
704 1198 807 1278 flagrat
823 1201 851 1260 in
865 1199 977 1260 Bactris
991 1208 1037 1261 23.

24 1279 132 1360 lophanti
147 1280 286 1342 noctibus
299 1287 416 1356 vertex,
433 1279 536 1358 flagrat
551 1283 580 1342 in
590 1280 685 1342 llledis
703 1291 732 1341 et
748 1283 776 1341 in
790 1280 884 1344 Cissia
898 1293 999 1362 gente,

24 1367 116 1428 eonhnio
127 1367 271 1444 Persidis,
288 1365 370 1428 Susis
386 1365 501 1444 quidem
516 1363 552 1425 ad
564 1364 677 1428 Turrim
694 1367 788 1430 albam
800 1367 856 1429 XV
871 1369 1001 1445 caminis,

22 1453 113 1512 nerino
128 1470 231 1512 eorum
248 1460 279 1512 et
297 1450 431 1512 interdiu.
458 1467 574 1530 campus
593 1450 744 1529 Babylone
761 1452 864 1531 flagrat
881 1453 1001 1533 quadam

12 1535 83 1595 ueluti
97 1539 204 1616 piscina
219 1538 316 1614 iugeri
330 1534 537 1613 magnitudine,
553 1534 731 1615 Aethiopum
739 1535 1001 1616 iuxtaHesperium

21 1629 113 1682 nentem
137 1621 290 1682 stellarum
320 1619 406 1682 modo
433 1621 524 1700 campi
557 1628 645 1680 noctu
670 1622 773 1681 nitent.
807 1621 941 1682 similiter
972 1623 1002 1682 ic

20 1703 304 1786 Megalopolitanorum
329 1723 412 1784 agro.
455 1722 519 1764 narn
547 1706 572 1765 si
601 1705 756 1766 intermisit
782 1705 833 1766 ille
858 1706 1001 1766 iucundus

19 1789 176 1872 lrondemque
192 1790 277 1852 densi
289 1807 377 1869 supra
393 1807 427 1850 se
443 1791 572 1850 nemoris
594 1806 653 1850 non
667 1791 792 1851 adurens
811 1799 842 1852 et
855 1791 934 1849 iuxta
949 1809 1001 1867 ge·

19 1871 78 1934 lidum
94 1878 205 1937 iontem
225 1893 344 1954 semper
365 1874 470 1935 ardens
486 1873 647 1954 Nymphaei
671 1884 784 1952 crater,
800 1875 861 1936 dira
876 1875 1000 1953 Apollo·

10 1959 77 2020 rriatis
86 1963 143 2024 suis
154 1960 320 2042 portendit,
328 1967 359 2020 ut
367 1958 575 2040 Theopompus
584 1957 709 2025 tradidit.
723 1969 848 2039 augetur
859 1959 999 2020 imbribus

19 2047 140 2126 egeritque
156 2047 289 2107 bitumen
309 2044 525 2124 temperandum
546 2044 630 2105 fonte
650 2045 701 2104 illo
720 2044 905 2124 ingustabili,
926 2045 999 2106 alias

18 2132 68 2189 euni
81 2131 220 2192 bitumine
236 2131 364 2194 dilutius.
400 2129 460 2190 Sed
478 2129 543 2208 quis
565 2127 638 2189 haec
654 2127 795 2190 miretur?
831 2131 861 2190 in
881 2129 976 2190 medio
992 2136 1045 2190 238

16 2217 61 2273 nari
75 2215 158 2278 Hiera
174 2216 271 2276 insula
286 2215 393 2276 Aeolia
412 2216 492 2274 iuxta
508 2213 619 2274 ltaliam
638 2231 700 2274 cum
716 2215 782 2293 ipso
802 2215 873 2274 mari
898 2231 1000 2275 arsere

17 2315 51 2374 per
63 2300 164 2380 aliquot
180 2301 247 2362 dies
264 2299 366 2361 sociali
383 2299 480 2377 hello,
498 2297 593 2360 donec
614 2299 724 2376 legatio
741 2307 878 2358 senatuus
897 2299 999 2377 piavit.

10 2387 109 2446 ¹alarimo
127 2395 226 2448 tamen
242 2385 326 2448 ardet
350 2384 486 2446 incendio
502 2382 604 2444 Theon
621 2383 742 2444 ochema
759 2382 864 2444 dictum
880 2383 1000 2444 Aethio·

15 2485 60 2542 pun
74 2473 179 2550 iugum,
197 2473 399 2550 torrentisque
414 2468 488 2530 solis
504 2468 657 2529 ardoribus
674 2467 800 2534 flammas
813 2470 919 2546 egerit.
942 2467 1000 2529 'lot

14 2549 74 2632 iocis,
88 2565 129 2616 tot
145 2555 293 2617 incendiis
311 2571 408 2616 rerum
425 2562 526 2614 natura
540 2561 634 2614 terras
651 2561 769 2614 cremat.

57 2639 119 2703 107.
133 2638 242 2721 (111.)
263 2639 423 2700 Praeterea
440 2656 503 2698 curn
521 2639 560 2698 sit
574 2637 658 2698 huius
675 2639 759 2698 unius
776 2637 913 2698 elementi
929 2655 974 2698 ra·
991 2641 1044 2698 231

14 2723 39 2780 tio
56 2725 189 2804 fecunda,
211 2743 305 2804 seque
326 2725 390 2803 ipsa
412 2724 506 2803 pariat
528 2731 558 2782 et
575 2723 698 2783 minimis
718 2731 832 2784 crescat
852 2721 999 2798 scintillis,

14 2809 58 2882 quid
70 2812 134 2872 iore
146 2809 293 2892 putandus
311 2810 401 2870 estin
416 2815 460 2868 tot
476 2808 557 2886 rogis
574 2803 693 2869 terrae?
733 2825 807 2886 quac
825 2815 870 2868 est
885 2805 934 2866 illa
950 2824 999 2866 na·

15 2899 54 2952 tura
67 2914 135 2974 quac
153 2896 350 2956 voracitatem
365 2895 394 2954 in
409 2901 473 2953 toto
489 2891 595 2952 mundo
611 2891 804 2953 avidissimam
818 2892 882 2952 sine
896 2890 999 2952 damno

14 2980 41 3035 rui
54 2978 159 3057 pascit?
194 2979 335 3040 addantur
351 2979 396 3039 his
413 2977 511 3038 sidera
525 2978 675 3037 innumera
691 2978 856 3056 ingensque
872 2976 936 3054 sol,
952 2977 1000 3038 ad·

13 3059 87 3125 dantur
100 3065 218 3126 humani
233 3067 319 3142 ignes
340 3072 370 3124 et
385 3062 511 3142 lapidum
523 3079 642 3141 quoque
653 3062 732 3121 insiti
744 3071 874 3140 naturae,
887 3063 1001 3122 attritu·
1049 3096 1051 3100 ·

12 3151 132 3222 quainter
147 3170 182 3212 se
199 3151 289 3228 ligni,
305 3149 359 3208 iam
374 3147 492 3208 nubium
507 3154 538 3207 et
555 3147 686 3224 origines
702 3146 856 3206 fulminum.
882 3147 1001 3208 excedit

12 3234 119 3306 proiecto
142 3233 284 3296 miracula
307 3234 400 3294 omnia
420 3232 509 3292 ullmn
527 3231 605 3290 diem
625 3231 717 3291 luisse
739 3249 796 3309 quo
820 3249 879 3292 non
898 3239 1000 3292 cuncta

11 3317 217 3398 conflagrarent,
244 3336 308 3380 cum
336 3317 456 3398 specula
481 3333 599 3395 quoque
625 3333 752 3376 concava
777 3315 901 3377 adversa
926 3315 998 3376 solis

12 3402 75 3462 radiis
90 3406 203 3466 lacilius
221 3405 310 3464 etiam
326 3401 485 3464 accendant
501 3418 586 3480 quam
601 3398 675 3460 ullius
692 3401 763 3462 alius
782 3401 867 3478 ignis.
902 3397 977 3470 Quid
991 3406 1044 3459 240

13 3487 66 3561 quod
88 3489 316 3552 innumerabiles
341 3489 424 3568 parri
449 3483 503 3549 sed
523 3483 670 3547 naturales
690 3482 824 3548 scatent?
861 3486 890 3546 in
912 3481 999 3562 Nym·
