2340 3934
160 135 204 200 54
232 111 235 116 ’
343 134 372 189 c.
391 135 491 188 eninr
510 133 585 189 suc.
603 133 688 188 unu.
707 134 799 188 rursu.
817 133 871 188 vu
889 139 923 189 so
943 135 996 204 (co)

160 303 254 356 annos
281 303 371 364 quam
400 303 470 346 cum
496 284 591 366 Pyrro
618 285 760 348 bellatum
787 292 833 344 esi
862 284 900 345 ad
926 283 1027 344 aedem
1051 283 1142 354 Quirini

159 374 191 436 L.
210 374 348 454 Papirius
367 373 489 457 Cursor,
511 393 581 436 cum
604 393 669 436 eam
686 375 838 436 dedicaret
859 393 875 433 a
893 381 977 454 patre
996 392 1046 434 suo
1062 381 1143 452 notan,

160 483 177 526 a
199 463 308 524 Fabio
331 461 470 526 Vestale
483 465 639 544 proditur.
681 465 735 526 sed
757 483 855 544 neque
879 464 950 524 lacti
971 462 1094 542 horologi
1112 482 1143 522 ra·

158 557 272 615 tionem
294 553 342 614 vel
359 555 505 614 artificem
526 555 673 634 significat
696 573 752 615 uec
770 555 850 615 unde
868 552 1041 614 translatum
1060 554 1094 613 sit
1110 563 1144 611 aui

106 652 160 700 214
169 645 247 724 apud
277 663 367 724 quem
399 645 545 723 scriptum
574 644 607 704 id
635 647 792 706 invenerit.
841 643 879 704 Μ.
909 641 1015 703 Varro
1044 644 1146 722 primunr

160 741 305 795 statutum
331 735 363 792 in
389 733 509 813 publico
537 735 703 796 secundum
729 733 838 812 Rostra
864 736 895 794 in
922 732 1058 794 columna
1080 731 1146 792 tradit

159 823 237 884 bello
256 822 370 883 Punico
391 825 488 902 primo
511 841 527 882 a
546 823 593 885 M'.
607 822 723 884 Valerio
741 823 866 884 Messala
888 841 948 884 cos.
968 821 1066 883 Catina
1085 829 1147 900 capta

159 913 191 972 in
214 911 323 993 Sicilia,
346 911 535 991 deportatum
557 913 626 973 inde
649 921 718 993 post
740 928 815 975 xxx
838 931 932 974 anuos
955 931 1044 991 quam
1064 913 1095 972 de
1111 911 1147 970 Pa-

157 1003 274 1080 piriano
297 1001 450 1080 horologio
474 1003 610 1085 traditur,
633 1022 710 1063 anuo
734 1003 819 1064 urbis
845 1013 1084 1064 ccccxxxxxi.
1109 1018 1147 1060 uer

159 1090 364 1170 congruebaut
381 1091 418 1151 ad
432 1091 521 1152 horas
540 1095 604 1154 eius
622 1092 719 1175 liniae,
741 1099 907 1173 paruerunt
925 1100 1028 1153 tamen
1045 1097 1073 1152 ei
1087 1091 1149 1150 annis

159 1180 369 1263 andecanim,
392 1181 487 1242 donec
507 1181 541 1253 Q.
555 1181 684 1243 Marcius
701 1182 856 1263 Phiiippus
877 1184 930 1262 qui
948 1201 1019 1244 cum
1036 1180 1067 1242 L.
1081 1179 1150 1241 Paulo

158 1269 215 1330 fuit
233 1287 341 1331 censor
354 1269 526 1349 diligentius
545 1271 716 1333 ordinatum
733 1273 816 1334 iuxta
829 1274 939 1354 posuit,
957 1271 1049 1350 idque
1066 1288 1150 1332 munus

105 1363 158 1412 215
168 1360 247 1420 inter
269 1362 406 1420 censoria
428 1379 519 1440 opera
540 1363 708 1441 gratissima
730 1369 887 1441 acceptum
909 1369 964 1422 est.
1017 1363 1151 1421 etiamnum

158 1457 256 1510 muron
289 1448 391 1510 nubilo
418 1451 550 1512 incertae
578 1451 662 1512 luere
691 1451 781 1513 horae
814 1469 911 1530 usque
942 1450 980 1510 ad
1009 1452 1152 1530 proximum

114 1615 117 1617 ,
157 1537 295 1599 lustrum.
334 1547 406 1599 tunc
430 1539 530 1620 Scipio
553 1539 659 1602 Nasica
682 1541 794 1621 collega
816 1539 940 1602 Laenati
960 1543 1077 1620 primus
1096 1555 1152 1616 aque

159 1628 257 1688 divisit
279 1627 367 1688 horas
391 1647 484 1708 aeque
508 1632 641 1691 noctium
663 1650 698 1691 ac
720 1631 851 1712 dierum,
874 1629 964 1708 idque
990 1629 1153 1708 horologium

158 1717 214 1778 sub
241 1725 321 1778 tecto
349 1717 457 1778 dicavit
483 1737 560 1779 anno
588 1719 673 1781 urbis
695 1733 801 1782 Dxcv.
847 1719 961 1780 tamdiu
984 1719 1092 1800 populo
1112 1717 1152 1776 un·

158 1825 245 1868 mano
268 1807 430 1868 indiscreta
451 1807 503 1868 lux
526 1809 590 1870 luit.

224 1897 310 1957 Nunc
333 1904 519 1958 revertemur
544 1899 582 1959 ad
604 1898 719 1979 reliqua
742 1899 878 1960 animalia
900 1901 1092 1979 primumque
1111 1906 1153 1956 ter·

158 1988 273 2046 restria.

229 2254 245 2301 9
269 2245 499 2304 cooeuxxxxl
517 2248 601 2304 Salsa.
631 2249 826 2306 cccxxxvn
845 2251 872 2304 ll.
949 2256 987 2305 10
1007 2267 1156 2322 omrgruer·

157 2323 210 2372 nd.
231 2321 235 2388 Ι
256 2319 283 2373 ei
300 2325 350 2374 oet.
369 2320 435 2375 Dal.
464 2322 495 2376 ei
512 2321 540 2376 ll.
623 2328 655 2376 13
675 2321 834 2392 grauissime
851 2325 904 2376 nd.
926 2323 930 2391 Ι
951 2322 1111 2378 elriamnuuc
1125 2319 1150 2372 ι’

229 2397 264 2444 14
281 2391 405 2446 incertae
422 2392 522 2448 aluno.
550 2394 592 2448 -io
611 2393 860 2449 a²inraa.1‘²d².
887 2393 962 2448 inter
981 2396 1031 2450 uos
1047 2393 1149 2448 Dd¹.in

156 2463 244 2516 terius
261 2463 304 2516 1¹¹.
378 2469 411 2518 1‘1
431 2466 507 2520 secto
525 2468 578 2518 ltu.
