2302 3938
62 245 125 294 aar.
138 245 219 296 nrsr.
236 247 273 294 ιι.
291 238 446 296 ros-roa.
465 235 639 318 (ua-113.)
663 251 714 300 ιιι.
731 246 753 298 ι.
772 237 875 318 (1-2.)
922 233 982 298 123

24 401 92 478 sisque
105 399 187 462 dilatis
204 404 232 462 in
250 421 318 463 suas
334 413 451 482 partes,
470 424 545 466 nurus
567 407 643 466 enim
664 425 761 468 sermo
782 406 818 467 de
840 415 904 467 toto
925 413 982 466 est.

24 503 84 562 quare
100 487 136 545 sic
155 488 242 566 accipi
259 487 350 548 velim
370 498 400 549 ut
421 492 445 550 si
469 489 553 550 vidua
572 491 646 551 iama
664 510 715 552 sua
735 493 869 569 nomina,
888 490 984 569 qualia

22 569 77 628 luere
90 569 233 647 primordio
260 580 329 632 ante
349 571 421 633 ullas
441 589 491 632 res
513 583 631 654 gestas,
649 584 868 655 nuncupentur,
895 583 924 634 et
945 576 983 634 sit

22 651 119 728 quaedam
137 657 164 714 iu
182 655 227 716 bis
248 657 465 718 nomenclatura
486 659 617 737 quidem,
641 659 694 720 sed
710 660 805 720 mundi
827 677 982 738 rerumque

12 746 110 798 araturae.
150 738 304 801 Terrarum
320 741 400 802 orbis
415 743 568 804 universus
585 745 614 803 in
636 753 697 806 tres
718 745 855 804 dividitur
870 749 1010 824 partes,³

21 820 124 900 luopam
137 822 235 885 Asiam
249 825 388 886 Africam.
420 827 506 905 origo
523 828 558 888 ab
578 846 684 890 occasu
699 829 771 890 solis
791 838 821 890 et
841 828 981 890 Gaditano

21 907 83 983 irato,
99 925 148 986 qua
164 911 333 989 inrumpens
357 929 482 972 oceanus
499 911 660 974 Atlanticus
681 915 711 973 in
731 915 820 974 maria
840 915 982 974 interiora

19 987 149 1054 diiurditur.
192 993 261 1054 hinc
278 995 396 1056 intranti
412 995 534 1057 dextera
550 996 650 1058 Africa
667 1006 730 1074 est,
753 999 837 1059 laeva
855 996 982 1076 Europa,

19 1075 124 1138 icterias
141 1078 221 1140 Asia.
264 1081 379 1140 termini
395 1099 493 1142 amnes
509 1080 613 1142 Tanais
634 1091 664 1142 et
684 1081 778 1143 Nilus.
812 1079 982 1154 Quindecim

12 1155 101 1238 tllpass.
116 1163 143 1222 iu
157 1162 370 1242 longitudinem
392 1183 462 1244 quas
486 1166 610 1226 diximus
628 1169 728 1228 lauces
749 1169 851 1227 oceani
870 1173 981 1246 patent,

18 1246 103 1323 quinque
116 1246 143 1306 H
156 1249 185 1308 in
199 1247 398 1328 latitudinem,
424 1268 440 1310 a
457 1251 522 1310 vico
541 1250 674 1311 Mellaria
688 1250 844 1330 Hispaniae
864 1251 899 1312 ad
914 1268 981 1330 pro·

17 1333 141 1391 canturium
161 1332 286 1394 Africae
305 1333 425 1413 Album,
457 1343 578 1396 auctore
600 1336 742 1396 Turranio
766 1333 881 1396 Gracile
902 1335 982 1394 iuxta

16 1417 90 1488 perito.
123 1415 153 1476 T.
168 1416 270 1478 Livius
289 1437 322 1479 ac
338 1414 447 1498 Nepos'
458 1417 613 1482 Cornelius
629 1419 787 1481 latitudinis
805 1420 1010 1481 tradideruntd

16 1499 74 1558 ninus
87 1500 135 1561 Vll
148 1501 177 1562 H
191 1521 287 1582 pass,
302 1504 351 1564 ubi
367 1521 440 1564 vero
456 1505 619 1584 plurimum,
635 1503 711 1565 XH.
728 1513 785 1565 tam
800 1505 914 1566 modico
928 1522 981 1564 ore

16 1591 48 1642 tan
60 1586 171 1648 inmensa
190 1605 353 1666 aequorum
367 1591 488 1650 vastitas
503 1589 645 1669 panditur.
691 1608 746 1650 nec
761 1589 903 1669 profunda
918 1588 982 1650 alti-

16 1667 57 1727 tudo
68 1671 220 1732 miraculum
238 1674 352 1753 minuit,
363 1673 536 1754 frequentes
553 1675 662 1754 quippe
677 1676 792 1735 taeniae
806 1674 981 1735 candicantis

14 1751 54 1812 udi
66 1757 163 1817 carinas
179 1759 330 1819 territant.
355 1757 459 1836 quade
474 1776 561 1820 causa
576 1759 664 1819 limen
680 1759 787 1820 interni
803 1760 889 1819 maris
901 1757 981 1818 multi

13 1853 52 1894 aru
67 1839 148 1900 locum
170 1841 373 1922 appellavere.
417 1845 558 1922 proximis
579 1853 674 1904 autem
690 1843 821 1904 faucibus
836 1843 981 1920 utrimque

13 1919 93 1999 inpositi
112 1935 227 1988 montes
251 1935 392 1987 coercent
413 1927 555 2006 claustra,
573 1927 669 2010 Abyla
687 1927 822 2006 Africae,
844 1926 982 2005 Europae

13 2001 84 2086 ialpe,
104 2010 237 2072 laborum
251 2010 386 2072 Herculis
402 2021 517 2090 metae,
535 2031 619 2092 quam
635 2012 674 2073 ob
690 2031 803 2074 causam
827 2011 982 2089 indigenae

13 2090 116 2154 colunnas
134 2097 197 2156 eius
213 2095 263 2157 dei
277 2105 392 2174 vocant,
408 2097 586 2175 creduntque
602 2098 754 2177 perfossas
768 2096 886 2158 exclusa
898 2103 984 2156 autea

12 2173 120 2241 admisisse
134 2183 224 2242 maria
243 2190 273 2242 et
287 2175 384 2242 rerum
400 2190 520 2242 naturae
536 2191 664 2242 mutasse
679 2184 793 2244 iaciem.

50 2263 126 2340 (Sect.
144 2264 189 2346 1.)
216 2265 344 2326 Primum
366 2285 439 2345 ergo
462 2265 499 2327 de
515 2265 634 2346 Europa
656 2267 758 2327 altrice
780 2266 902 2327 victoris
925 2273 1012 2326 om-ta

12 2343 191 2426 clangentium
208 2351 313 2431 populi
337 2351 486 2431 longeque
504 2359 646 2412 terrarum
668 2349 878 2431 pulcherrima,
898 2369 983 2430 quam

12 2427 105 2510 plerique
115 2438 220 2497 merito
239 2453 298 2496 non
313 2437 427 2496 tertiam
440 2437 606 2515 portionem
621 2437 723 2496 iecere
740 2454 840 2497 verum
852 2453 983 2514 aequam,

12 2515 27 2573 ir
38 2516 89 2578 duas
103 2529 199 2600 partes
223 2521 260 2580 ab
276 2539 359 2580 amne
376 2519 464 2582 Tanai
487 2521 522 2580 ad
539 2518 707 2581 Gaditanum
722 2521 827 2581 fretum
845 2521 983 2580 universo

12 2599 57 2660 urbe
76 2604 169 2667 diviso.
218 2623 348 2666 oceanus
370 2621 387 2665 a
413 2622 471 2683 quo
495 2604 667 2666 dictumest
689 2606 785 2685 spatio
808 2604 985 2664 Atlanticum

12 2697 61 2746 aare
73 2688 219 2752 infundens
237 2699 267 2751 et
283 2689 368 2750 avido
386 2697 484 2750 meatu
501 2698 595 2750 terras
612 2707 801 2768 quaecunque
819 2689 985 2748 venientem

12 2785 119 2847 expavere
143 2775 323 2853 demergens
349 2775 525 2836 resistentes
554 2791 671 2854 quoque
703 2774 837 2836 llexuoso
865 2771 984 2832 litorum
1025 2841 1027 2846 Ι

13 2855 109 2918 aairaatu
128 2859 247 2938 lambit,
275 2857 423 2938 Europam
451 2859 500 2920 uel
526 2859 649 2920 maxime
676 2858 846 2920 recessibus
870 2857 984 2918 crebris

12 2955 125 3022 exarans,
140 2945 193 3006 sed
210 2947 241 3005 in
257 2951 395 3024 quattuor
410 2945 586 3023 praecipuos
603 2945 719 3022 sinuus,
737 2959 858 3022 quorum
875 2943 983 3022 primus

12 3022 96 3106 atatpa
108 3027 267 3110 Hispaniae
283 3029 392 3089 extimo
405 3030 452 3106 (ut
463 3027 569 3088 dictum
581 3031 643 3108 est)
656 3035 755 3089 monte
767 3027 889 3098 Locros,
902 3026 1007 3087 Brut-c

12 3105 53 3168 iun
68 3131 148 3192 usque
165 3114 414 3195 promunturium,
429 3114 562 3174 inmenso
578 3113 686 3174 ambitu
701 3113 837 3174 flectitur.

51 3193 99 3277 (2.)
118 3197 149 3259 ln
170 3218 209 3260 eo
233 3201 325 3278 prima
341 3197 477 3278 Hispania
494 3207 636 3260 terrarum
659 3206 706 3258 est
713 3241 722 3275 ,
743 3197 869 3258 ulterior
885 3196 1014 3276 appel-6

12 3271 45 3338 lata
58 3283 144 3344 eadem
161 3283 294 3360 Baetica,
310 3301 380 3343 mox
394 3301 410 3342 a
428 3283 484 3344 line
499 3280 665 3360 Hurgitano
683 3279 807 3343 citerior
823 3282 983 3366 eademque

12 3357 199 3430 Tarraconensis
219 3367 255 3429 ad
273 3367 417 3446 Pyrenaei
432 3369 507 3446 iuga.
538 3365 672 3428 Ulterior
687 3368 718 3427 iu
735 3367 803 3428 duas
820 3385 874 3446 per
889 3366 984 3442 longi·

12 3447 102 3511 tudinem
111 3455 277 3533 provincias
289 3453 437 3531 dividitur,
451 3451 593 3531 siquidem
606 3451 744 3513 Baeticae
759 3451 851 3512 latere
867 3458 985 3528 septen·

12 3533 93 3597 atoaali
106 3537 307 3618 praetenditur
321 3537 468 3600 Lusitania
483 3555 567 3599 amne
583 3536 648 3598 Ana
663 3535 801 3600 discreta.
840 3542 920 3595 ortus
936 3533 984 3594 hic
