2286 3938
117 113 124 141 l

211 157 478 214 manuisum
498 163 602 215 14-1c
622 162 748 230 (12-15)
946 165 985 230 ll

12 323 102 366 sensum
125 308 186 366 eius
214 307 328 388 lerunt,
356 298 491 387 abicique
518 316 647 388 gestatas
675 311 777 390 lruges
804 330 860 374 nec
882 323 986 394 postea
1072 299 1075 308 ⁵

11 396 85 472 repeti.
129 402 156 455 et
182 394 239 456 hoc
269 396 326 457 tale
355 404 529 478 tantumque
559 399 698 460 omnibus
727 403 851 462 tricenis
881 401 986 464 diebus
1005 414 1039 464 66

10 483 89 543 nalum
114 486 143 544 in
174 485 299 546 muliere
332 487 448 548 exsistit
480 494 509 547 et
541 490 707 551 trimenstri
739 493 835 570 spatio
866 491 987 574 largius,

10 564 148 650 quibusdam
174 593 245 635 vero
276 578 394 656 saepIus
424 594 539 657 mense,
572 579 650 638 sicut
680 578 786 658 aliquis
815 599 985 662 numquam.

1 655 60 743 tlt)
90 663 136 724 sed
158 663 233 724 tales
256 683 316 724 uon
339 667 477 746 gignunt,
510 667 627 746 quando
650 667 723 750 haec
747 678 794 730 est
816 672 985 750 generando

8 747 89 811 bonini
108 755 241 834 materia,
273 757 407 834 germine
432 773 447 815 e
470 755 602 816 maribus
626 757 740 838 coaguli
763 759 851 820 modo
874 759 931 822 hoc
954 763 985 826 in
1008 821 1014 828 ,

7 859 52 900 sue
69 839 255 924 glomerante,
279 843 358 924 quod
380 844 486 908 deinde
505 853 639 926 tempore
661 848 726 926 ipso
751 851 898 910 animatur
921 868 985 910 cor·

7 937 159 1010 poreturque.
189 951 260 1012 ergo
284 952 353 993 cum
375 934 503 1014 gravidis
526 935 624 1016 lluxit,
646 935 765 998 invalidi
788 945 922 999 autnon
944 941 984 1000 vi·

7 1017 56 1079 tales
73 1028 168 1100 partus
193 1023 324 1084 eduntur
347 1031 398 1083 aut
416 1025 535 1106 saniosi,
558 1032 592 1086 ut
615 1033 719 1086 auctor
743 1035 789 1087 est
806 1025 985 1109 Nigidius3

7 1103 98 1172 -16,
129 1104 244 1194 (ldem
267 1111 311 1172 lac
335 1113 461 1173 feminae
484 1131 545 1174 uon
569 1117 720 1194 corrumpi
744 1115 835 1176 alenti
857 1125 985 1198 partum,
1004 1131 1037 1180 ot

6 1199 21 1255 si
37 1217 64 1256 er
83 1201 182 1260 eodem
205 1203 269 1261 viro
293 1219 399 1262 rursus
423 1205 606 1283 conceperit,
636 1198 813 1288 arbitratur)
842 1239 884 1248 -
912 1208 984 1266 inci·
1061 1229 1066 1234 ·

4 1287 75 1366 pionte
99 1296 196 1350 autem
218 1289 276 1350 boc
304 1297 383 1352 statu
411 1300 461 1352 aut
484 1292 638 1354 desinente
667 1301 830 1374 conceptus
854 1293 985 1355 facillimi

5 1376 134 1439 traduntur.
165 1379 358 1440 seeundItatis
380 1383 411 1440 in
430 1382 549 1442 feminis
566 1385 800 1462 praerogativam
823 1385 984 1464 accipimus

5 1462 101 1527 hunctis
121 1468 318 1530 medicamine
341 1469 435 1531 oculis
459 1471 578 1531 sabvam
599 1473 688 1532 infici.

48 1548 110 1640 (15)
155 1557 298 1619 Ceterum
328 1557 414 1620 editis
441 1562 589 1640 primores
619 1564 745 1641 septimo
773 1579 876 1623 meuse
904 1564 984 1642 gigni
1003 1573 1037 1625 68

5 1639 89 1728 lentes,
114 1649 259 1727 priusque
284 1649 316 1708 in
340 1667 447 1728 supera
470 1651 533 1710 lere
555 1658 654 1732 parte,
680 1649 758 1712 haud
782 1650 907 1712 dubium
930 1660 985 1734 est,

5 1736 94 1812 septimo
120 1736 243 1797 eosdem
266 1737 403 1798 decidere
432 1757 508 1799 anno
537 1739 669 1819 aliosque
698 1740 808 1822 suffici,
841 1739 984 1819 quosdam

5 1825 254 1908 tralucentibus
277 1829 369 1910 nasci,
392 1830 469 1889 sicut
491 1827 537 1889 Μ’.
562 1827 695 1911 Curium,
718 1831 770 1908 qui
793 1828 830 1889 ob
854 1829 884 1889 id
908 1828 983 1890 Den-

6 1916 55 1972 tatus
74 1919 296 1994 cognominatus
320 1924 378 1998 est,
402 1925 432 1978 et
455 1917 506 1978 Cn.
524 1916 677 1998 Papirium
698 1916 877 2000 Carbonem,
899 1937 983 1998 prae·

5 1997 68 2064 duos
92 2007 179 2066 viros
226 2009 258 2066 in
287 2007 405 2066 leminis
430 2005 467 2084 ea
494 2026 543 2067 res
571 2009 747 2088 inauspicati
774 2007 830 2068 luit
857 2008 984 2088 exempli

5 2107 76 2176 regum
95 2094 288 2175 temporibus.
334 2115 402 2156 cum
425 2099 465 2156 ita
488 2103 556 2156 nata
580 2104 659 2158 esset
681 2095 807 2177 Valeria,
832 2099 920 2157 exitio
944 2100 983 2158 ci·
1003 2110 1037 2160 69

5 2179 57 2254 litati
78 2185 106 2243 in
128 2202 219 2263 quam
243 2185 338 2246 delata
365 2193 444 2246 esset
466 2186 598 2247 suturam
625 2204 769 2267 responso
792 2186 986 2266 haruspicum

5 2272 156 2355 raticinante,
189 2273 331 2335 Suessam
353 2273 517 2336 Pometiam
539 2275 588 2335 illa
611 2282 787 2357 tempestate
810 2276 984 2337 florentissi-

5 2371 55 2419 mm
73 2361 224 2442 deportata
247 2371 302 2444 est,
324 2364 454 2425 veridico
478 2366 560 2424 exitu
583 2363 788 2426 consecuto*
812 2365 903 2446 aliqui
921 2367 984 2426 vice

5 2440 102 2511 lentium
137 2455 282 2516 continuo
315 2472 381 2513 osse
414 2455 590 2534 gignuntur,
615 2457 716 2532 ssicuti
747 2453 870 2516 Prusiae
905 2457 984 2533 regis

5 2528 162 2618 bithynorum
190 2542 271 2602 lilius
299 2561 429 2622 superna
455 2549 540 2624 parte
569 2545 638 2604 oris.
676 2543 695 2584 ²¹⁶
722 2543 874 2604 hominem
900 2545 984 2624 prius

5 2641 65 2702 mam
83 2633 178 2709 genito
203 2631 293 2692 dente
317 2633 444 2692 cremari
466 2651 531 2693 mos
550 2636 684 2711 gentium
707 2651 767 2692 non
792 2629 884 2692 est*
913 2629 983 2692 deu·
1003 2644 1038 2692 to

5 2719 34 2782 lu
54 2727 139 2781 aulem
169 2725 202 2782 in
232 2728 348 2782 tantum
375 2723 478 2783 invicti
506 2729 577 2783 sunt
603 2721 735 2803 ignibus,
771 2729 806 2782 ut
834 2738 890 2782 nec
921 2737 984 2780 ere-

6 2816 90 2868 uentu
118 2829 186 2871 cum
214 2809 331 2890 reliquo
359 2829 498 2894 corpore,
528 2811 666 2892 idemque
694 2811 819 2872 flammis
849 2809 986 2870 indomiti

6 2905 110 2958 ¹tuantur
134 2898 204 2962 tabe
233 2903 366 2979 pituitae.
412 2901 572 2962 candorem
594 2899 717 2962 trahunt
740 2899 867 2979 quodam
894 2897 986 2960 medi·

6 3049 179 3068 ''Q——

54 3165 202 3230 lgustatas
222 3162 259 3216 αἳ.
288 3163 521 3217 uastauerant.
595 3169 611 3216 6
636 3177 720 3216 eom.
739 3161 832 3216 Mla&
861 3177 893 3216 ae
913 3161 950 3215 αἳ.
981 3163 989 3233 l

9 3229 96 3287 notibus
112 3235 215 3288 We).
243 3234 379 3289 matribus
398 3234 435 3288 αἱ
462 3237 466 3304 l
490 3234 538 3288 hic
556 3237 655 3286 Mad.
733 3232 869 3288 9famosi
886 3237 985 3314 brad.

56 3307 81 3355 10
102 3306 160 3360 dist.
180 3322 237 3376 eqo.
269 3306 320 3373 cfr.
340 3305 396 3360 Url.
415 3307 492 3360 vind.
510 3309 611 3362 u.157.
701 3310 734 3358 13
757 3305 986 3374 proerogebuum

9 3369 83 3428 llus.
101 3377 104 3446 l
123 3375 276 3448 accipimus
293 3381 370 3431 nar.
394 3393 492 3447 accep·
510 3381 587 3430 Dra.
657 3381 692 3430 24
706 3382 770 3445 post
789 3377 937 3456 consecuto
957 3375 985 3429 ll.

10 3435 78 3498 lobmt
91 3450 167 3504 uerbo
189 3465 259 3519 quae
281 3449 442 3519 transposui
463 3449 495 3502 iu
514 3452 585 3514 §46
607 3447 744 3516 quasdam
758 3479 791 3486 -
806 3445 909 3500 indrero
934 3447 985 3500 est.

59 3521 85 3571 26
103 3519 272 3575 bithinorum
294 3524 325 3574 Β.
357 3519 550 3590 bithyniorum
572 3523 671 3572 nuso.
700 3521 705 3589 Ι
734 3519 987 3573 hominem—non

12 3585 87 3655 lssleqo
101 3591 149 3646 hue
166 3593 327 3662 transposui
344 3609 377 3646 ee
396 3598 411 3658 ξ
431 3596 478 3648 72.
551 3595 585 3644 28
603 3591 633 3644 in
652 3606 706 3660 eqo.
737 3606 787 3644 om.
807 3590 834 3644 ll.
856 3589 860 3657 Ι
880 3590 913 3642 ul
931 3605 986 3659 eqd.

13 3665 45 3706 m,
59 3658 80 3714 ll.
142 3669 175 3717 29
195 3665 352 3718 crementur
370 3669 446 3717 Dru.
474 3665 569 3718 entur
587 3679 630 3717 ro.

47 3745 99 3790 ΡΜ.
110 3762 162 3794 nar.
175 3765 238 3795 mnu.
265 3753 297 3794 11.
807 3754 822 3800 2
