2308 3936
201 239 277 286 unu.
293 239 387 288 mrsu.
404 238 441 285 11.
460 233 579 290 rte-18.
601 227 754 304 (le-16.)
962 229 1001 291 ta

45 413 115 457 rusus
136 393 211 456 stella
237 403 361 473 utroque
385 393 471 454 modo
498 393 640 456 scandere
662 393 698 454 ab
724 403 828 456 exortu
853 397 999 474 matutino,

46 479 133 556 degredi
147 496 210 538 uero
231 478 380 538 latitudine
397 497 413 539 a
429 479 616 558 vespertino,
641 489 859 559 consecutoque
882 481 947 542 sole
965 483 1000 543 ad

46 563 166 644 quindecim
185 564 304 641 partium
324 563 505 624 intervallum
523 563 655 622 consistit
675 563 827 643 quatriduo
850 583 944 644 prope
960 567 1000 626 in·

45 648 133 708 nobilis.
158 664 221 706 mox
242 647 279 708 ab
302 646 450 709 altitudine
472 648 627 708 descendit
648 657 788 727 retroque
813 649 943 728 graditur
965 650 1001 711 ab
1011 653 1046 710 76

31 750 120 792 toccasu
138 732 300 810 vespertino
318 751 410 812 usque
434 732 469 794 ad
486 741 618 792 exortum
633 735 810 808 matutinum,
837 742 1001 813 tantumque

43 819 91 876 laec
103 825 127 876 et
139 817 199 876 luna
215 815 334 878 totidem
351 817 453 878 diebus
468 826 538 898 quot
553 817 670 878 subiere
686 817 875 878 descendunt.
905 817 1001 879 Vene-

43 904 67 960 ris
77 901 222 980 quindecies
234 901 366 979 pluribus
379 901 464 978 subit,
481 921 580 962 rursus
593 903 708 964 Saturni
723 911 752 962 et
763 900 842 962 lovis
854 903 1001 983 duplicato

43 986 218 1062 ingrediuntur,
236 984 337 1047 lilartis
354 987 439 1048 etiarn
456 987 686 1068 quadruplicato.
727 995 804 1050 tanta
821 997 866 1048 est
881 997 1000 1048 naturae

43 1072 140 1146 varietas,
155 1071 204 1130 sed
218 1071 292 1132 ratio
310 1071 441 1132 evidens.
464 1091 527 1132 nam
542 1072 655 1151 quaein
669 1089 809 1151 vaporem
824 1072 895 1132 solis
910 1074 1000 1133 nitun-

25 1164 69 1214 ntu
79 1156 146 1216 etiam
161 1155 339 1217 descendunt
354 1175 454 1235 aegre.

81 1241 148 1320 (15.)
169 1238 256 1304 llulta
284 1242 377 1322 promi
402 1240 524 1320 amplius
546 1240 624 1300 circa
644 1239 719 1300 baec
743 1249 863 1317 possunt
886 1248 1044 1305 secretarii

41 1334 123 1384 intumo
133 1324 273 1404 legesque
292 1324 398 1406 quibus
415 1326 479 1404 ipsa
494 1325 611 1386 serviat.
636 1323 765 1402 exempli
780 1324 872 1402 gratia
888 1323 916 1382 in
928 1323 1002 1384 blar-

41 1411 62 1467 is
70 1409 157 1486 sidere,
173 1411 254 1472 cuius
271 1421 316 1470 est
336 1409 459 1470 maxime
478 1407 704 1470 inobservabilis
720 1425 832 1483 cursus,
851 1425 1002 1488 numquam

41 1494 57 1552 id
74 1495 204 1556 stationem
228 1493 331 1556 iacere
356 1493 434 1556 lovis
454 1495 552 1554 sidere
576 1494 736 1572 triquetro,
762 1511 829 1554 raro
850 1492 1002 1554 admodum

24 1579 151 1656 ,sseraginta
171 1579 302 1659 partibus
318 1580 463 1654 discreto,
490 1578 538 1658 qni
559 1595 695 1637 nunrerus
715 1577 891 1656 sexangulas
906 1577 1003 1638 mnndi

42 1663 101 1722 efficit
120 1663 251 1742 formas‚,
270 1681 326 1724 nec
341 1671 481 1724 exortuus
502 1663 557 1722 nisi
582 1663 611 1721 in
637 1661 749 1721 duobus
771 1663 862 1740 signis
883 1671 1002 1738 tantum,

42 1747 107 1808 cancri
125 1759 151 1809 et
173 1749 286 1827 leonis,
315 1747 397 1809 simul
418 1747 518 1809 edere.
546 1744 673 1807 Mercuri
686 1761 758 1805 voro
774 1743 853 1805 sidus
866 1752 1005 1804 exortuus

41 1835 183 1910 vespertinos
198 1836 227 1894 in
246 1833 377 1914 piscibus
392 1849 475 1894 raros
492 1831 604 1908 iacere,
622 1830 818 1891 creberrimos
833 1831 862 1889 in
877 1830 1002 1907 virgine,

42 1916 57 1975 in
68 1915 122 1978 libra
139 1920 307 1996 matutinos,
330 1920 398 1980 item
416 1917 569 1980 matutinos
589 1917 617 1975 in
632 1915 776 1995 aquario,¹
793 1913 957 1976 rarissimos
975 1913 1004 1972 in

18 2001 106 2078 *sicone
119 2005 318 2082 retrogradum
329 2005 357 2064 in
367 2013 450 2065 tauro
464 2011 493 2062 et
505 2002 534 2060 in
544 2001 668 2079 geminis
683 2017 741 2060 non
759 1999 833 2075 lieri,
850 1999 878 2057 in
895 2015 1002 2059 cancro

42 2103 87 2144 tero
98 2104 147 2147 uon
162 2089 232 2150 citra
247 2089 414 2149 vicesimam
432 2088 556 2167 quintam
573 2093 693 2164 partem.
723 2084 817 2146 inuam
835 2081 879 2142 bis
898 2083 1003 2142 coitum
1012 2079 1046 2136 tn

42 2188 81 2229 tm
92 2171 145 2232 sole
159 2173 187 2232 in
201 2172 282 2234 nullo
301 2171 359 2236 alio
375 2173 458 2250 signo
474 2171 575 2232 iacere
592 2187 676 2248 quam
691 2169 832 2246 geminis,
849 2185 906 2228 non
923 2167 1004 2226 coire

17 2287 19 2306 r
42 2254 154 2333 aliquando
168 2259 196 2318 in
212 2258 364 2335 sagittario
379 2265 501 2332 tantum,
530 2255 715 2315 novissimam
730 2269 802 2312 vero
826 2253 1004 2331 primamque

17 2357 19 2370 ³
42 2339 110 2400 eadem
123 2341 165 2402 die
180 2342 229 2402 vel
241 2349 331 2402 nocte
344 2340 423 2402 nullo
438 2341 495 2402 alio
511 2341 539 2399 iu
557 2339 639 2407 signo
656 2356 741 2408 quam
756 2337 847 2397 ariete
861 2336 1004 2411 conspici.

17 2425 72 2498 till
83 2445 180 2508 qnoque
195 2432 298 2510 pannis
313 2428 474 2490 mortalium
501 2426 641 2504 contigit,
657 2433 687 2485 et
701 2423 767 2483 inde
784 2422 858 2482 tama
868 2417 1006 2480 cernendi

39 2504 143 2592 linceo).
165 2533 222 2576 non
234 2532 400 2594 conparere
411 2515 441 2574 in
452 2511 535 2574 caelo
552 2509 667 2571 Saturni
682 2507 760 2568 sidus
773 2514 803 2566 et
814 2505 927 2581 llnrtis,
944 2519 1006 2562 cum

41 2592 160 2674 plurimum,
177 2599 284 2660 diebus
300 2606 414 2659 centum
433 2596 628 2676 septuaginta,
647 2591 726 2654 lovis
743 2591 860 2668 triginta
877 2604 931 2648 sex
948 2593 1006 2662 aut,

41 2681 241 2761 danubinum,
268 2684 351 2744 denis
368 2680 507 2742 detractis
528 2679 631 2739 diebus
650 2677 761 2752 omnia,
779 2673 906 2735 Veneris
924 2685 1006 2729 sexa·

41 2761 92 2832 ginta
104 2783 198 2826 novem
216 2777 284 2843 aut,
308 2783 370 2826 cnm
384 2765 545 2840 minimum,
561 2761 768 2840 quinquaginta
786 2753 916 2830 duobus,
932 2751 1007 2812 liler-

27 2847 79 2904 atui
91 2848 217 2912 tredecim
232 2859 299 2928 aut,
316 2867 377 2910 cum
392 2848 560 2928 plurimum,
575 2843 793 2924 septemdecim.

85 2929 123 2994 18.
143 2932 224 3015 (16.)
251 2933 377 2996 Colores
393 2933 468 2993 ratio
484 2927 664 2992 altitudinum
681 2931 839 3004 temperat,
867 2919 1048 3001 siquidemta

45 3027 108 3073 carun
117 3017 325 3082 similitudinem
341 3017 455 3078 trabunt
469 3017 628 3093 inquorum
643 3029 710 3072 aera
722 3027 833 3070 venere
845 3005 1007 3082 subeundo,

45 3095 167 3179 linguitque
183 3103 449 3184 adpropinquantes
467 3099 605 3160 utralibet
623 3095 710 3156 alieni
727 3101 858 3154 meatuus
873 3088 1008 3164 circulus,

45 3177 141 3254 frigidior
153 3187 180 3246 iu
194 3188 350 3266 pallorem,
366 3185 515 3246 ardentior
532 3185 561 3242 in
575 3181 723 3256 ruborem,
738 3184 879 3238 ventosus
894 3176 923 3234 in
939 3176 1009 3234 hor-

28 3275 126 3345 anreu,
141 3269 183 3330 sol
199 3280 287 3350 atque
305 3270 503 3332 conmissurae
520 3264 649 3345 apsidum
667 3272 874 3340 extremaeque
896 3257 1009 3318 orbitae

47 3355 107 3408 atram
118 3354 143 3413 iu
157 3355 372 3417 obscuritatem.
390 3350 585 3430 suusquidem
597 3349 701 3425 cuique
716 3344 800 3406 color
811 3352 868 3421 est,
886 3341 1010 3436 Saturno

49 3433 156 3516 unditus,
170 3437 232 3500 lovi
244 3441 351 3516 clarus,
368 3437 452 3499 llarti
468 3437 586 3514 igneus,
598 3433 725 3508 lucifero
739 3427 875 3502 caudens,
891 3440 1009 3522 vesperi

50 3517 171 3602 refulgens,
189 3523 335 3586 llercurio
348 3522 478 3598 radians,
496 3519 580 3580 lunae
592 3515 723 3594 blandus,
744 3513 812 3590 soli,
827 3527 889 3571 cum
908 3514 1010 3568 oritur.
