2544 3942
377 169 462 228 aar.
481 169 574 226 uisu.
593 171 646 226 ΧΠ
664 176 698 226 aa
718 171 773 241 (ss)
1015 171 1079 236 309

63 335 144 384 mum
168 330 199 388 et
225 320 526 404 ponderosissimum,
553 321 695 382 mordens
723 329 813 401 gustu
840 321 1019 402 fervensque
1047 324 1079 383 in

63 431 123 474 ore.
157 410 341 473 adadtaratur
358 409 484 475 Petraeo
502 411 654 494 hyperioo,
678 411 757 490 quod
776 413 948 492 coarguitur
967 415 1078 491 magni·

62 501 176 583 tudine,
194 503 346 582 inanitate,
360 499 555 583 longitudine,
574 500 675 562 odoris
693 502 817 583 ignavia,
837 519 942 582 sapore
956 503 1078 582 piperis.

1 621 2 624 ¹
62 591 200 652 lacrimae
223 589 360 672 probatio
384 597 418 651 ut
441 591 480 652 sit
502 604 519 650 e
542 592 646 671 pingui
668 592 769 652 tentus
798 609 832 652 ao
859 591 975 652 modice
1003 591 1070 653 rufa
1082 598 1131 648 120
1162 625 1164 629 ,

1 709 2 748 r
36 691 93 742 bet
110 683 142 742 in
160 679 295 742 fricando
315 679 414 742 odora.
455 680 606 742 secundus
626 680 744 742 candidi
763 679 884 762 coloris,
906 683 992 762 peior
1010 681 1078 742 viri·

62 771 108 832 dis
127 788 316 852 crassusque,
338 771 488 850 pessimus
510 772 605 852 niger,
628 771 737 852 quippo
761 777 796 832 ut
818 770 917 831 oleum
940 773 1079 832 senescit.

1 893 2 912 1
62 879 99 922 ex
117 861 198 922 omni
216 862 349 922 incisura
368 861 493 925 maxime
511 857 656 940 probatur
675 860 754 940 quod
773 867 841 922 ante
861 879 964 922 semen
986 860 1080 922 fluxit.

1 983 2 1020 ,
62 959 93 1012 et
116 950 187 1012 alias
202 949 399 1012 'adulteratur
426 951 548 1012 seminis
576 968 663 1032 suco,
689 951 797 1030 vixque
824 944 1006 1012 maleficium
1030 949 1080 1010 de·
1132 1015 1134 1019 ,

1 1075 2 1110 l
61 1039 259 1119 prehenditur
281 1047 373 1120 gustu
395 1041 550 1102 amariore.
596 1059 662 1102 esse
687 1042 767 1102 enim
791 1037 879 1102 dehet
901 1039 991 1122 leuis,
1019 1057 1079 1101 uon

1 1144 47 1194 110
62 1129 232 1212 suhaoidus,
255 1129 346 1190 odore
365 1137 482 1196 tantum
504 1135 652 1193 austerus.
686 1131 813 1190 vitiatur
833 1137 864 1190 et
886 1128 954 1190 oleo
976 1137 1132 1210 rosae,121
1170 1148 1173 1155 ·

1 1257 2 1262 κ
62 1221 159 1303 cypri,
189 1219 320 1301 lentisci,
346 1218 457 1301 halani,
486 1218 663 1300 terebinthi,
686 1220 789 1302 myrti,
811 1221 924 1302 resina,
947 1217 1081 1300 galbano,

61 1327 130 1370 cera
154 1309 273 1392 Cypria,
305 1316 396 1389 prout
423 1326 559 1388 quaeque
587 1327 637 1370 res
665 1309 736 1392 fuit,
767 1310 949 1388 nequissime
980 1315 1080 1369 autem

62 1401 182 1462 cummi.
232 1399 373 1478 quoniam
402 1400 524 1480 arescit,
554 1399 585 1460 in
615 1416 705 1462 manu
735 1401 853 1460 inversa
881 1407 913 1462 et
941 1400 974 1459 in
1004 1415 1081 1478 aqua

62 1489 141 1570 sidit,
165 1505 240 1568 quae
263 1486 400 1568 probatio
425 1489 490 1550 eius
513 1490 631 1568 gemina
653 1496 707 1550 est.
752 1487 843 1550 dehet
865 1496 896 1550 et
918 1490 1071 1554 nucerium
1081 1493 1132 1544 122

20 1590 47 1630 15
62 1595 213 1660 arescere,
236 1577 288 1638 sed
311 1575 369 1638 hoo
393 1579 513 1638 cummi
527 1577 625 1640 addita
647 1577 746 1658 fragili
768 1585 869 1640 crusta
898 1580 1004 1639 evenit.
1051 1585 1081 1638 et

60 1675 151 1746 gustu
179 1666 427 1748 deprehenditur,
458 1666 586 1730 carbone
613 1686 684 1728 vero
712 1667 793 1748 quod
823 1685 893 1729 cera
921 1669 1080 1747 resinaque

60 1755 260 1818 adulteratum
289 1764 349 1838 est,
378 1757 510 1836 nigriore
540 1755 665 1820 flamma.
718 1775 787 1818 nam
816 1757 903 1838 molle
933 1764 1081 1819 mutatum

61 1848 161 1908 statim
183 1849 215 1906 in
238 1864 328 1906 manu
351 1845 501 1907 contrahit
523 1865 649 1908 muscas.
686 1854 843 1927 praetcrea
866 1848 977 1908 sinceri
999 1846 1132 1907 den-las

61 1944 145 1998 satur
168 1937 199 1996 in
223 1935 322 2016 tepida
346 1950 421 2016 aqna
444 1943 528 2016 grotta
551 1936 652 2000 sidens
675 1937 712 1998 ad
734 1939 794 1998 ima
816 1955 893 2018 vasa,
917 1936 1081 1997 adulterata
1117 1987 1121 1992 .

16 2040 45 2078 20
60 2025 119 2086 olei
136 2025 225 2088 modo
243 2027 357 2086 iuncum
375 2033 415 2108 et,
433 2027 459 2086 si
476 2028 607 2106 metopio
625 2027 727 2088 vitiata
745 2034 800 2108 est,
823 2025 936 2088 circulo
956 2024 1080 2086 candido

61 2117 200 2195 cingitur.
247 2133 362 2176 summa
385 2122 431 2176 est
454 2114 590 2204 probatio
617 2123 652 2178 ut
681 2115 727 2178 lac
757 2115 906 2199 coagulet,
936 2117 968 2176 in
997 2123 1080 2176 veste

60 2255 276 2266 ..-.-.—.-....-

59 2341 88 2393 p.
99 2326 161 2391 308,
171 2323 212 2378 27'
226 2337 242 2376 a
261 2323 429 2376 semiue-1
449 2323 717 2392 ponderosissimum
735 2321 1026 2380 meduanensem.

134 2399 148 2448 1
165 2395 195 2448 et
206 2392 475 2464 ponderosissimum
489 2409 539 2452 oea.
553 2401 589 2450 Π.
661 2402 678 2451 2
693 2396 769 2466 quod
784 2394 946 2466 coarguitur
959 2393 1079 2449 lanua.

61 2481 159 2535 coarg-
182 2469 214 2519 a.
252 2465 535 2536 quodsoarg-u1.
574 2483 624 2522 suo
648 2469 730 2536 (suco
753 2465 797 2535 ι’)
822 2483 885 2537 arg·
907 2483 932 2520 a.
1024 2471 1081 2520 le

59 2536 160 2608 pingui
177 2535 332 2608 sesama).
360 2553 376 2590 e
394 2552 444 2591 oon.
464 2555 489 2591 ι
515 2536 629 2640 pinguis
646 2555 671 2594 o.
693 2540 697 2606 Ι
715 2538 795 2593 tenui
812 2541 885 2596 llud
958 2541 975 2590 5
994 2536 1082 2592 odora

59 2615 95 2663 Π.
123 2611 198 2664 -rata
215 2623 259 2664 ro.
280 2610 285 2679 Ι
306 2608 442 2664 secundus
460 2613 516 2661 nt
533 2608 642 2666 lt¹adu
670 2609 719 2664 -do
737 2609 782 2664 12¹.
811 2609 860 2666 -da
877 2606 921 2662 12².
943 2609 948 2677 Ι
968 2607 1082 2662 candidi

58 2687 95 2734 1.
123 2681 172 2736 -do
189 2679 298 2736 niodo.
313 2679 390 2738 ¹-dus
408 2679 452 2734 Ν.
481 2680 620 2736 amoelido
634 2686 665 2735 a.
683 2683 687 2750 Ι
703 2681 806 2736 coloris
825 2681 918 2750 (mom
932 2679 970 2734 od
982 2677 1081 2734 viridis

59 2753 283 2824 attemperatum)
303 2767 358 2824 epo.
392 2751 447 2808 -lor
465 2755 490 2806 d.
523 2751 578 2808 -los
596 2758 673 2808 ltro.
700 2753 850 2809 sabianum
868 2753 901 2807 ta
917 2751 961 2806 hic
979 2755 1004 2805 et
1021 2765 1077 2820 sqq.

59 2829 98 2881 esf
122 2841 212 2880 sucus.
294 2823 567 2880 8malefieium-9
586 2823 657 2880 lenis
676 2839 727 2880 om.
745 2828 819 2879 Ded.
897 2821 1009 2878 sehim
1027 2826 1080 2878 Ito.

59 2913 110 2954 oro.
124 2902 180 2952 ur.
254 2901 288 2951 10
307 2898 357 2952 aut
375 2895 437 2952 oleo
455 2901 585 2951 roseol.
664 2901 697 2952 13
716 2897 778 2952 dist.
794 2911 841 2967 epo
854 2911 916 2952 noo.
930 2895 983 2950 loc.
992 2909 1023 2962 p.
1035 2897 1080 2950 70.

62 2968 191 3048 latescit
206 2967 309 3022 nul.
345 2968 436 3022 inare-
455 2967 491 3020 u¹
505 2969 562 3023 eod.
578 2967 660 3036 Oleiff.
674 2969 733 3024 edd.
748 2967 888 3024 antelios.
929 2981 1036 3022 marce-
1055 2983 1080 3021 ι.

60 3055 167 3096 amare·
185 3044 235 3097 Η.
262 3039 392 3094 inhaere-
409 3039 527 3096 ed.Baa.
545 3042 549 3108 1
560 3045 626 3110 post
643 3040 774 3096 inmauu
787 3039 877 3107 dedat
890 3042 925 3092 Ι.
999 3043 1033 3092 11
1052 3040 1082 3093 et

59 3127 107 3182 eqo
121 3112 138 3166 l.
150 3111 168 3166 l.
179 3128 210 3180 p.
220 3115 264 3167 71.
283 3127 336 3168 orn.
349 3112 406 3170 lto.
481 3116 514 3166 15
529 3127 656 3168 arescere
670 3127 717 3183 apo
731 3112 748 3168 l.
759 3113 777 3167 l.
804 3111 895 3166 inare-
909 3110 937 3168 ll.
946 3111 1006 3165 add.
1017 3115 1082 3165 mate

59 3183 128 3240 Bos.
156 3181 284 3238 inhaere·
298 3185 338 3240 ed.
347 3183 416 3239 Bas.
433 3185 438 3253 Ι
453 3183 509 3239 hoo
523 3183 672 3240 cummi-s.
699 3183 772 3240 haec
786 3182 889 3239 commi
902 3181 1021 3265 (gummi
1032 3180 1080 3249 „q

59 3262 90 3310 11.
123 3254 195 3310 haec
219 3255 659 3326 o'n'ra(i.a.omniad1)adh.
692 3255 747 3312 hoo
770 3257 801 3311 et
821 3271 929 3327 gummi
947 3254 1082 3310 adduam

60 3326 153 3384 Hasd.
176 3326 232 3384 hoo
246 3343 262 3384 e
276 3327 383 3397 gumrm
396 3327 489 3384 Hard.
506 3330 511 3396 l
527 3326 625 3382 additu
636 3332 689 3384 Ito.
718 3329 760 3384 ·to
774 3325 818 3383 Ν.
843 3341 968 3382 arescere
983 3325 1081 3380 addita

60 3397 297 3456 nummisma
326 3398 393 3456 add·
407 3416 451 3456 ar-
465 3417 490 3454 ι.
506 3397 511 3473 Ι
526 3398 689 3470 fragiliito.
718 3399 757 3454 -le
770 3398 865 3456 rDetl.
939 3404 971 3454 17
987 3399 1079 3452 mute·

59 3475 122 3526 tum
140 3469 247 3527 nuta.
276 3473 334 3526 -tur
351 3471 424 3528 ΙΝ.
456 3489 495 3529 an
511 3469 664 3530 viriacum?
691 3471 742 3540 cfr.
760 3486 821 3528 ooo.
841 3471 894 3527 loc.
908 3485 940 3540 p.
950 3473 994 3526 71.

62 3549 96 3600 18
114 3543 145 3598 in
162 3559 249 3598 manu
266 3541 430 3614 B(?)Hord.
462 3561 548 3600 mauu
565 3543 667 3602 rcodd.
679 3542 758 3600 Pint.
782 3559 832 3600 om.
843 3541 1079 3600 ecaaofflua

64 3615 190 3689 lsinceri
208 3615 360 3673 BedBos.
389 3631 432 3670 -ua
449 3617 604 3674 redducit.
632 3633 678 3672 ua
691 3614 815 3674 chero.
888 3619 923 3670 20
941 3613 1013 3670 uitia
1024 3620 1079 3668 lta.

133 3694 166 3744 21
187 3689 230 3744 est
247 3687 378 3758 probatio
396 3687 676 3752 Rusaddoettdt‘ll.
703 3688 787 3759 prob·
806 3689 850 3746 ast
867 3685 989 3744 starc.
