2392 3946
163 181 230 248 384
515 179 663 237 orum
681 177 839 236 saeuum

163 349 260 413 tuque
283 339 439 413 praeturae
463 328 628 394 honoribus
650 332 756 410 gestie,
779 327 875 392 tribus
898 329 1010 408 congiis
1031 357 1070 376 -⁴
1088 328 1150 390 uude

162 429 195 484 et
224 439 391 502 cognomen
419 419 462 482 illi
491 420 549 482 luit
578 451 621 462 —-
652 421 748 498 epotis
777 435 839 480 uno
868 420 994 499 impetn,
1024 425 1151 498 spectante

162 509 299 574 miraculi
327 511 422 590 gratia
450 508 573 572 Tiberio
602 509 751 590 principe,
779 511 811 572 in
840 515 959 572 senecta
987 510 1045 573 iam
1070 525 1153 568 aerem

163 607 253 680 atque
272 602 362 662 etiem
379 617 467 660 saevo
485 598 565 660 alias.
606 606 637 660 cl
653 599 713 677 ipsi
730 599 852 658 iuventa
868 597 905 660 ad
924 615 1039 662 merum
1055 599 1155 676 pronior

111 689 280 771 uoluerat,
304 707 397 768 caque
421 686 676 750 commendatione
701 686 856 750 credidere
879 686 911 750 b.
934 686 1072 751 Pisonem
1089 685 1172 748 nuiss

162 797 253 842 curae
281 777 317 842 ab
348 797 384 838 co
415 775 577 857 delectum,
606 776 687 854 quod
716 774 807 840 biduo
837 775 1012 856 duabusque
1041 774 1156 836 northus

161 871 400 949 perpotationem
433 867 637 930 continuasset
673 865 752 946 apud
787 867 886 944 ipsum
916 867 976 928 iam
1005 867 1156 946 prinoipem

162 975 218 1018 nec
237 957 295 1018 alio
313 957 406 1035 magis
420 954 537 1018 brusus
556 953 663 1016 Caesar
681 973 875 1035 regenerasse
893 963 1010 1035 patrem
1027 953 1156 1016 Tiberium

109 1045 332 1108 aoeierebatur.
368 1043 521 1124 Torquato
543 1061 611 1107 rara
632 1043 734 1126 gloria,
756 1045 875 1124 maudo
898 1053 928 1108 et
950 1045 1025 1109 haec
1046 1063 1091 1106 ars
1111 1047 1157 1106 suis

162 1134 278 1214 legibus
292 1141 417 1215 constat,
432 1151 493 1196 non
506 1132 621 1196 labasse
636 1151 783 1214 sermone
803 1153 865 1196 uon
877 1133 1009 1198 lavatum
1021 1135 1158 1196 vomitione
1169 1143 1182 1180 u

161 1243 219 1286 nec
237 1223 293 1286 alia
312 1225 448 1306 eorporis
466 1229 565 1305 parte,
583 1223 655 1285 dum
672 1221 803 1305 biberet,
821 1225 981 1286 matutinas
1001 1223 1095 1286 obisse
1111 1227 1159 1284 cine

162 1316 271 1374 iniuria
298 1313 425 1394 vigilias,
455 1312 618 1392 nummum
644 1312 779 1374 hausisse
810 1331 871 1376 uno
901 1321 989 1394 potu,
1021 1313 1159 1393 plurimun

162 1411 318 1482 praeterea
337 1401 403 1466 aliis
419 1400 586 1465 minoribus
609 1401 766 1484 addidisse,
791 1404 901 1482 optima
922 1402 981 1466 fido
1006 1419 1066 1464 non
1086 1403 1158 1480 respi-

162 1509 246 1553 rasse
265 1494 295 1553 in
314 1490 479 1555 hauriendo
497 1509 595 1570 neque
615 1493 770 1571 exspuisse
794 1491 927 1571 nihilque
951 1491 988 1556 ad
1013 1489 1159 1556 ehdendnn

163 1583 196 1643 in
224 1583 401 1662 pavimentis
432 1599 540 1644 sonum
569 1599 605 1642 ex
635 1582 704 1644 vino
734 1582 910 1663 reliquisse,
940 1581 1074 1661 diligenti
1101 1581 1157 1642 scito
1169 1585 1182 1626 1⁴

110 1671 272 1751 tatingum
299 1679 403 1732 uonna
430 1668 553 1732 bibendi
579 1669 717 1733 laliacias
763 1670 922 1756 ¹Tergilla
945 1669 1115 1734 Ciceronem
1132 1667 1184 1740 ll„

162 1759 194 1822 F.
217 1760 304 1822 binos
327 1761 448 1840 congios
472 1758 560 1822 simul
581 1759 704 1822 haurire
727 1760 850 1824 solitum
870 1763 927 1840 ipsi
950 1760 1053 1844 obicit,
1070 1759 1156 1822 llarro

161 1868 222 1929 que
254 1850 400 1930 Agrippae
433 1868 452 1910 a
482 1848 646 1914 temulento
679 1849 824 1930 scyphum
854 1852 1019 1930 inpactum.
1072 1851 1155 1912 etenin

162 1937 236 2002 baec
266 1949 337 2002 sunt
364 1938 517 2004 ebrietatis
544 1957 644 2018 opera.
689 1938 743 2004 sed
775 1941 918 2003 nimirum
948 1939 1028 2003 hane
1061 1939 1154 2019 glorian

161 2029 282 2090 auferre
306 2028 410 2092 Cicero
433 2028 527 2092 noluit
548 2028 736 2092 interfectori
762 2031 857 2109 patris
884 2032 932 2092 sui
953 2029 993 2091 Μ.
1018 2029 1174 2092 aaronita

109 2119 196 2178 attis
219 2121 300 2180 enim
323 2127 391 2190 ante
415 2134 485 2180 eum
507 2117 676 2182 avidissima
699 2118 937 2199 adprehenderat
954 2119 1034 2182 hanc
1056 2118 1154 2199 prinam
1182 2173 1183 2188 ,

160 2206 243 2268 edito
272 2209 361 2268 edam
390 2206 540 2270 uolumine
568 2207 605 2270 de
634 2226 691 2272 aua
720 2207 878 2290 ebrietate,
910 2225 970 2292 quo
1001 2205 1156 2290 patrocinari

160 2294 218 2356 sibi
241 2313 332 2358 ausus
355 2294 527 2374 adprobavit
549 2296 648 2378 plane,
672 2305 707 2360 ut
733 2297 874 2378 equidem
901 2297 1046 2380 arbium,
1072 2303 1157 2376 quanta

160 2383 236 2446 nna
263 2402 318 2464 per
349 2383 555 2450 temulentiam
585 2395 737 2452 terranem
768 2387 835 2450 orbi
867 2388 1028 2454 intulisset.
1070 2387 1155 2464 cxign

160 2482 297 2554 tompore
315 2482 383 2537 ante
402 2474 550 2554 proelium
569 2475 723 2540 rictiacum
745 2477 777 2540 id
795 2478 932 2542 volumen
957 2479 1094 2556 evomuit,
1113 2477 1182 2552 queit

161 2563 249 2626 boile
274 2563 465 2644 mosangen
493 2564 595 2628 ebrius
624 2568 685 2630 iam
716 2568 863 2646 sangnine
893 2570 1003 2630 numm
1035 2574 1065 2628 ct
1094 2555 1182 2626 tanto*

161 2656 255 2733 magia
287 2672 356 2716 eum
388 2656 502 2718 sitiens.
551 2667 678 2735 numque
712 2664 742 2718 et
756 2699 758 2708 .
774 2656 847 2749 hacc
879 2658 1042 2720 necessitas
1074 2655 1156 2716 naun

234 2898 460 2966 apamenam.
489 2915 533 2954 -ra
546 2903 569 2953 d.
599 2913 734 2967 eps-re.
805 2901 954 2959 asenaria
966 2900 1056 2956 ldie.
1082 2895 1155 2952 -toti

162 2969 261 3023 sennia
277 2967 322 3022 bi
350 2970 394 3022 -hu
410 2969 460 3026 υἷ’
483 2971 554 3024 bum
573 2987 597 3025 a.
671 2976 830 3039 leoqucna
849 2989 874 3031 ι.
893 2971 900 3043 Ι
920 2989 1004 3030 saeuo
1023 2972 1089 3028 aliea
1105 2966 1154 3022 aad

162 3038 220 3094 Get.
249 3038 301 3094 -lin
318 3041 408 3098 uni:
422 3041 537 3098 eeenole
553 3040 597 3094 11².
625 3042 896 3102 somnolentum.
927 3043 999 3102 aliea
1017 3059 1095 3100 saevo
1110 3038 1154 3096 edd.

160 3109 291 3166 onteGet.
307 3113 319 3180 1<
329 3113 359 3166 eh
372 3111 427 3182 ipsi
439 3117 476 3170 lt.
494 3111 543 3170 sed
555 3111 611 3182 ipsi
624 3116 650 3168 d
674 3113 725 3170 sed
737 3113 799 3184 ipsa
808 3132 856 3171 rra.
874 3119 878 3182 Ι
893 3115 956 3173 aaa.
966 3131 1022 3186 qn.
1069 3107 1154 3170 nubis

161 3185 196 3235 Ι.
215 3181 294 3236 urbis
306 3197 467 3241 comeare..
534 3183 708 3244 edeleetum
718 3189 765 3242 do.
788 3185 842 3242 dil·
854 3191 910 3244 !r.
970 3194 993 3246 a
1007 3184 1153 3244 mirrehshr

161 3257 197 3306 ι
270 3259 310 3308 11.
323 3254 381 3309 aun
398 3260 434 3308 aa.
463 3255 523 3312 ute
539 3271 563 3310 r.
591 3256 682 3314 altera
698 3273 723 3312 v.
747 3258 752 3325 ι
774 3257 936 3318 maereat
1013 3265 1053 3316 ιι.
1065 3263 1094 3314 aa
1108 3253 1152 3332 ain
1179 3297 1180 3330 ζ

158 3322 263 3378 iniuria
279 3325 353 3380 Doti.
368 3343 435 3382 ann.
444 3326 516 3394 phil.
530 3331 606 3382 1858
615 3345 646 3396 p.
658 3331 721 3384 664.
749 3328 853 3386 immin
867 3336 902 3386 Ι.
915 3347 972 3386 ‚orn
985 3347 1029 3386 re.
1053 3329 1082 3386 in
1094 3337 1151 3382 euna
1179 3345 1180 3360 ¹

155 3393 289 3450 Mostene.
345 3445 349 3452 .
378 3402 414 3452 12
437 3396 589 3466 plurimum
597 3400 709 3468 -poln
726 3415 777 3456 om.
791 3406 827 3460 1·
924 3408 956 3459 13
980 3401 1149 3472 propmreai-

160 3478 209 3517 om.
225 3482 249 3517 a.
332 3471 365 3522 ta
384 3483 487 3525 sonum
502 3467 697 3528 HBnuolduc.
725 3489 857 3530 somnum
874 3473 1011 3532 Μάγα.
1036 3483 1149 3528 summum

156 3509 246 3586 Bari.
319 3541 356 3616 ²².
373 3537 495 3594 ciomoni
512 3539 626 3594 arana.
672 3589 676 3596 .
706 3547 739 3616 18
758 3545 879 3616 agrippa
896 3551 934 3602 11.
951 3561 1001 3602 on.
1015 3564 1039 3602 s.
1060 3544 1065 3616 l
1084 3555 1148 3597 aon

159 3603 194 3652 Ι.
225 3603 229 3666 Ι
258 3602 295 3654 ad
311 3617 387 3660 emm
405 3613 440 3662 Η.
530 3615 566 3662 'ao
589 3611 682 3679 petria
700 3626 751 3670 sne
770 3633 795 3672 a.
887 3623 921 3674 al
943 3618 1015 3676 inter
1031 3632 1089 3672 eun
1103 3616 1147 3666 1:
1178 3651 1179 3670 1

160 3667 285 3731 helmam
303 3688 347 3726 rc.
375 3677 496 3744 primam
515 3684 550 3733 Π,
1025 3705 1029 3712 ·
