2286 3938
187 177 230 242 20
534 172 564 229 c.
582 157 682 228 inrui
701 169 858 226 suenum

132 337 166 388 ‘19
255 319 312 388 lt.
339 324 453 386 Ferunt
472 321 612 384 Crassum
630 338 718 382 amm
732 319 831 381 Crassi
848 319 879 380 in
894 316 1011 380 Parthis
1029 319 1138 378 interam

185 431 349 496 numquam
380 415 496 495 risisse,
528 409 566 472 ob
594 410 624 472 id
651 408 821 489 Agelastum
848 415 998 490 vocatum,
1029 407 1138 468 siculis

185 505 274 568 nesse
300 503 420 566 multos,
467 501 621 563 Socratem
648 499 763 565 clarum
785 499 929 580 sapientia
956 495 1060 558 eodeni
1080 514 1138 574 semp

185 595 283 657 visum
305 590 403 675 vultu,
433 609 489 652 nec
512 597 564 652 aut
585 589 680 650 hilaro
707 589 801 666 magis
824 595 875 648 aut
897 585 1027 648 turbato.
1070 588 1121 646 exit

186 685 277 744 animi
299 689 386 742 tenor
409 678 567 759 aliquando
594 680 626 740 in
648 679 779 758 rigorem
805 676 953 756 quendam
975 679 1138 738 tenuitatem

186 779 310 832 naturae
329 769 435 832 duram
454 776 485 830 et
502 766 707 848 inflexibilem,
726 767 908 846 affectusque
927 765 1072 826 humanos
1089 763 1138 824 adir

187 859 289 940 quales
313 854 448 920 ἀπαθεῖ(
467 857 574 920 Graeci
596 863 702 918 vocant
721 855 831 917 multos
854 857 919 916 eius
937 857 1057 934 generis
1079 873 1137 932 expe

134 963 169 1012 80
187 947 327 1029 quodque
349 949 460 1010 mirum
483 949 530 1028 sit,
553 954 690 1008 auctores
713 945 840 1006 maxime
858 945 1032 1025 sapientiae,
1053 943 1138 1020 biuga

115 1041 118 1052 '
187 1037 339 1118 Cynicum,
362 1035 557 1118 Pyrrhonem,
580 1033 772 1117 Heraclitum,
794 1033 959 1115 Timonem,
981 1033 1062 1096 hunc
1083 1029 1138 1112 quil

186 1129 276 1188 etiam
298 1128 330 1186 in
348 1128 441 1188 totins
464 1124 566 1186 odium
584 1125 703 1204 generis
725 1123 848 1186 humani
870 1130 1018 1184 evectum.
1057 1119 1136 1182 sedh

185 1233 277 1298 parva
299 1223 422 1276 naturae
440 1216 568 1294 insignia
591 1216 622 1274 in
644 1212 750 1298 multis
766 1215 846 1274 varia
868 1219 1097 1292 cognoscuntur,
1116 1217 1138 1269 ut

186 1306 314 1366 Antonia
331 1303 422 1365 Drusi
444 1321 606 1384 numquam
629 1305 797 1384 exspuisse,
818 1304 850 1362 in
868 1301 1035 1382 Pomponio
1059 1297 1138 1362 consu?

187 1401 276 1475 poeta
299 1412 359 1454 non
381 1400 525 1456 ructasse.
541 1425 583 1435 ——
599 1385 730 1474 (Quibus
749 1399 855 1454 natura
878 1399 1022 1452 concreta
1041 1397 1106 1452 sunt
1121 1407 1138 1447 o

188 1484 240 1563 qui
264 1491 335 1544 sunt
357 1485 425 1544 rari·
441 1481 614 1563 admodum,
636 1484 738 1542 cornei
760 1474 928 1564 vocantur.)
953 1475 998 1525 ‘-

134 1590 168 1638 81
257 1566 316 1634 20.
341 1564 414 1654 (19)
446 1570 578 1654 Corpore
597 1588 685 1632 vesco
708 1569 761 1632 sed
784 1572 899 1632 eximiis
916 1569 1035 1632 viribus
1052 1569 1138 1631 Tritan

188 1664 220 1722 in
243 1660 414 1740 gladiatorio
434 1661 517 1743 ludo,
542 1660 719 1722 Samnitium
742 1667 891 1722 armatura
913 1659 1078 1740 celebrem,
1098 1658 1138 1718 fiir

189 1769 246 1830 que
276 1753 340 1812 eius
369 1749 494 1811 militem
520 1750 619 1830 Magni
646 1749 781 1832 Pompei,
814 1757 845 1811 et
871 1757 971 1810 rectos
1003 1757 1034 1810 et
1059 1757 1138 1810 trater

189 1839 373 1902 cancellatim
387 1847 450 1902 toto
469 1857 595 1919 corpore
609 1837 749 1901 habuisse
767 1856 889 1921 nervos,
909 1841 941 1900 in
954 1837 1100 1900 bracchiis
1112 1837 1138 1944 etp

188 1928 400 2011 manibusque,
432 1937 537 1990 auctor
565 1936 611 1990 est
637 1927 743 1990 Varro
772 1930 805 1989 in
831 1927 1073 2009 prodigiosarum
1096 1927 1137 1996 riri

189 2019 347 2099 relatione,
376 2026 466 2098 atque
494 2020 582 2078 etiam
603 2016 721 2078 bostem
747 2016 783 2078 ab
808 2035 843 2078 eo
871 2037 908 2078 ex
930 2020 1128 2098 provocatione

189 2109 317 2168 micante
331 2109 439 2168 inermi
454 2107 575 2168 dextera
593 2105 612 2147 *
627 2114 802 2186 superatum
818 2114 848 2168 et
862 2115 1019 2188 postremo
1039 2109 1136 2188 corrept

135 2205 171 2256 82
191 2194 285 2258 *uno
304 2195 396 2276 digito
411 2195 431 2236 ‘i
446 2199 477 2258 in
496 2203 592 2258 castra
610 2195 757 2258 tralatum.
786 2202 816 2256 at
833 2193 958 2258 Vinnins
973 2195 1080 2258 Valens
1096 2213 1132 2254 ma

189 2287 221 2346 in
243 2287 392 2365 praetorio
416 2284 476 2346 divi
499 2286 625 2366 Arrgusti
648 2287 798 2366 centurio,
823 2285 958 2346 vehicula
983 2284 1080 2365 [cnm]
1102 2211 1135 2344 ml

190 2374 413 2444 onustatdoneo
437 2377 660 2436 exinanirentur
684 2376 833 2436 sustinere
853 2375 972 2456 solitus,
998 2363 1134 2456 carpental

188 2462 336 2544 prehensa
365 2482 425 2525 una
453 2481 542 2525 manu
572 2465 717 2545 retinere,
750 2461 876 2526 obnixus
907 2473 1016 2526 contra
1045 2461 1133 2556 nitenti

189 2555 349 2634 iumentis,
363 2561 393 2614 et
415 2552 471 2613 alia
488 2553 613 2613 mirifica
632 2553 729 2614 lacere
748 2570 823 2632 quae
842 2553 993 2634 insculpta
1017 2567 1132 2616 manunt

137 2644 258 2704 eteius
286 2649 466 2722 spectantur.
512 2640 591 2710 idem
618 2641 655 2702 M.
674 2640 795 2703 Varro:
832 2639 1105 2724 Rusticeliu5,'

262 2891 278 2938 2
298 2885 370 2939 sicut
386 2890 439 2939 Bd.
513 2891 529 2940 5
549 2885 644 2941 animo
662 2889 760 2939 Med.
829 2887 965 2942 enatura
984 2887 1071 2942 durae

189 2957 334 3025 sectusque
357 2956 426 3009 1²2²
443 2956 513 3012 Rob.
542 2956 591 3012 eff·
608 2974 632 3010 r.
705 2961 722 3010 8
745 2957 875 3028 quodque
897 2963 950 3013 lto.
977 2958 1057 3028 quod
1076 2974 1095 3010 r.

189 3028 275 3098 poete
292 3045 446 3097 numquam
463 3034 488 3082 B
501 3027 547 3098 (I).
575 3030 661 3098 poeta
677 3045 734 3084 non
752 3045 776 3083 r.
803 3032 808 3100 Ι
831 3031 933 3084 notura
950 3046 975 3085 c.
1002 3046 1060 3084 -cae
1078 3029 1108 3082 iti

190 3114 242 3154 uos
254 3099 340 3167 poetri
358 3115 419 3154 cum
438 3099 496 3155 Uri.
515 3101 591 3154 obed.
609 3117 638 3154 a.
648 3104 712 3156 158.
804 3105 837 3155 15
856 3118 940 3157 ueseo
958 3102 1037 3155 ΒΨ.
1065 3119 1081 3154 u

190 3173 287 3226 utesco
305 3175 336 3223 R.
354 3171 474 3226 utescos
492 3188 516 3224 r.
551 3172 555 3239 Ι
588 3171 724 3226 tritanum
742 3171 779 3225 ⁸².
809 3171 1095 3238 ·annumSola'c.1‚t

190 3243 328 3298 bubonum
345 3257 369 3296 r.
399 3240 450 3307 cfr.
469 3241 595 3299 Heibcer.
614 3243 712 3310 eptem
732 3244 815 3314 epigr.
835 3247 928 3301 1148.
1019 3249 1050 3298 18
1069 3260 1081 3296 e

189 3314 242 3369 tim
261 3317 285 3366 d.
315 3311 386 3368 ·cill-
404 3329 428 3368 r.
501 3319 535 3368 19
554 3313 584 3368 in
601 3320 632 3367 n.
655 3331 705 3369 om.
724 3331 748 3370 r.
769 3315 774 3384 Ι
794 3315 1020 3386 prodigiosarum
1038 3316 1090 3370 Iao

190 3385 278 3442 Solio.
298 3385 315 3440 l.
335 3384 352 3438 l.
381 3401 443 3440 -osa
461 3385 488 3442 ll.
573 3391 607 3441 20
625 3385 762 3442 relatione
781 3385 863 3441 1²3⁹.
892 3388 960 3442 etat
980 3392 1050 3442 edu.
1077 3401 1100 3438 se

261 3463 294 3511 21
315 3455 495 3514 dimicantem
514 3456 590 3510 ΙΨ.
614 3461 645 3512 at
662 3473 686 3510 v.
705 3456 793 3514 Solius.
813 3464 843 3529 1,
858 3463 902 3514 76.
988 3463 1023 3513 22
1042 3474 1090 3512 uno

189 3528 222 3582 in
240 3527 268 3582 ll.
287 3529 415 3596 tepenter
427 3533 493 3598 post
511 3527 632 3583 dextera.
661 3544 708 3597 eqo
726 3532 886 3600 temporat
903 3531 962 3586 coll.
981 3529 1065 3586 Solia.
1082 3528 1095 3582 l.

181 3603 225 3651 „23
244 3600 360 3654 mutum
378 3614 424 3668 eqo
439 3599 531 3668 posui.
595 3604 629 3654 27
648 3597 724 3654 idem
743 3600 842 3656 Sabell.
869 3601 933 3656 ideo
952 3603 981 3657 ll.
1006 3604 1011 3670 1
1037 3597 1104 3654 Rusti

190 3667 263 3724 Detl.
282 3685 350 3723 mus.
368 3669 456 3724 Rben.
480 3673 585 3724 XVIII
594 3673 702 3739 penu
730 3672 830 3726 -cellus
849 3673 876 3728 ll.
