2408 3934
196 239 258 304 156
540 250 571 300 o.
593 251 691 300 annu
713 249 861 299 succum

197 410 291 471 omnia
309 424 361 469 sua
375 404 554 468 mirantibus.
584 407 614 466 in
637 407 701 466 sinu
719 405 855 486 oppidum
870 403 1037 466 Ambracia.
1065 399 1183 463 llolosso

196 513 259 556 rum
275 493 389 554 domina
404 491 524 572 Aphas,
547 491 704 569 Aratthos,
726 492 827 551 civitas
845 489 1023 566 Anactoria,
1045 488 1119 549 locos
1131 488 1183 546 Pau·

197 579 290 639 dosia.

163 669 180 720 5
263 660 328 743 (2.)
351 661 534 722 Acarnaniae
562 679 637 739 quae
662 668 748 721 antea
776 657 893 720 Curetis
921 657 1082 719 uocabatur
1103 655 1182 735 oppidu

198 745 345 824 lleraclia,
361 744 501 824 Echinus,
514 754 545 806 et
562 747 590 806 in
610 763 663 805 ore
675 746 742 824 ipso
754 744 869 804 colonia
881 743 1009 822 Augusti
1022 742 1130 802 Aetium
1139 760 1199 800 cum

199 831 310 911 templo
321 831 467 910 Apollinis
478 829 570 890 nobili
586 847 620 890 ae
631 831 750 889 ciuitate
762 828 855 888 lihera
869 826 1087 906 Nicopolitana.
1102 824 1183 902 Egres-

199 933 250 976 sos
275 915 339 975 sinu
354 915 511 975 Ambracio
529 916 558 974 in
577 913 689 974 lonium
710 914 819 992 excipit
838 911 1013 973 leucadium
1033 909 1117 988 litus,
1138 927 1183 988 pro·

198 1002 371 1060 munturium
385 997 545 1076 Leucates,
565 998 634 1059 dein
651 999 731 1058 sinus
752 1015 786 1058 ac
800 995 943 1057 leucadia
963 998 1028 1076 ipsa
1043 995 1184 1074 paeninsula

199 1085 342 1163 qnondam
364 1082 475 1144 Neritis
497 1083 660 1163 appellata,
686 1099 779 1161 opere
798 1081 964 1142 adcolarum
986 1080 1101 1141 abscisa
1119 1079 1184 1139 eonti-

198 1171 279 1229 nenti
298 1187 332 1230 ac
351 1169 464 1230 reddita
480 1176 632 1229 ventorum
656 1165 724 1227 datu
746 1167 914 1244 congeriem
935 1165 1065 1226 harenae
1082 1164 1199 1224 adamo-r

199 1251 334 1330 lentium,
356 1254 405 1331 qui
423 1251 505 1313 locus
527 1260 648 1313 vocatur
669 1251 827 1327 Dioryctos
850 1250 1009 1311 stadiorum
1032 1245 1185 1328 longitudine

198 1339 294 1398 trium.
319 1336 455 1416 oppidum
470 1339 499 1396 in
515 1355 549 1398 oa
566 1335 695 1415 leucas,
712 1335 853 1415 quondam
869 1332 1003 1394 Neritum
1020 1333 1132 1394 dietum.
1148 1332 1185 1391 tta·

198 1421 266 1482 inde
279 1420 460 1520 Acarnanum
471 1420 561 1482 urbes
573 1421 690 1498 Alyzia,
709 1420 835 1497 Stratos,
848 1420 947 1497 Argos
963 1417 1185 1498 Amphilochium

198 1503 1000 1652 tttllmttltullllllltitltldlttt
1014 1503 1185 1648 tltlnltt

198 1689 251 1736 rae
267 1676 385 1734 invectu
399 1675 559 1735 continenti
576 1673 744 1736 adnectens.

164 1763 182 1817 o
262 1755 293 1822 2.
309 1755 372 1838 (3.)
394 1758 568 1820 Aetolorum
582 1757 683 1838 populi
699 1757 887 1836 Athamanes,
902 1751 1076 1838 Nymphaei,
1091 1756 1185 1837 Ephyri.

199 1844 384 1919 Accienses,
401 1842 572 1921 Perrhaebi,
592 1843 742 1922 Dolopes,
758 1842 901 1920 Maraces,
915 1842 1062 1922 Atraces,
1078 1861 1094 1903 a
1109 1844 1185 1921 quihus

199 1927 293 1989 Atrax
305 1930 395 1988 amnis
407 1927 491 1988 lonio
502 1929 572 1989 mari
585 1928 752 1988 infunditur.
776 1926 913 1988 Aetoliae
931 1928 1072 2007 oppidum
1084 1923 1185 2004 Calydon

200 2022 247 2073 est
264 2011 319 2072 Vll
344 2011 373 2070 tt
391 2010 416 2070 D
440 2029 517 2090 pass.
542 2031 559 2074 a
583 2014 654 2072 mari
676 2014 756 2092 iuxta
771 2009 902 2073 Euenum
921 2029 1045 2074 amnem.
1076 2010 1185 2072 deinlln·

200 2098 295 2173 cynia,
307 2093 459 2173 lllolycria,
476 2083 558 2157 c'uins
574 2115 591 2158 a
606 2106 692 2176 tergo
706 2094 822 2157 Chalcis
837 2114 919 2157 mous
930 2105 962 2156 et
977 2095 1158 2176 Taphiassos,
1171 2106 1185 2152 nt

198 2181 294 2324 llll}
307 2178 1186 2342 tltttllltllll‘ll'ldlttlttlttlllllll

1074 2287 1082 2326 1

199 2365 216 2407 a
239 2346 457 2425 Peloponneso.
486 2351 714 2427 promunturium
738 2350 815 2428 quod
835 2285 1094 2434 eontralphocedit
1114 2349 1187 2429 appel·

199 2431 275 2492 latur
286 2432 392 2493 Rhion.
414 2431 467 2493 sed
482 2433 511 2493 in
524 2432 676 2494 Corinthio
689 2434 752 2494 sinu
765 2435 870 2514 oppida
882 2433 1022 2496 Aetoliae
1033 2433 1197 2516 Naupactoo

198 2515 386 2595 Eupalimna,
410 2526 441 2577 et
457 2519 485 2576 in
507 2519 721 2580 mediterraneo
740 2516 884 2595 Pleuron,
905 2518 1070 2582 Halisarna.
1088 2520 1197 2596 'montes

199 2599 270 2660 clari
285 2603 315 2661 in
330 2601 456 2662 Dodone
472 2600 628 2680 Tomaros,
649 2604 679 2662 in
693 2602 847 2664 Ambracia
864 2601 985 2683 Grauia,
1004 2607 1035 2666 iu
1052 2605 1188 2666 Acarnania

198 2685 400 2764 Aracynthus,
416 2686 446 2745 in
464 2686 583 2746 Aetolia
599 2686 750 2765 Achaten,
766 2686 981 2766 Panaetolium,
999 2687 1162 2767 lllacyninm

164 2783 179 2833 t
258 2768 288 2832 3.
305 2767 367 2850 (4.)
392 2769 520 2830 Proximi
537 2771 655 2832 Aetolis
671 2771 756 2832 Locri
771 2775 1012 2851 cognominantur
1026 2773 1148 2852 Ozolae,
1162 2775 1186 2832 iu·

197 2854 1107 3022 alltcllll,llll‘hall‘tullll‘hllttll’
1130 2861 1184 3004 tlt

197 3024 297 3084 misus.
320 3022 396 3082 ultra
408 3019 540 3084 Cirrhaei
552 3023 687 3085 Phocidis
700 2984 809 3106 ohmpi,
824 2986 961 3106 oppidum
974 2989 1185 3108 Cirrha,'portas

199 3103 358 3184 Chalaeon,
375 3125 392 3174 a
408 3124 466 3185 quo
482 3105 579 3166 Vlllll
594 3126 672 3186 pass.
690 3111 834 3172 introrsus
849 3110 974 3172 liberum
992 3112 1127 3192 oppidum
1141 3111 1185 3171 llul

198 3189 247 3268 phi
264 3191 432 3252 submonte
450 3190 578 3252 Parnaso
600 3193 761 3254 clarissimi
775 3196 803 3255 in
821 3198 909 3256 terris
926 3197 1037 3258 oraculi
1053 3197 1184 3278 Apollinis.

164 3281 181 3332 8
198 3273 264 3333 lons
282 3271 444 3353 Castalius,
465 3277 556 3337 amnis
574 3275 718 3356 Cephisus
734 3280 899 3358 praelluens
915 3280 1067 3362 Delphos,
1084 3291 1157 3344 ortus
1170 3281 1184 3338 ir

196 3355 295 3420 Lilaea
310 3361 393 3421 urhe.
422 3360 564 3438 quondam
580 3372 734 3441 praeterea
757 3365 895 3444 oppidum
916 3364 1001 3427 Crisa
1019 3375 1050 3428 et
1072 3386 1131 3428 cum
1150 3365 1184 3426 Bu-

196 3441 328 3503 lensihus
340 3443 491 3523 Anticyra,
507 3444 702 3525 Naulochum,
718 3448 845 3527 Pyrrha,
857 3449 996 3529 Amphisa
1012 3453 1141 3528 inmunis,
1156 3448 1184 3507 ll·

147 3603 150 3609 Δ
196 3525 314 3608 throne,
326 3526 475 3608 Tithorea,
487 3529 660 3610 Ambrysus,
671 3531 791 3610 Mirana,
813 3552 887 3614 quae
899 3537 985 3612 regio
997 3535 1097 3597 Daulis
1108 3533 1195 3616 appel*
