2396 3940
137 147 203 214 316
486 145 515 202 C.
533 145 632 202 PLINI
651 143 820 200 SECUNDI·

137 301 263 381 recenti,
280 299 392 380 cypiro,
410 295 530 380 calamo,
548 295 691 378 meliloto,
708 295 778 356 leno
797 295 921 376 Gracco,
943 292 1037 376 melle,
1057 310 1137 374 maro,

138 405 282 450 amaraco.
327 387 385 448 boo
408 385 503 448 multo
527 395 592 448 erat
614 384 845 446 celeberrimum
867 383 1021 446 Menandri
1045 389 1138 462 poetae

138 479 245 538 comici
263 483 368 538 aetate.
403 484 508 557 postea
526 477 672 538 successit
690 483 815 556 propter
832 473 957 554 gloriam
975 471 1139 554 appellatum

137 565 306 650 megalium,
324 585 361 628 aa
380 565 445 627 oleo
463 565 610 648 balanino,
629 562 797 646 [balsamo,]
818 563 940 646 calamo,
957 565 1055 644 iunco,
1071 560 1139 640 sylo

136 653 277 738 balsamo,
300 657 387 738 casia,
408 657 517 718 resina.
561 655 652 716 buius
678 656 847 736 proprietas
875 660 909 716 ut
935 651 1092 714 ventiletur
1115 653 1161 710 ins

137 745 304 828 coquendo,
317 745 412 806 donec
427 745 543 808 desinat
560 743 651 806 olere.
678 761 785 806 ronsus
804 743 1015 822 refrigeratum
1033 740 1142 802 odorem

85 843 119 892 14
137 853 226 897 suum
245 836 333 915 capit.
368 833 479 914 singuli
497 852 617 914 quoque
640 836 707 895 suci
728 832 839 896 nobilia
856 839 1011 912 unguenta
1029 831 1143 891 iaciunt:

136 925 168 984 in
195 925 301 1004 primis
328 922 560 1005 malobathrum,
591 931 696 1004 postea
727 925 781 984 iris
808 921 925 1003 Illyrica
951 929 983 982 ct
1012 919 1143 1000 Cyzicena

137 1029 304 1096 amaraom,
330 1011 492 1076 herbarum
515 1021 651 1092 utraque.
695 1011 743 1074 vel
769 1030 864 1092 pauca
890 1011 938 1072 bis
965 1019 997 1072 et
1023 1009 1081 1070 alia
1103 1007 1144 1069 alii

136 1103 277 1186 miscent,
304 1103 358 1182 quui
383 1103 512 1183 plurima
539 1101 677 1164 alterutri
702 1101 777 1183 mel,
801 1100 872 1164 salis
892 1100 1012 1182 florem,
1035 1098 1173 1180 ampla-o

84 1200 117 1248 15
138 1193 231 1274 cium,
254 1195 323 1272 agni
345 1191 428 1275 lolia,
454 1207 606 1272 panacem.
652 1200 775 1253 externa
803 1192 902 1252 omnia
929 1198 960 1252 et
986 1189 1144 1270 prodigiosa

137 1283 357 1344 cinnamomino
378 1283 485 1363 pretia.
530 1281 659 1346 adicitur
682 1283 820 1344 cinnamo
846 1279 1020 1343 balaninum
1049 1278 1144 1359 oleum,

136 1369 378 1454 xylobalsamum,
400 1370 540 1454 mamus,
561 1373 654 1453 iunci,
676 1369 801 1432 balsami
818 1371 940 1454 semina,
962 1387 1076 1451 murra,
1095 1365 1144 1428 mel

137 1460 302 1524 odoratum.
347 1469 570 1542 unguentorum
599 1461 656 1522 boc
686 1462 914 1524 crassissimum.
958 1460 1059 1540 pretia
1084 1459 1144 1518 eia

136 1547 166 1609 Χ
181 1564 281 1612 xxxv
303 1551 340 1614 ad
363 1550 483 1614 dccc.
528 1551 688 1614 nardinum
711 1553 773 1612 sive
796 1549 931 1612 foliatum
954 1555 1072 1612 constat
1093 1557 1172 1607 oms

81 1646 86 1655 “
135 1637 242 1717 pbaoio
266 1648 318 1702 aut
339 1638 492 1722 balanino,
514 1643 618 1723 iunco,
641 1647 739 1723 costo,
762 1639 870 1722 nardo,
893 1657 1023 1720 amomo,
1046 1653 1145 1718 murra,

83 1736 117 1785 16
137 1725 278 1794 balsamo.
324 1732 356 1792 in
383 1729 440 1792 hoc
467 1749 577 1812 genere
606 1732 763 1793 conveniet
791 1730 964 1792 meminisse
994 1725 1144 1790 herbarum

137 1836 213 1898 quae
241 1819 368 1882 nardum
394 1819 530 1883 lndicnm
556 1819 748 1882 imitarentur
775 1821 891 1899 species
913 1831 994 1880 vnn
1024 1836 1041 1880 a
1069 1815 1144 1878 nobis

82 1903 231 1992 „Qesse
249 1909 352 1972 dictas.
388 1917 469 1972 tanta
487 1912 612 1972 materia
634 1908 821 1972 adulterandi
843 1916 898 1970 est.
934 1910 1034 1972 omnia
1055 1916 1143 1968 autem

137 2001 270 2060 acutiora
294 2000 369 2064 fiunt
391 2006 642 2082 costo,'amomo,
665 2017 742 2078 quae
764 2000 891 2062 maxime
917 2016 1007 2073 nares
1034 1997 1170 2076 feriunta

137 2090 284 2150 crassiora
316 2107 418 2152 murra
451 2091 665 2172 suavioraque,
702 2089 867 2150 medicinae
899 2096 1001 2149 autem
1036 2085 1143 2147 utiliora

138 2193 241 2257 croco,
273 2181 417 2242 acerrima
443 2197 500 2260 per
524 2197 560 2240 se
588 2194 715 2242 amomo.
760 2177 818 2240 boc
846 2185 877 2239 et
904 2179 1010 2258 eapifis
1037 2175 1143 2238 dolores

136 2265 215 2324 lacit.
261 2266 381 2344 quidam
404 2271 476 2330 satis
498 2267 610 2330 habent
636 2267 815 2348 adspergere
844 2285 919 2348 quae
948 2275 1020 2328 sunt
1044 2267 1142 2346 pretio

136 2355 254 2416 sissima
277 2359 386 2418 ceteris
408 2357 554 2441 decoctis,
581 2357 723 2439 inpendio
750 2364 922 2440 parcentes,
948 2355 1084 2418 sednon
1105 2363 1142 2414 est

82 2447 115 2498 1⁷
136 2442 240 2506 eadem
258 2446 302 2506 vis
320 2447 379 2508 nisi
401 2466 461 2508 una
483 2447 624 2510 decoctis.
660 2464 764 2508 murra
786 2455 817 2508 ct
834 2464 889 2526 per
912 2465 945 2508 se
968 2453 1169 2526 tmguentum2⁵

134 2533 205 2596 lacit
229 2535 292 2596 sine
317 2535 396 2618 oleo,
419 2544 513 2598 stacte
536 2535 702 2618 dumtaxat,
729 2535 841 2616 alioqui
867 2537 989 2599 nimiam
1016 2536 1140 2596 amarita-

135 2622 236 2686 dinem
254 2623 359 2714 adfert.
397 2628 520 2706 cyprino
538 2626 633 2688 uiride
652 2626 695 2708 tit,
716 2627 821 2688 susino
840 2627 1050 2708 unguinosum,
1070 2623 1139 2684 lien·

135 2711 219 2774 desio
242 2715 376 2798 nigrum,
403 2715 529 2777 rhodino
553 2715 727 2798 candidum,
757 2733 860 2776 murra
881 2713 1032 2795 pallidum.
1077 2713 1138 2774 baec

136 2809 206 2862 sunt
240 2805 378 2884 antiquae
411 2807 591 2866 inventionis
624 2823 733 2884 genera
771 2813 801 2866 et
831 2813 937 2885 postea
968 2805 1138 2866 officinarum

210 3011 342 3082 loypiro
359 3018 391 3069 n
425 3029 504 3084 —pero
522 3011 610 3072 Borb.
644 3028 707 3082 -pro
726 3012 883 3069 reddeat.
978 3012 1097 3068 amulio
1111 3015 1136 3064 k

133 3097 183 3139 om.
203 3099 247 3138 ro.
311 3084 520 3154 3posteaSa‘ll.
547 3086 647 3155 postea
660 3083 751 3140 multo
766 3084 827 3143 llo.
889 3081 1135 3154 4balsamodlllo.

132 3165 183 3282 gigo.
198 3171 221 3210 r.
244 3170 330 3282 ιῖῑπσῆε
348 3172 395 3282 {ipo
408 3157 502 3239 posui,
588 3155 717 3212 ocolsre
735 3155 801 3211 Ni.
831 3155 925 3214 colore
943 3175 968 3212 ι
1054 3155 1137 3210 shar-

132 3244 233 3376 offi
242 3245 376 3353 azsnaqasas
405 3227 825 3358 illablldofflfdlb
837 3228 966 3368 affin!
988 3225 1135 3356 mavia*

132 3364 518 3425 nlimnadmdooteBorb.
548 3375 614 3426 alt.
711 3377 743 3428 11
763 3371 941 3428 anonam.
1038 3370 1137 3426 tteia

131 3435 250 3515 Infert.
278 3437 319 3492 eis
337 3443 368 3494 n.
397 3439 457 3494 eius
475 3439 519 3496 θ’.
593 3447 626 3495 16
646 3441 811 3497 autulii
838 3445 872 3496 ut
883 3441 926 3498 1³¹.
946 3447 1076 3499 mado.

132 3507 167 3556 24
184 3506 317 3572 mpendio
336 3509 376 3578 (in
394 3509 478 3578 padio
495 3511 618 3580 B)-2o
637 3511 761 3568 decoctis
779 3513 908 3584 13012)
918 3513 978 3570 edd.
988 3512 1134 3572 cacelina.

131 3575 330 3631 annonara.
421 3586 455 3634 26
475 3582 631 3637 stacteoli.
718 3585 954 3654 dinngninoanm
966 3591 1020 3640 llo.
1045 3584 1132 3653 ing-r.

157 3655 181 3692 a.
195 3646 230 3694 ll.
303 3651 390 3702 ΜΒ
409 3649 552 3706 Mendesio
571 3667 622 3706 om.
635 3658 678 3710 ll..
847 3679 851 3686 -
