2396 3940
273 135 357 192 NAT.
375 137 469 192 uisu.
489 137 542 192 XII
564 143 668 194 1r-1e
688 140 815 209 (ae-42>
986 140 1050 206 301

47 289 255 367 acervatimque
288 295 428 367 congesta
459 287 567 348 honori
603 288 779 350 cadaverum
812 308 886 370 quae
919 291 965 352 dis
996 310 1051 372 per

46 377 169 456 singulas
197 379 289 438 micas
319 377 435 438 dantur.
487 395 542 438 nec
572 379 671 439 minus
702 381 826 459 propitii
857 388 943 442 eraut
974 381 1051 442 mola

45 465 114 527 salsa
131 465 375 548 supplicantibus,
397 467 487 528 numo
510 485 591 548 vero,
614 474 648 528 ut
665 467 761 548 palam
785 476 844 551 est,
866 469 1051 550 placatiores.

46 575 141 618 verum
163 556 287 618 Arabiae
312 558 474 618 etiamnum
496 555 613 618 felicius
636 574 717 618 mare
741 565 795 619 est.
836 577 873 620 ex
895 558 946 620 illo
969 578 1049 620 nam·
1069 563 1105 612 84

30 660 96 726 tque
123 649 297 726 margaritas
324 647 424 708 mittit.
474 647 654 726 minimaque
682 645 902 728 computatione
932 649 1055 711 miliens*

44 743 161 796 centena
190 735 271 797 milia
301 737 474 798 sestertium
504 737 589 798 annis
620 735 758 798 omnibus
787 737 870 798 India
900 746 932 800 et
961 737 1051 802 Seres

44 833 70 886 et
95 825 269 906 paeninsula
298 825 346 886 illa
376 827 501 906 imperio
531 833 634 886 nostro
666 825 808 888 adimunt.
860 830 935 889 tanti
964 827 1050 890 nobis

44 915 158 976 deliciae
182 923 215 977 et
235 916 361 976 feminae
385 922 531 976 constant.
578 923 668 994 quota
695 919 775 978 enim
801 919 900 996 portio
928 935 964 980 ex
992 918 1050 980 illis

44 1005 74 1066 ad
97 1005 166 1066 deos
191 1023 302 1085 quaeso
325 1007 385 1066 iam
407 1004 454 1065 vel
477 1004 513 1065 ad
536 1004 649 1066 inferos
672 1003 852 1085 pertinet?

30 1109 33 1146 l
101 1089 156 1158 19.
171 1089 247 1179 (42)
267 1093 493 1156 cinnamomum
512 1101 542 1156 et
561 1096 655 1156 casias
673 1095 807 1156 fabulose
826 1099 957 1158 narravit
974 1098 1048 1157 anti·
1068 1097 1102 1148 85

43 1186 133 1263 quitas
159 1187 361 1264 princepsque
384 1183 589 1246 Herodotus
619 1187 717 1246 avium
746 1184 824 1246 nidis
854 1192 885 1246 ct
912 1187 1051 1264 privatim

42 1274 203 1355 phoenicis,
224 1276 256 1334 in
278 1292 339 1354 quo
362 1275 422 1335 situ
444 1272 534 1334 Liber
556 1281 641 1353 pater
664 1275 808 1336 educatus
831 1281 924 1355 esset,
947 1291 983 1334 ex
1006 1275 1050 1334 in·

43 1366 90 1424 viis
111 1363 239 1444 rupibus
269 1362 485 1443 arboribusque
517 1363 618 1424 decuti
647 1366 746 1424 carnis
777 1381 865 1443 quam
894 1364 975 1443 ipsae
1006 1365 1050 1424 in·

42 1454 148 1516 terrent
172 1452 304 1534 pondere
328 1461 380 1514 aut
401 1451 561 1534 plumbatis
585 1455 712 1536 sagittiS,
739 1455 812 1516 item
835 1454 943 1514 casiam
971 1455 1051 1514 circa

30 1543 155 1622 ¹paludes
179 1550 387 1624 propugnante
410 1541 561 1623 unguibus
585 1542 650 1604 diro
672 1540 917 1622 vespertilionum
940 1560 1050 1622 genere

41 1633 212 1713 aligerisque
244 1631 450 1714 serpentibus,
485 1631 533 1692 his
565 1634 741 1694 commentis
773 1639 916 1712 augentes
947 1649 1050 1692 rerum

40 1725 136 1801 pretia.
175 1725 313 1784 comitata
331 1740 402 1784 vero
425 1721 524 1784 fabula
547 1729 593 1783 est
616 1722 651 1783 ad
675 1721 832 1784 meridiani
855 1721 925 1782 solis
948 1739 1050 1802 reper·
1069 1723 1103 1774 86

41 1830 140 1874 cussus
159 1811 390 1876 inenarrabilem
408 1810 557 1891 quendam
575 1813 778 1872 universitatis
800 1811 926 1872 halitum
949 1829 965 1871 e
988 1818 1051 1872 tota

41 1901 208 1980 paeninsula
227 1903 371 1964 exsistere
389 1909 435 1962 tot
457 1918 603 1981 generum
625 1919 714 1962 aurae
739 1902 870 1980 spirante
894 1907 1051 1980 concentu,

30 1990 192 2072 ·llagnique
221 1990 381 2052 Alexandri
408 1989 553 2052 classibus
580 1989 718 2052 Arabiam
747 1991 878 2070 primum
908 1987 1051 2050 odoribus

42 2084 201 2143 nuntiatam
223 2084 255 2142 in
279 2081 380 2142 altum.
425 2081 524 2142 omnia
539 2079 632 2162 lalsa,
660 2079 808 2159 siquidem
831 2081 1051 2141 cinnamomum

41 2171 174 2252 idemque
192 2173 363 2232 cinnamum
381 2171 514 2232 nascitur
536 2171 568 2230 in
586 2169 741 2250 Aethiopia
759 2169 936 2250 Trogodytis
960 2186 1051 2230 conu-

41 2260 84 2322 bio
105 2263 261 2343 permixta.
307 2261 339 2322 hi
361 2267 529 2322 mercantes
551 2259 582 2320 id
606 2278 622 2320 a
645 2260 839 2320 conterminis
862 2257 975 2320 vehunt
996 2276 1051 2338 per
1069 2261 1103 2311 81

42 2354 127 2413 maria
148 2359 233 2414 vasta
255 2349 370 2412 ratibus
388 2367 463 2429 quas
485 2367 583 2429 neque
602 2347 803 2428 gubernacula
826 2356 931 2429 regant
953 2366 1051 2427 neque

30 2445 111 2502 tremi
133 2440 254 2504 trabant
276 2439 324 2500 vel
345 2439 501 2522 inpellant,
523 2457 584 2499 non
607 2436 680 2519 vela,
706 2455 767 2499 non
790 2439 865 2498 ratio
888 2437 947 2498 ufla
970 2437 1051 2497 adiu·

42 2539 99 2612 ret,
130 2531 265 2593 omnium
296 2531 390 2592 instar
422 2515 464 2589 ibi
491 2535 562 2590 sunt
591 2527 681 2588 bomo
712 2533 829 2588 tantum
860 2533 891 2586 et
922 2524 1052 2588 audacia.

42 2629 192 2698 praeterea
209 2618 369 2682 hibernum
386 2636 468 2680 mare
488 2611 610 2698 exigunt
627 2618 707 2678 circa
724 2614 869 2697 brumam,
888 2615 969 2676 euris
988 2622 1053 2676 tum

44 2713 163 2772 maxime
185 2708 335 2772 flantibus.
380 2708 412 2769 hi
435 2715 518 2770 recte
542 2725 634 2768 cursu
656 2725 711 2786 per
734 2707 818 2766 sinus
841 2702 987 2784 inpellunt
1011 2712 1052 2764 at·
1071 2708 1104 2758 88

44 2818 96 2878 que
127 2820 145 2862 a
176 2799 379 2882 promunturii
410 2796 523 2859 ambitu
555 2803 672 2876 argeste
700 2794 840 2856 deferunt
870 2795 902 2854 in
933 2801 1053 2874 portum

30 2887 271 2951 »Gebbanitarum
294 2889 346 2968 qui
363 2894 487 2948 vocatur
506 2885 608 2948 (Acilia.
645 2882 839 2965 quamobrem
861 2882 904 2944 illi
926 2883 1052 2944 maxime

44 2979 70 3040 id
86 2987 202 3062 petunt,
224 2978 415 3059 produntque
434 2978 483 3038 rix
502 2977 607 3057 quinto
627 2993 703 3036 anno
722 2975 834 3036 reverti
852 2973 1052 3054 negotiatores

109 3152 243 3208 darabie
259 3157 296 3206 1.
405 3156 420 3206 'l
444 3151 474 3205 et
490 3148 673 3221 paeneinsula
690 3154 725 3204 11.
757 3147 853 3219 paeni·
871 3151 922 3202 nd,
951 3145 1010 3200 -lae
1028 3163 1052 3200 e.

45 3223 134 3293 -laque
151 3240 175 3280 c.
202 3225 206 3292 Ι
231 3223 304 3280 tanti
321 3227 356 3278 n.
384 3223 426 3278 ·to
445 3238 490 3278 re.
576 3221 658 3276 nuel
677 3223 708 3276 ab
724 3226 759 3275 11.
787 3219 830 3274 nti
847 3218 885 3274 ad
902 3233 946 3276 oc.
1020 3223 1053 3272 13

46 3296 170 3351 arborum
183 3301 219 3350 11.
235 3297 240 3365 Ι
257 3293 384 3352 cauernis
397 3299 433 3350 ll.
506 3298 595 3350 13.14
611 3292 690 3363 ipsae
708 3292 845 3348 inferrent
856 3295 919 3346 Io:
938 3289 1000 3360 ipse
1012 3290 1055 3344 in·

46 3365 126 3422 ferret
143 3369 226 3438 (eret
237 3363 404 3436 nq'rnet.
477 3370 512 3420 14
531 3365 687 3420 eutlinde.
715 3366 745 3420 st
756 3368 792 3420 1.
853 3368 899 3419 ,19
918 3363 1056 3418 concentu

47 3442 98 3494 llo.
124 3441 249 3511 —ceptnm
266 3457 290 3494 r.
380 3441 415 3493 20
439 3478 499 3495 .....
504 3435 683 3492 madoribus
702 3437 737 3490 li.
766 3434 851 3492 odore
869 3434 993 3506 primum
1010 3449 1054 3488 rc.

112 3517 148 3567 24
163 3512 265 3582 regant
281 3510 344 3566 No.
378 3525 435 3566 sec·
454 3509 497 3564 12¹.
529 3525 589 3564 rex·
608 3525 633 3564 α.
666 3525 725 3563 sex·
744 3512 769 3563 d.
860 3510 894 3561 25
912 3505 973 3560 ulla.
990 3503 1054 3560 Dio.

48 3580 130 3638 illac.
182 3588 225 3640 25.
236 3589 270 3640 26
286 3581 401 3638 afflaret
413 3597 438 3636 c.
457 3580 531 3636 -uuit
543 3582 571 3636 11.
644 3586 679 3636 26
692 3580 781 3635 instar
794 3577 871 3634 ibic.
891 3576 976 3632 -abiri
988 3575 1054 3634 W,

49 3653 123 3709 -abili
141 3655 198 3710 2⁴1¹.
272 3660 306 3711 28
324 3655 439 3710 incursu
456 3658 481 3708 d.
519 3705 523 3712 ,
554 3659 588 3708 29
606 3653 719 3723 portum
737 3667 762 3708 e.
791 3652 834 3706 -tn
853 3651 881 3706 11.
