2308 3936
212 257 396 310 remense.
413 259 448 306 11.
470 253 589 308 as--oa
606 253 754 324 (so-uo.)
929 247 988 312 111

29 433 87 474 rasse
99 413 188 492 quihus
201 432 238 475 ex
253 413 297 475 his
314 413 397 476 cibus
412 415 527 479 luisset.
550 416 600 478 Sic
617 427 647 479 et
661 415 846 482 Pithecussas
862 419 892 480 iu
908 416 989 480 Cam·

31 516 79 575 paro
93 499 146 558 sinn
157 497 251 558 ferunt
269 507 361 578 ortas,
376 517 445 561 mox
459 502 489 562 in
502 500 548 562 his
564 511 691 564 montem
705 503 849 583 Epopon,
864 522 928 564 cum
943 523 989 565 re·

30 591 88 660 perte
101 581 196 644 hamma
207 601 245 644 ex
259 602 297 645 eo
310 585 489 664 emicuisset,
505 591 659 666 campestri
676 597 829 668 aequatum
841 588 988 668 planitiae.

30 671 47 725 ir
59 667 136 728 eadem
150 675 178 728 et
192 667 328 748 oppidum
342 669 474 731 haustum
489 671 645 751 promulo,
661 671 780 751 alioque
795 681 875 734 motu
891 681 989 734 terrae

17 760 122 830 astagoum
135 755 305 833 emersisse,
327 762 358 815 et
380 753 438 815 alio
455 755 621 834 provolutis
636 757 783 820 montibus
803 758 924 818 insulam
940 776 989 818 ex·

30 837 293 916 stitisseProchytam.

67 919 133 999 (90.)
151 922 279 1003 Namque
296 933 325 985 et
344 923 403 986 hoo
418 924 505 986 modo
520 926 629 989 insulas
650 945 747 988 rerum
765 936 865 989 natura
886 927 967 988 fecit.
979 934 1032 988 20⁴

28 1005 93 1065 euellit
106 1007 222 1068 Siciliam
243 1007 362 1088 ltaliae,
382 1007 510 1089 Cyprum
526 1011 646 1090 Syriae,
667 1010 818 1073 Euboeam
834 1011 988 1091 Boeotiae,

28 1089 126 1152 loloeae
140 1091 295 1154 Atalanten
312 1103 341 1154 et
358 1093 505 1172 Macrian,
521 1094 676 1157 Beshlcum
690 1095 861 1175 Bithyniae,
876 1095 988 1158 Leuco-

10 1176 70 1234 rasim
81 1175 197 1239 Sirenum
211 1181 426 1258 promunturio.

64 1257 100 1322 89.
114 1259 191 1342 (91.)
214 1261 328 1324 Rursus
349 1263 469 1324 abstulit
493 1265 602 1326 insulas
622 1267 692 1326 mari
715 1267 867 1348 iunxitque
888 1268 988 1345 terris,

28 1343 130 1406 intissam
143 1345 257 1426 lesbo,
279 1345 456 1427 Zephyrium
475 1347 682 1428 Halicarnaso,
701 1349 854 1412 Aethusan
868 1349 987 1429 Myndo,

26 1427 154 1492 lruniscon
171 1441 202 1492 et
222 1431 341 1493 Pernen
360 1431 481 1512 Mileto,
508 1433 717 1498 Narthecusum
737 1434 894 1497 Parthenio
920 1453 988 1515 pro·

26 1517 134 1576 nurturio.
165 1515 306 1594 llyhanda
326 1517 469 1597 quondam
490 1518 583 1580 insula
604 1519 705 1581 louiae
721 1517 769 1580 CC
788 1539 863 1582 nunc
885 1521 988 1581 amari

10 1597 78 1658 celest
91 1601 187 1662 stadiis.
222 1601 330 1680 Syrien
344 1601 481 1682 Ephesus
497 1604 527 1665 in
541 1603 757 1666 mediterraneo
773 1604 879 1684 habet,
897 1603 988 1668 Dera·

28 1681 74 1742 silas
90 1693 114 1744 et
127 1686 321 1766 Sapphoniam
336 1689 431 1749 vicina
449 1690 476 1750 ei
494 1687 655 1767 Magnesia.
693 1687 858 1769 Epidaurus
879 1697 909 1751 ct
925 1687 988 1748 Ori·

27 1785 63 1826 eun
75 1770 170 1832 insulae
187 1791 258 1833 esse
276 1771 434 1834 desierunt.

60 1850 96 1915 99.
116 1853 192 1936 (92.)
213 1856 248 1918 ln
267 1865 358 1917 totum
376 1858 495 1919 abstulit
518 1867 612 1920 terras
635 1861 757 1939 primum
778 1861 902 1920 omnium
920 1857 968 1920 ubi
981 1865 1030 1918 alto

27 1933 154 2001 Atlanticum
169 1959 250 2003 mare
273 1950 337 2019 est,
361 1944 386 2002 si
406 1943 520 2005 Platoni
544 1944 704 2022 credimus,
728 1945 860 2006 inmenso
879 1945 986 2024 spatio.

10 2027 66 2080 tuor
76 2026 193 2106 interno,
214 2043 292 2106 quae
310 2027 438 2088 videmus
453 2028 558 2106 hodie,
578 2047 701 2090 mersam
716 2028 907 2090 Acarnaniam
921 2028 989 2088 Am·

28 2105 89 2168 bracio
101 2112 169 2190 sinn,
185 2111 327 2174 Achaiam
342 2110 505 2191 Corinthio,
521 2111 669 2192 Europam
683 2113 841 2192 Asiamque
859 2112 989 2191 Propou-

27 2191 60 2250 tile
72 2203 94 2253 st
111 2194 210 2257 Ponto.
242 2198 280 2258 ad
301 2197 358 2258 hoc
379 2199 513 2280 perrupit
533 2217 613 2259 mare
629 2197 779 2276 Leucada,
797 2198 987 2277 Antirrhium,

28 2271 219 2361 hellespontum,
234 2281 389 2363 Bosporos
405 2283 487 2344 duos.

11 2371 12 2378 ’
62 2360 98 2424 91.
113 2364 189 2446 (93.)
210 2366 314 2446 Atque
331 2376 361 2428 ut
376 2369 476 2430 sinuos
492 2377 523 2429 et
540 2377 642 2447 stagna
656 2378 856 2449 praeteream,
874 2371 938 2448 ipsa
954 2389 987 2429 se

11 2433 99 2507 lconest
119 2459 201 2513 terra.
240 2452 397 2514 devorarit
418 2449 554 2514 Cibotum
579 2453 748 2514 altissimum
770 2463 897 2514 montem
924 2472 987 2514 cum

27 2532 96 2609 oppido
110 2532 233 2615 Caryae,
253 2536 385 2616 Sipylum
399 2537 429 2596 in
443 2536 593 2616 Magnesia
610 2547 639 2598 et
654 2539 735 2618 prius
752 2540 781 2598 in
798 2539 901 2600 eodem
920 2538 986 2598 loco

28 2613 165 2681 clarissimam
185 2622 292 2682 urbem
310 2639 384 2700 quac
400 2619 528 2682 Tantalis
543 2623 720 2699 vocabatur,
743 2621 869 2684 Galenes
886 2632 916 2683 et
935 2620 987 2683 Ga·

28 2695 82 2762 lanes
93 2705 192 2766 urbium
207 2708 238 2767 in
257 2705 407 2767 Phoenice
423 2724 512 2784 agros
528 2725 592 2768 cum
606 2709 691 2786 ipsis,
707 2705 848 2785 Phegium
864 2706 986 2766 Aethio-

29 2784 65 2853 llac
76 2790 157 2867 logum
173 2791 426 2869 excelsissimum,
447 2800 589 2870 tamquam
604 2809 662 2852 oon
684 2791 987 2870 inlidagrassarentur

11 2870 124 2936 totitem.

63 2955 100 3018 92.
118 2959 194 3041 (94.)
218 2961 360 3040 Pyrrham
381 2969 412 3022 et
431 2961 579 3021 Antissam
602 2962 678 3022 circa
699 2960 837 3022 Maeotim
858 2961 966 3022 Pontus
980 2969 1029 3022 206

29 3037 115 3122 ontulit,
132 3045 254 3108 Helicen
272 3055 302 3108 ct
319 3045 423 3109 Buram
438 3047 516 3106 sinus
533 3043 717 3124 Corinthios,
740 3064 858 3124 quarum
878 3048 906 3105 in
927 3046 986 3106 allo

27 3128 110 3204 uestigia
124 3141 270 3212 apparent.
301 3150 339 3193 ex
357 3130 450 3191 insula
468 3127 528 3190 Cea
550 3129 671 3210 amplius
687 3132 805 3209 triginta
824 3131 900 3190 milia
922 3149 985 3208 pas·

29 3223 77 3268 suun
88 3213 195 3295 abrupta
212 3217 313 3278 subito
326 3234 390 3276 cum
406 3215 536 3296 plurimis
550 3215 713 3275 mortalium
729 3217 834 3296 rapuit,
853 3225 883 3275 et
898 3217 927 3274 ln
943 3214 986 3274 Si·
1040 3229 1043 3234 “

12 3290 67 3352 tuille
81 3295 206 3362 dimidiam
220 3301 385 3379 Tyndarida
400 3300 503 3361 urhem
523 3316 557 3360 ac
578 3299 714 3380 quicquid
732 3299 767 3360 ab
786 3299 868 3362 ltalia
890 3299 986 3377 deest,

30 3376 118 3442 similiter
130 3387 157 3445 in
172 3385 298 3448 Boeotia
316 3385 466 3447 Eleusina.

66 3461 101 3527 93.
112 3466 183 3550 (95.)
195 3470 313 3532 Motuus
327 3472 402 3531 enim
414 3480 512 3532 terrac
525 3469 665 3530 sileantur
681 3479 710 3531 et
726 3469 862 3549 quicquid
877 3477 923 3530 est
936 3467 984 3527 uhi

30 3543 96 3608 saltem
107 3552 182 3616 hmta
195 3556 309 3617 urbium
326 3563 453 3634 exstant,
474 3553 558 3615 simul
574 3563 605 3614 ut
622 3564 719 3617 terrae
735 3553 869 3615 miracula
886 3553 983 3632 potius
