2572 3936
362 95 447 150 uer.
466 95 558 151 ursr.
579 95 604 150 x
624 101 730 152 10-14
750 100 876 168 (rr-u)
913 157 919 173 ,
1069 95 1131 160 167
1266 63 1268 68 ⁵

184 245 271 306 Corvi
293 247 414 325 pariunt
437 247 691 326 cumplurimum
714 248 830 326 quinos.
876 265 928 308 ore
952 265 1003 308 cos
1026 265 1132 328 parere

107 345 166 398 aut
191 336 272 397 coire
296 329 401 415 rulgm
429 335 605 417 arbitratur,
632 335 760 414 ideoque
787 335 936 418 gravidas,
964 339 990 397 si
1017 336 1134 398 ederint

108 427 272 488 coruinum
295 443 397 507 ovum,
424 444 479 504 per
502 443 536 486 os
558 432 679 506 partum
701 423 828 486 reddere
860 433 950 504 atque
977 427 1009 486 in
1037 433 1134 487 totum

109 513 278 576 dilticulter
299 531 414 595 parcre,
438 517 464 574 si
482 521 562 574 tecto
581 515 757 574 inferantur.
790 514 1009 576 Aristoteles
1033 524 1133 594 negat:

8 669 9 672 ,
77 614 178 666 bnon
200 603 330 664 Hercule
352 605 446 682 magis
470 621 558 682 quiam
581 604 612 663 in
626 603 758 683 Aegypto
782 602 864 684 ibim,
887 603 940 664 sed
962 603 1042 664 illam
1065 623 1132 664 exo·

110 693 313 754 soulatlouem
331 709 406 771 quae
426 707 514 770 saepe
538 694 672 752 cernitur
696 691 812 774 qualem
835 695 867 752 in
890 691 1034 754 columbis
1058 711 1133 754 csse.

111 783 199 842 corvi
221 783 253 841 in
281 781 421 860 auspiciis
449 780 504 840 soli
527 780 666 840 videntur
693 780 878 842 intellectum
905 780 1015 842 habere
1044 783 1133 861 sigui·
1153 784 1187 833 33

8 949 9 952 Ἴ
110 871 290 930 ficationem
312 887 442 930 suarum.
487 887 556 930 uam
579 887 648 930 cum
670 869 748 929 Medi
775 870 908 950 hospites
936 872 1028 932 occisi
1056 877 1134 950 sunt,

113 975 222 1018 omnes
241 956 477 1036 ePeloponnesc
497 965 527 1018 et
541 957 638 1019 Attica
656 961 777 1036 regione
796 958 978 1020 volaverunt.
1006 961 1135 1039 pessima

68 1059 224 1108 locorum
247 1047 436 1127 significatio,
465 1065 533 1107 cum
556 1046 699 1126 gluttiunt
721 1065 825 1109 vocem
847 1048 928 1109 velut
951 1047 1134 1127 strangulati.

185 1147 259 1236 (16)
296 1152 395 1214 chos
427 1172 543 1233 ungues
576 1161 607 1215 et
637 1161 802 1214 nocturnae
835 1173 903 1215 aves
934 1153 1060 1236 habent,
1097 1161 1132 1214 ut
1152 1155 1187 1203 34

113 1251 258 1324 noctuae,
286 1241 380 1324 bubo,
407 1242 514 1303 ululae.
561 1244 694 1304 omnium
717 1241 824 1304 horum
852 1241 975 1304 hebetes
1003 1243 1135 1304 interdiu

115 1331 206 1394 oculi.
242 1331 322 1392 bubo
346 1331 482 1392 funebris
505 1339 535 1392 et
553 1334 680 1392 maxime
699 1332 885 1393 abominatus
904 1331 1031 1412 publicis
1050 1333 1134 1412 prae·
1158 1410 1160 1416 Α

117 1424 206 1500 cique
237 1422 377 1500 auspiciis
407 1421 525 1482 deserta
548 1421 663 1502 incolit,
694 1439 750 1482 neo
779 1429 896 1483 tantum
924 1421 1055 1482 desolata
1083 1418 1134 1495 sed

73 1521 102 1562 15
117 1510 183 1571 dira
197 1512 286 1570 etiam
306 1518 336 1570 et
354 1512 514 1592 inaccessa,
538 1513 635 1571 noctis
654 1506 830 1592 m'onstrum,
853 1529 909 1571 nec
928 1517 1017 1571 cautu
1037 1508 1135 1588 aliquo

116 1599 227 1660 vocalis
247 1599 299 1658 sed
318 1601 438 1679 gemitu.
471 1601 572 1677 itaque
595 1601 626 1659 in
649 1599 776 1660 urbibus
800 1607 851 1660 aut
874 1601 994 1660 omnino
1018 1601 1049 1658 in
1068 1597 1135 1658 luce
1154 1596 1187 1645 35

116 1691 200 1749 visus
223 1687 322 1748 dirum
350 1695 501 1748 ostentum
529 1695 584 1749 est.
629 1689 812 1767 privatorum
840 1687 977 1749 domibus
1004 1687 1134 1746 insiden-

117 1786 180 1838 tem
202 1775 334 1856 plurium
357 1779 419 1836 scio
435 1793 503 1836 non
526 1777 618 1838 luisse
641 1777 771 1838 feralem.
799 1776 876 1838 volat
894 1795 1057 1855 numquam
1077 1793 1135 1854 qrro

118 1866 218 1946 libuit,
247 1866 299 1926 sed
326 1865 516 1926 transversus
544 1867 687 1926 aufertur.
739 1865 875 1945 Capitolii
905 1865 1009 1926 cellam
1040 1867 1136 1944 ipsam

78 1961 106 2007 2⁰
119 1955 241 2016 intravit
269 1953 359 2015 Sexto
387 1949 528 2034 Palpellio
555 1954 671 2015 Histro
689 1953 720 2014 L.
748 1953 878 2016 Pcdauio
909 1973 983 2036 cos,
1005 1950 1136 2034 'propter

120 2045 199 2123 qarod
223 2045 310 2103 nonis
332 2039 446 2102 Martiis
469 2043 543 2103 urbs
565 2043 691 2104 lustrata
714 2052 760 2104 cst
784 2063 819 2104 eo
843 2063 928 2126 anno.

187 2143 246 2212 13.
271 2143 345 2232 (17)
377 2149 563 2228 lnauspicata
594 2158 640 2210 est
670 2157 699 2210 et
728 2151 911 2232 incendiaria
940 2151 1015 2230 avis,
1048 2165 1137 2226 quam
1155 2148 1189 2196 36

121 2247 243 2318 propter
266 2257 482 2319 saepenumero
503 2239 661 2299 lustratam
683 2237 790 2298 urbem
812 2240 844 2298 in
872 2237 1063 2298 annalibus
1092 2239 1135 2296 iu-

123 2329 266 2408 venimus,
285 2329 364 2387 sicut
377 2326 409 2400 L.
425 2325 525 2387 Cassio
541 2326 572 2387 C.
587 2325 679 2387 Mario
699 2346 769 2408 cos,
793 2346 851 2406 quo
871 2345 948 2387 auno
968 2335 998 2387 et
1016 2324 1135 2386 bubone

83 2427 110 2468 25
123 2417 184 2476 viso
207 2414 362 2476 lustratam
385 2434 460 2476 esse.
507 2434 581 2498 quae
606 2417 645 2476 sit
667 2417 728 2476 avis
752 2420 785 2476 'ea
813 2435 874 2476 non
901 2415 1053 2495 reperitur
1080 2415 1137 2473 ne'c

123 2503 257 2566 traditur.
308 2504 429 2584 quidam
463 2505 504 2564 ita
535 2501 787 2584 interpretantur,
825 2504 1038 2574 incendiariam
1070 2519 1136 2562 esse

125 2611 328 2673 quaecumque
352 2595 523 2673 apparuerit
546 2592 707 2653 carbonem
730 2593 831 2652 serens
855 2611 891 2652 ex
915 2594 974 2652 aris
997 2590 1043 2651 vel
1066 2589 1135 2650 alta·

123 2681 214 2744 ribus.
260 2682 309 2742 alii
332 2683 549 2762 spinturnicem
573 2689 778 2762 commeant,
802 2681 855 2741 sed
878 2681 951 2740 haec
973 2681 1038 2758 ipsa
1061 2695 1137 2757 quae

125 2779 202 2832 esset
223 2773 303 2833 inter
326 2777 393 2832 aves
418 2773 469 2850 qui
493 2789 525 2831 se
549 2772 625 2830 scire
645 2769 759 2830 diceret
777 2789 838 2830 non
855 2771 964 2830 inveni.
1003 2761 1061 2829 14.
1085 2767 1136 2826 cli·
1156 2764 1190 2819 3⁷

87 2863 198 2921 oviam
226 2879 344 2940 quoque
378 2879 461 2920 avem
494 2858 529 2922 ab
562 2861 692 2939 antiquis
724 2862 905 2920 nominatam
937 2854 1135 2918 animadvero.

125 2952 260 3029 ignorari.
288 2951 408 3028 quidam
426 2949 626 3010 clamatoriam
640 2949 752 3028 dicunt,
770 2947 885 3009 Labeo
899 2945 1137 3028 prohibitoriamt

128 3125 336 3134 ——m-

194 3232 212 3279 4
228 3227 438 3282 inferantur&
457 3228 569 3280 -runtur
581 3243 603 3281 r.
676 3230 692 3279 8
707 3231 773 3294 post
784 3241 825 3279 oc.
844 3241 911 3280 nam
930 3241 993 3278 cum
1007 3223 1137 3278 uidentur

127 3297 254 3351 caduce
272 3300 308 3352 cd
326 3299 500 3364 Pharsalum,
519 3299 570 3364 afr.
585 3297 671 3351 Arist.
691 3297 717 3350 lt.
731 3314 757 3350 o.
773 3297 790 3350 l.
805 3299 822 3350 l.
901 3301 933 3348 18
951 3295 1074 3364 plurium
1091 3293 1136 3347 12².

127 3367 227 3437 plurim
244 3370 327 3423 ΒΨ.
360 3369 460 3422 dmum
477 3385 522 3423 ro.
622 3373 665 3420 22.
684 3373 718 3422 23
742 3369 913 3436 quopropter
931 3367 989 3418 c¹d.
1022 3365 1138 3434 propter

128 3456 210 3507 quom
227 3439 265 3494 cl.
293 3441 343 3508 cfr.
363 3441 415 3494 luc.
432 3457 461 3508 p.
471 3445 515 3494 35.
589 3443 622 3492 25
642 3438 791 3493 lustrabam
811 3454 871 3492 esse
890 3437 927 3490 cl.
957 3438 998 3488 -tc
1017 3451 1076 3490 esse
1094 3433 1137 3488 1³².

129 3512 168 3564 -to
185 3512 228 3565 est
244 3517 297 3566 Bc.
324 3513 402 3566 -aetu
420 3527 480 3566 esse
499 3511 536 3564 αἱ.
561 3511 669 3564 -actatc
688 3526 748 3566 esse
767 3508 831 3563 lud.
848 3511 852 3577 Ι
868 3526 925 3563 non
942 3511 997 3560 Ei.
1020 3522 1073 3562 nee
1091 3522 1136 3560 rc.

179 3587 212 3637 28
232 3583 413 3654 spitumicem
430 3581 536 3636 wast.
