2572 3936
348 99 543 191 uruntur.
562 136 588 192 x
607 143 712 192 ιιι-53
732 139 858 208 (ιι-ιι)
1048 137 1112 202 193

140 280 197 348 52.
221 278 295 368 (73)
324 285 482 347 Generatio
506 287 604 348 avium
633 286 757 366 simplex
784 286 1005 368 videturesse,
1033 305 1102 352 cum
1113 297 1164 346 143

93 383 125 435 et
149 376 213 454 ipsa
236 374 342 454 habeat
365 393 419 436 sua
441 375 596 456 miracula,
620 378 760 455 quoniam
783 385 814 438 et
836 377 1034 456 quadripedes
1058 397 1112 438 ova

93 466 232 545 gignunt,
264 463 513 545 clramaeleonteS,
543 464 683 547 lacertae,
719 473 749 526 et
780 484 855 544 quae
886 468 1014 528 diximus
1114 465 1166 542 {ei}

91 555 166 614 item
194 562 358 633 serpentes.
403 562 601 632 pennatorum
628 563 727 616 autem
754 555 914 616 infecunda
937 567 1007 617 sunt
1035 575 1110 636 quae

61 641 226 704 oaduncos
248 642 359 704 hahent
381 649 506 722 ungues.
552 647 690 706 cenchris
713 643 774 706 sola
798 663 834 706 ex
857 645 904 706 his
928 664 1018 726 supra
1041 665 1111 725 qua-

92 740 179 792 terna
207 732 268 794 edit
295 751 359 795 ora.
403 731 509 794 tribuit
535 732 592 796 hoc
619 736 717 797 arium
743 737 847 814 generi
874 743 980 796 natura
1009 744 1042 798 ut
1070 737 1111 796 l-

92 821 254 882 cnndiores
285 829 387 882 essent
423 822 544 902 fugaces
576 840 679 884 earum
711 841 799 902 qnam
832 825 933 886 fortes.
983 824 1113 904 plurima

91 911 214 988 pariunt
238 910 470 992 struthocameli,
494 911 630 993 gallinae,
652 913 798 994 perdices,
823 913 885 974 soli.
932 915 1028 976 coitus
1053 917 1110 976 avi-

92 997 152 1058 bus
171 998 288 1060 duobus
307 999 413 1080 modis,
435 1001 544 1062 femina
563 1001 736 1062 considente
759 1001 852 1083 humi,
876 1010 909 1064 ut
931 1005 963 1064 in
985 1003 1112 1083 gallmiS,

47 1103 78 1142 ιο
93 1095 147 1148 auu
170 1096 276 1170 sternte,
299 1091 387 1150 utin
409 1088 543 1168 gruibus.

162 1171 236 1259 (74)
261 1176 392 1238 Ovorum
410 1180 465 1239 alia
489 1187 559 1240 sunt
583 1178 715 1261 candida,
738 1188 772 1241 nt
795 1180 949 1261 columble,
972 1182 1098 1260 perdici·
1112 1196 1164 1245 144

92 1269 164 1347 bna,
193 1265 250 1328 alia
271 1266 390 1347 pallida,
419 1276 452 1328 ut
475 1270 631 1349 aquaticis,
665 1268 720 1330 alia
748 1271 867 1348 punctis
895 1269 1049 1351 distincta,
1077 1278 1111 1330 ut
1160 1300 1163 1304 ·

92 1356 319 1437 meleagridum,
350 1356 404 1418 alia
428 1356 513 1418 rubri
541 1357 662 1439 coloriS,
693 1367 726 1420 ut
753 1359 916 1440 phasianis,
947 1359 1108 1420 cenchridi.

91 1449 175 1508 intus
198 1452 297 1508 autem
320 1464 407 1510 omne
431 1465 519 1521 ouum
542 1447 696 1508 volucrum
719 1447 846 1529 bicolor,
870 1449 1013 1527 aquaticis
1027 1446 1111 1518 ‚lutei

47 1549 76 1590 15
91 1536 160 1616 plus
189 1551 277 1613 qnam
305 1534 377 1615 albi,
410 1535 439 1596 id
467 1538 567 1616 ipsum
593 1539 686 1616 magis
715 1536 847 1600 luridum
875 1555 964 1616 quam
992 1539 1109 1600 ceteris.

91 1627 221 1706 piscium
244 1642 323 1684 unus
346 1623 436 1705 color,
460 1628 490 1686 in
514 1644 573 1704 quo
597 1625 670 1686 nibil
694 1626 819 1688 candidi.
866 1627 964 1688 avium
987 1644 1040 1686 ova
1064 1645 1101 1687 ex
1113 1641 1163 1690 145

93 1715 192 1774 calore
216 1712 343 1793 fragilia,
376 1717 561 1793 serpentium
590 1733 627 1775 ex
655 1717 766 1795 frigore
796 1716 888 1797 lenta,
920 1717 1047 1795 piscimn
1075 1735 1112 1776 ex

93 1804 210 1882 liquore
238 1801 344 1864 mollia.
390 1803 564 1881 aquatilium
591 1805 732 1886 rotunda,
760 1804 875 1884 reliqua
902 1805 965 1866 lere
994 1806 1112 1884 fastigio

94 1893 286 1954 cacuminata.
332 1900 443 1954 eueumt
471 1893 722 1957 arotundissima
750 1896 797 1954 sui
829 1901 927 1974 parte,
960 1894 1031 1954 dum
1062 1913 1111 1974 pa·
1161 1921 1166 1926 ·

50 1997 80 2038 ιο
94 1985 225 2062 rinntur,
252 1981 332 2042 molli
356 1983 518 2062 putamine,
542 1983 599 2050 sed¹
617 1985 755 2062 protinus
779 1983 967 2064 durescente,
990 1983 1112 2062 quibus·
1174 1979 1177 1985 ’

95 2089 224 2150 urumque
256 2079 413 2150 emergunt
444 2071 643 2151 portionibus.
700 2091 775 2151 quac
808 2072 934 2152 oblonga
967 2074 1027 2133 sint
1059 2090 1113 2132 ora

94 2162 234 2240 gratioris
270 2163 384 2240 saporis
425 2169 510 2240 putat
547 2160 718 2222 Horatius
755 2161 913 2222 Flaccus.
974 2162 1113 2224 laminam

96 2251 190 2311 edunt
213 2267 288 2328 quae
312 2250 487 2312 rotundiora
508 2252 681 2332 gignumtur,
704 2251 818 2330 reliqua
840 2268 962 2313 marem.
995 2250 1112 2312 umbili-

95 2358 149 2400 cus
173 2340 235 2399 ovis
254 2356 270 2396 a
289 2341 441 2401 cacumine
460 2341 547 2420 inest,
571 2359 626 2402 ceu
645 2347 728 2419 gutta
748 2342 882 2403 eminens
900 2342 931 2400 in
950 2341 1111 2420 putamine.

52 2441 81 2482 ιε»
163 2421 221 2490 53·
253 2426 403 2498 Quaedam
426 2430 507 2488 omni
530 2437 664 2508 tempore
693 2437 816 2510 coeunt,
844 2437 878 2492 ut
905 2429 1044 2510 gallinae,
1072 2437 1165 2492 etrto

96 2519 217 2598 pariunt
240 2523 450 2596 praeterquam
473 2516 589 2579 duobus
613 2515 766 2580 mensibus
789 2517 895 2580 hlemis
918 2517 1112 2581 brumalibus.

97 2626 134 2667 ex
162 2608 199 2666 iis
227 2607 369 2669 iuvencae
397 2606 482 2684 plura
511 2624 598 2685 qnam
627 2613 757 2688 vetereS,
788 2607 841 2668 sed
868 2609 997 2688 minora,
1025 2614 1056 2668 ei
1082 2609 1113 2667 in

98 2696 203 2756 eodem
226 2695 290 2758 ictu
313 2696 408 2774 prima
431 2713 464 2756 ac
488 2697 656 2759 novissima.
702 2704 748 2756 est
775 2703 876 2759 autem
903 2703 984 2756 tanta
1012 2697 1113 2756 leonn-

100 2786 175 2846 ditas
199 2793 233 2846 ut
256 2784 370 2864 aliquae
395 2794 425 2846 et
449 2803 594 2864 sexagena
615 2787 746 2865 pariant,
774 2784 889 2864 aliquae
913 2785 1036 2866 cotidie,
1064 2784 1113 2845 ali·

60 2889 87 2930 oo
101 2893 175 2956 quae
207 2874 253 2936 bis
287 2873 348 2954 die,
381 2873 494 2954 aliquae
527 2876 558 2936 in
590 2882 704 2936 tantum
737 2881 770 2936 ut
803 2875 922 2936 effetae
940 2875 1114 2938 moriantur.

68 3109 72 3121 .
170 3073 186 3120 3
206 3067 335 3122 ῑαοιιιιαιιι
353 3079 400 3135 ego
418 3065 551 3120 indicavi.
585 3065 678 3120 Imeus
690 3065 778 3120 colodi
795 3063 868 3119 inter
887 3064 1024 3134 aquatilia
1037 3065 1113 3120 item.

168 3137 277 3191 4inter
294 3135 372 3205 ΜΡ).
400 3136 469 3190 ilem
487 3154 510 3190 r.
588 3136 750 3190 dcenehris
771 3135 858 3190 Borb.
884 3136 994 3206 generis
1013 3135 1050 3189 ιθ.
1079 3136 1115 3188 -n’

99 3207 196 3278 (nulla)
216 3209 274 3263 edd.
291 3213 352 3263 cett.
381 3208 488 3262 cancris
506 3225 530 3262 r.
603 3207 762 3278 Sgallinoe
780 3206 857 3261 1²2².
884 3223 920 3262 ne
938 3211 991 3261 ltu.
1018 3223 1072 3262 nae
1091 3224 1114 3261 r.

102 3279 104 3351 l
130 3278 183 3334 soli
205 3283 279 3334 llud.
312 3279 365 3333 sali
386 3297 402 3333 r
425 3280 484 3336 edd.
508 3283 572 3336 aare
594 3279 687 3334 Haud.
725 3279 817 3336 Ianus
838 3279 926 3336 coluit
948 3279 1002 3344 obi,
1028 3280 1116 3348 magia

99 3356 193 3422 aptum
211 3352 248 3409 ait
267 3349 364 3406 otides.
399 3351 447 3406 sed
463 3351 580 3418 fortasse
599 3349 652 3406 soli
669 3351 813 3408 delendum
830 3356 884 3405 est:
906 3351 958 3417 cfr.
977 3350 1065 3405 Ardet.
1083 3350 1122 3406 de

99 3439 186 3494 gener.
202 3439 249 3478 an.
264 3424 338 3476 1111
353 3423 495 3491 aaron,
506 3427 550 3478 17.
579 3421 740 3478 anonae?
801 3421 999 3479 tconoidonte
1017 3420 1117 3476 rislo.

100 3494 216 3550 -unente
230 3511 253 3548 r.
310 3499 342 3548 12
357 3493 581 3563 punctisr²a⁹d²
593 3495 625 3549 ιἰι
638 3510 728 3550 rouo.
747 3497 790 3550 —bo
802 3511 826 3550 r.
882 3500 914 3548 13
928 3491 1006 3551 rubri
1018 3491 1117 3550 risso.

99 3565 193 3637 probri
211 3583 234 3622 r.
308 3569 341 3620 15
361 3582 445 3634 quam
459 3565 535 3622 ΒΨ.
563 3583 619 3636 quo
637 3568 681 3634 ml
702 3565 760 3621 albi
773 3583 798 3622 v.
822 3565 893 3622 alibi
906 3567 933 3622 ll.
950 3567 955 3635 l
971 3563 1055 3636 idque
1070 3569 1117 3628 dc.

170 3644 203 3693 17
223 3637 300 3694 lento
318 3641 343 3692 d.
371 3637 447 3692 lenia
464 3655 487 3694 r.
561 3645 594 3694 27
614 3639 644 3694 el
661 3639 719 3694 llo.
747 3656 786 3694 an
802 3636 857 3694 ut?

151 3729 367 3771 amatunam.
394 3728 426 3770 11.
922 3733 954 3783 13
