2302 3938
150 189 214 255 200
503 201 534 250 e.
552 201 648 250 rnrur
663 199 817 250 saeuum

99 370 134 424 78
152 380 215 424 eom
232 377 267 423 ea
288 357 466 420 tetrarchiae
489 364 520 419 et
540 356 723 418 Palaestines
744 364 807 419 tota
826 357 939 419 laxitas.
975 355 1042 418 at**
1060 355 1087 417 in
1106 375 1138 417 or

152 455 248 509 autem
264 444 395 505 subiecta
410 442 521 504 hihano
537 441 641 524 llnyius
657 439 946 520 diagorasherytus
961 440 1072 504 colonia
1087 461 1138 520 qua

151 531 238 594 Felix
249 529 321 590 lolia
333 527 508 608 appellatur,
525 525 656 587 Leontos
667 525 815 606 oppidum,
829 525 934 587 flumen
949 524 1054 604 Lycos,
1065 526 1133 586 Palae

151 615 275 692 byblos,
304 611 411 673 flumen
441 609 573 690 Adonis,
599 609 706 690 oppida
730 609 859 689 Byblos,
885 610 1007 688 Botrys,
1037 608 1134 687 Gigarta

153 699 281 776 Trionis,
309 693 460 774 calamos,
484 693 613 774 Tripolis
629 711 715 774 quam
730 693 811 772 Tyrii
832 703 862 756 et
881 695 994 756 Sidonii
1015 702 1044 755 et
1062 693 1134 753 Aradi

153 785 304 862 optinent,
341 779 496 858 Orthosia,
531 777 710 840 Eleutheros
746 777 868 856 flumen,
902 779 1010 858 oppida
1043 776 1135 853 Zimyra

153 866 300 937 hiarathos
325 873 486 944 contraque
507 863 623 924 Arados
645 861 702 923 Vll
728 863 885 926 stadiorum
913 863 1051 943 oppidum
1073 872 1098 922 ct
1116 864 1136 921 iu

154 951 217 1014 sula
233 948 281 1010 CC
296 948 434 1030 passibus
461 966 477 1009 a
499 949 666 1010 continente
682 947 802 1008 distans.
836 949 921 1027 regio
940 950 971 1008 in
994 965 1049 1027 qua
1068 963 1136 1025 supra

51 1049 55 1057 ·
153 1035 222 1096 dicti
244 1035 379 1095 desinunt
405 1040 537 1111 montes,
571 1039 602 1094 et
623 1032 865 1094 interiacentibus
893 1033 1002 1112 eampis
1028 1030 1133 1108 Bargylu

152 1137 235 1180 mons
252 1119 362 1199 incipit.
470 1149 472 1154 .

100 1211 136 1268 ’19
216 1201 299 1284 (18.)
325 1203 400 1264 Hinc
425 1221 526 1265 rursus
551 1201 650 1280 Syria,
677 1201 832 1264 desinente
858 1201 1020 1263 Phoenice.
1063 1199 1138 1279 oppid

155 1287 267 1366 Oarue,
283 1287 425 1366 Balanea,
445 1287 561 1366 Paltos,
582 1285 706 1365 Gabala,
728 1287 957 1366 promunturium
973 1287 1004 1346 in
1026 1303 1079 1366 quo
1092 1283 1135 1343 huo

154 1374 239 1436 dicea
255 1372 367 1449 libera,
382 1370 515 1451 Dipolis,
531 1371 689 1449 Heraclea,
706 1368 885 1448 Charadrus,
902 1369 1060 1432 Posidium.

216 1452 269 1517 21.
291 1455 368 1518 Dein
392 1457 620 1536 promunturium
647 1455 750 1533 Syriae
776 1454 961 1516 Antiochiae.
1005 1457 1077 1516 intus
1099 1455 1133 1532 ips

83 1569 86 1573 ·
154 1540 310 1602 Antiochia
339 1539 433 1600 libera
464 1539 652 1620 Epidaphnae
686 1541 898 1618 cognominata.
946 1539 1058 1600 Oronte
1084 1555 1138 1598 amu

154 1625 300 1686 dividitur.
344 1626 374 1686 in
395 1626 594 1704 promunturio
617 1632 714 1686 antem
735 1623 871 1686 Seleucia
891 1623 987 1686 lihera
1005 1623 1094 1684 Pieria
1110 1639 1134 1698 ap

153 1710 271 1790 pellata.

102 1805 137 1858 80
217 1792 269 1858 22.
291 1795 387 1876 Super
406 1813 470 1857 earn
487 1812 572 1856 mons
595 1794 700 1856 eodem
723 1812 781 1874 quo
803 1793 876 1856 alius
898 1795 1033 1872 nomine,
1057 1790 1137 1853 Casius

118 1894 142 1929 ⁸⁵
155 1881 236 1942 cuius
258 1881 378 1942 excelsa
400 1879 521 1941 altitudo
542 1887 644 1958 quarta
664 1879 765 1958 vigilia
786 1881 929 1940 orientem
954 1897 1011 1959 per
1034 1875 1134 1938 tcuehra

156 1965 249 2026 solem
268 1965 408 2044 adspicit,
434 1964 518 2026 hrevi
545 1965 719 2024 circumactu
740 1965 876 2043 corporis
899 1962 975 2024 diem
999 1971 1131 2036 noctemqu

152 2051 266 2128 pariter
281 2049 454 2117 ostendens.
500 2047 622 2108 ambitus
641 2047 676 2108 ad
692 2065 830 2108 cacumen
844 2046 956 2108 XVllll
970 2047 1002 2108 Μ
1019 2065 1088 2127 pass.
1105 2053 1136 2102 ast

156 2133 278 2193 altitudo
294 2149 348 2211 per
368 2133 509 2193 directum
523 2130 588 2193 llll.
617 2141 647 2192 at
661 2131 693 2192 in
712 2149 764 2192 ora
780 2133 870 2193 amnis
886 2131 1016 2193 Orontes
1032 2139 1104 2192 natus
1117 2129 1135 2186 iu

156 2224 202 2278 ter
224 2215 362 2278 hihannm
377 2225 408 2278 et
429 2215 627 2278 Antilibanum
643 2217 723 2278 iuxta
743 2215 931 2296 Heliopolim.
965 2217 1070 2296 oppida
1089 2213 1135 2274 llio

156 2317 207 2362 sos
230 2310 260 2362 et
283 2319 299 2362 a
323 2309 409 2380 tergo
430 2299 538 2362 Portae
562 2319 636 2380 quae
656 2301 761 2378 Syriae
788 2301 987 2381 appellantur,
1015 2295 1138 2360 interuall

154 2383 333 2447 Rhosiorum
352 2387 492 2447 montium
509 2392 538 2446 et
559 2384 655 2446 Tauri.
694 2385 724 2445 in
746 2403 798 2446 ora
821 2385 958 2466 oppidum
974 2381 1134 2463 Myriandros

155 2486 238 2530 mons
261 2470 387 2532 Amanus
403 2472 438 2532 in
458 2486 515 2550 qno
539 2469 675 2554 oppidum
692 2469 834 2532 Bomitae.
870 2471 936 2550 ipse
958 2468 996 2531 ah
1023 2468 1096 2547 Syris
1113 2461 1135 2522 Gi

156 2553 250 2616 liciam
266 2564 392 2635 separat.
995 2607 997 2614 Α

102 2651 140 2708 81
217 2639 269 2704 23.
297 2639 380 2722 (19.)
405 2640 489 2702 Nunc
515 2641 655 2702 interiora
678 2639 819 2702 dicantur.
857 2638 950 2702 Coele
983 2638 1068 2700 hahet
1086 2635 1134 2711 Apa

156 2745 250 2788 meam
264 2725 380 2804 Marsya
396 2743 478 2788 amno
495 2727 617 2788 divisam
637 2743 653 2786 a
667 2723 879 2786 Nazerinorum
897 2724 1068 2800 tetrarchia,
1086 2719 1134 2778 Bau

50 2861 51 2864 ,
139 2811 253 2888 'hycea
277 2810 434 2889 quae'alio‘
448 2812 562 2872 nomine
582 2809 749 2889 Hierapolis
764 2817 902 2887 vocatur,
925 2809 1009 2886 Syris
1026 2823 1090 2868 vero
1103 2799 1134 2860 lla

156 2894 218 2972 hog
242 2929 285 2940 -
308 2895 349 2954 ihi
380 2896 549 2975 prodigiosa
573 2895 742 2972 Atargatis,
773 2893 893 2955 Graccis
919 2902 1016 2954 autem
1041 2891 1138 2952 Deroel

156 2978 251 3055 dicta,
272 2978 378 3039 colitur
396 3011 453 3059 -,
471 2978 638 3040 Chalcidem
660 2979 892 3058 cognominatam
908 2977 943 3038 ad
957 2977 1070 3052 Belum,
1087 2969 1128 3032 und

155 3064 241 3140 regio
271 3059 444 3124 Chalcidena
473 3063 653 3124 fertilissima
683 3062 795 3142 Syriae.
841 3071 871 3124 et
904 3062 971 3124 inde
1003 3059 1138 3139 Cyrrestic

158 3145 462 3224 Gyrrum,·(lanetas,
491 3147 689 3226 Gindarenos,
718 3145 872 3226 Gabenos,
901 3146 1070 3208 tetrarchias
1092 3141 1138 3200 dua

157 3249 231 3312 quae
248 3229 496 3292 Granucomatitae
509 3241 660 3310 vocantur,
676 3231 878 3310 Hermisenos,
893 3231 1025 3310 Hylates,
1039 3229 1132 3289 lturauo

156 3334 219 3377 rum
234 3323 353 3394 gentem
369 3319 461 3396 etqui
478 3335 516 3378 ex
531 3316 576 3378 his
592 3316 739 3378 Bethaemi
755 3326 907 3396 vocantur,
923 3314 1133 3377 llariarnnitaros

102 3413 140 3466 82
158 3401 343 3462 tetrarchiam
363 3419 437 3480 quae
459 3399 626 3464 Mammisea
643 3402 823 3482 appellatur,
843 3400 1026 3479 Paradisum,
1046 3397 1131 3472 Pagras

121 3501 147 3534 ⁷⁹
158 3485 361 3565 Penelenitas,
380 3485 532 3548 seleucias
547 3495 666 3567 praeter
680 3489 734 3549 iam
749 3487 853 3550 dictam
868 3486 956 3564 duas,
972 3502 1044 3566 quac
1060 3480 1088 3542 ad
1100 3475 1131 3536 Et
