2364 3930
169 141 236 206 220
358 215 361 222 ,
527 139 556 196 c.
575 138 675 196 annu
694 132 849 193 snorum

116 301 151 350 46
236 285 311 374 (16)
343 291 435 353 Fetus
457 309 586 370 quonam
609 289 696 351 modo
719 293 952 369 progenerarent
974 303 1071 364 magna
1089 293 1141 344 nt:

171 381 305 446 eruditos
329 389 359 442 et
377 380 494 442 subtilis
513 381 570 441 init
588 381 732 459 quaestio.
769 379 869 457 apium
886 377 967 436 enim
985 376 1074 436 coitus
1088 375 1123 434 ris

171 479 217 531 est
246 488 416 550 numquam.
467 468 569 550 plures
599 470 804 530 existimavere
827 485 879 526 ore
907 465 1034 543 contingi
1054 462 1124 523 florib

171 563 351 640 compositos
369 567 437 640 apte
456 567 545 639 atque
568 558 690 638 utiliter,
714 557 804 636 aliqui
827 557 907 616 coitu
930 555 1030 633 unius,
1051 554 1095 630 qni
1113 569 1139 610 ra

171 652 202 709 in
226 667 345 728 quoque
368 649 533 729 appelletur
556 649 698 711 examine.
743 647 824 706 huno
847 662 912 704 esse
936 643 1032 704 solum
1057 659 1149 701 neret·

171 741 330 818 praecipua
357 738 572 819 magnitudine,
600 756 638 797 ne
666 737 790 798 fatiscat.
839 733 906 794 ideo
934 733 1029 793 fetum
1053 733 1107 790 sine
1132 756 1158 788 a:

172 846 231 888 non
254 828 312 908 edi,
335 845 464 906 apesque
487 825 617 905 reliquas
639 834 794 905 tamqnam,
811 840 923 884 marem
945 823 1068 882 feminas
1087 793 1159 894 oonil

171 917 240 996 tari,
268 934 327 975 non
354 924 505 995 tamquam
533 916 648 977 ducem.
694 933 783 994 qnam
809 910 994 993 probabilem
1020 909 1085 969 alias
1106 909 1160 1000 seul

171 1007 294 1064 tentiam
317 1005 455 1066 incorum
477 1013 639 1084 proventus
662 1005 804 1082 coarguit.
850 1019 924 1080 quae
948 1002 1031 1061 enim
1051 999 1115 1059 ratio
1132 1003 1161 1088 etp

118 1100 151 1149 47
171 1091 250 1154 idem
273 1097 369 1154 coitus
392 1095 715 1174 inperfectosgeneret
737 1088 832 1152 alios?
847 1135 849 1138 -
863 1093 987 1170 propior
1010 1105 1076 1149 vero
1095 1088 1161 1167 prior*

171 1184 348 1244 existimatio
381 1184 481 1265 fieret,
513 1186 544 1244 ni
576 1201 683 1254 rursus
715 1181 770 1242 alia
807 1179 966 1246 difficultas
1003 1185 1162 1240 oceumeret

148 1273 281 1352 quippe
305 1279 470 1333 nascuntur
492 1271 649 1350 aliquando
671 1273 703 1331 in
731 1271 872 1331 extremis
899 1270 974 1330 iaris
1003 1285 1071 1348 apes
1095 1253 1163 1344 granl

172 1359 270 1420 diores
294 1380 369 1440 quae
393 1369 508 1422 ceteras
531 1361 643 1440 fugant.
689 1367 808 1420 oestrus
830 1366 953 1420 vocatur
980 1357 1040 1418 hoe
1065 1354 1164 1430 malunt

118 1456 152 1504 48
173 1467 301 1528 quonam
328 1449 415 1510 modo
443 1467 585 1530 nascens,
615 1451 641 1510 si
667 1451 748 1529 ipsae
777 1445 914 1528 fingunt?
959 1446 1043 1527 qnod
1069 1451 1158 1505 certum

172 1545 231 1619 est,
260 1539 435 1618 gallinarum
464 1538 551 1600 modo
581 1538 732 1600 incubant
783 1537 814 1598 id
844 1537 924 1618 quod
954 1536 1105 1598 exclusum
1127 1539 1160 1590 est

171 1629 267 1706 primo
291 1628 471 1690 vermiculus
489 1625 607 1691 ridetur
626 1627 779 1709 candiduS,
801 1630 900 1688 iacens
923 1635 1109 1688 transversus
1126 1595 1166 1680 adl

171 1715 357 1796 haerensque
381 1720 422 1778 ita
445 1725 479 1778 ut
501 1736 571 1797 pars
595 1731 680 1778 cerae
703 1717 847 1778 videatur.
884 1735 938 1777 rex
962 1717 1065 1776 statim
1085 1709 1167 1776 melleil

172 1805 294 1887 coloris,
317 1814 351 1867 ut
374 1806 468 1868 electo
491 1805 565 1868 llere
589 1809 729 1868 exomni
753 1809 837 1886 eopia
860 1807 970 1887 iaetus,
999 1821 1094 1882 neque
1114 1817 1168 1876 rer-p

171 1894 312 1977 miculos,
340 1895 392 1956 sed
421 1897 520 1956 statim
542 1898 688 1976 pinniger.
734 1903 834 1956 cetera
856 1895 944 1957 turba
967 1913 1040 1956 cum
1061 1893 1163 1954 forman

171 2002 278 2063 capere
302 1987 409 2066 coepit,
432 1985 577 2064 nymphae
600 1992 753 2067 vocantur,
776 1993 811 2046 ut
832 1985 893 2046 fuci
916 2002 1042 2046 serenes
1064 1989 1111 2044 aut
1129 1997 1163 2037 ce

118 2077 152 2128 49
171 2072 292 2151 phenes.
330 2076 355 2134 si
373 2075 441 2153 quis
459 2073 612 2136 alterutris
634 2076 730 2154 capita
753 2074 852 2135 demat
868 2077 952 2154 prius
972 2089 1064 2153 quam
1080 2072 1164 2151 pinnas

171 2159 311 2242 habeant,
338 2181 393 2241 pro
421 2164 589 2242 gratissimo
618 2171 688 2224 sunt
714 2162 823 2242 pabulo
851 2163 1006 2224 matribus.
1052 2168 1166 2237 tempore

170 2249 351 2327 procedente
379 2251 524 2313 instillant
551 2251 633 2313 cibos
662 2259 751 2330 atque
779 2252 934 2334 incubant,
965 2260 1046 2335 tum¹
1060 2250 1165 2312 maxine

171 2346 401 2420 murmurantes,
424 2340 540 2422 caloris,
564 2349 598 2402 nt
620 2349 734 2422 putant,
757 2341 884 2402 faciendi
906 2344 1002 2422 gratia
1025 2333 1167 2400 necessarii

171 2426 363 2489 excludendis
385 2429 487 2511 pullis,
511 2430 606 2492 donec
629 2432 726 2509 mptis
749 2430 929 2492 membranis
953 2449 1031 2510 quae
1055 2424 1167 2505 stngdes

172 2517 296 2596 cingunt
319 2536 443 2579 ovorum
466 2519 554 2579 modo
577 2521 752 2580 universum
774 2537 880 2599 agmen
903 2525 1046 2598 emergat.
1073 2521 1166 2596 specle

172 2614 236 2666 tum
251 2605 307 2667 hoc
322 2605 432 2668 Romae
451 2608 616 2669 consularis
636 2608 791 2670 cuiusdam
809 2608 982 2670 suburbano
1001 2607 1074 2668 alvis
1092 2619 1168 2666 eorm

121 2695 327 2756 aeterternae
357 2695 502 2758 tralucido
533 2698 628 2760 sactis
683 2699 763 2758 fetus
792 2700 870 2759 intra
899 2712 973 2760 xuv
1007 2696 1088 2758 diem
1117 2707 1169 2772 ptr·

172 2785 277 2862 agitur.
314 2786 347 2846 iit
365 2787 397 2846 in
416 2786 489 2846 lavis
512 2786 689 2866 quibusdam
712 2789 764 2866 qui
786 2795 909 2848 vocatur
933 2787 1049 2868 clavus,
1072 2795 1169 2846 amaret

171 2872 280 2932 duritia
306 2892 405 2956 cerae,
434 2893 503 2938 cnm
525 2876 619 2938 fetum
647 2875 716 2936 inde
743 2895 804 2937 non
831 2877 975 2960 eduxere,
1002 2873 1107 2937 morbo
1131 2875 1169 2930 aot

170 3037 383 3051 -——-—

199 3202 205 3214 ·
242 3135 514 3206 3oreeonfingi1.
544 3139 672 3208 oportere
692 3137 792 3193 confici
809 3155 854 3193 ro.
926 3135 1169 3206 ceompoaitesl

172 3205 220 3257 -us
239 3221 283 3258 ro.
316 3206 367 3272 cfr.
386 3222 447 3261 ooo.
466 3208 519 3262 loc.
534 3225 565 3276 p.
576 3213 619 3264 35.
639 3213 685 3264 36.
701 3209 706 3278 Ι
722 3211 788 3280 apte
807 3211 891 3278 etque
908 3214 940 3263 B.
966 3210 1052 3276 atque
1071 3207 1168 3276 aptel

171 3276 255 3342 atque
274 3293 297 3329 r.
379 3278 574 3347 depellatur
591 3284 643 3334 Rd.
724 3286 758 3334 10
772 3286 837 3349 post
855 3280 944 3335 coitus
962 3281 1020 3334 edd.
1041 3282 1106 3334 anm
1121 3273 1168 3329 Sall.

170 3344 269 3400 habent
287 3347 358 3428 alios
376 3363 411 3417 pe
439 3350 516 3402 eetos
535 3351 606 3418 (oum
623 3351 686 3421 ne).
715 3368 764 3406 oro.
779 3352 808 3406 u.
880 3357 915 3406 20
932 3351 1040 3406 feneres
1060 3354 1086 3404 d.
1111 3361 1169 3402 sere

169 3429 219 3468 nes
238 3432 261 3470 r.
294 3433 329 3470 sr-
348 3435 372 3484 p.
400 3419 463 3472 dist.
478 3435 533 3487 epo.
556 3421 606 3485 cfr.
619 3438 681 3476 noo.
696 3423 748 3478 luc.
762 3439 793 3491 p.
804 3427 851 3479 12.
923 3427 958 3477 23
975 3421 1168 3494 procedenteo

171 3485 225 3538 —tes
240 3486 267 3538 u.
340 3493 375 3540 24
388 3489 421 3541 ut
433 3493 485 3541 ito.
511 3505 546 3542 ve
559 3496 610 3544 Μ.
636 3509 685 3546 sue
704 3494 741 3548 αἱ.
768 3493 811 3547 sui
825 3493 862 3548 α’.
879 3495 883 3562 Ι
898 3491 1049 3550 necessarii
1062 3508 1086 3547 e.
1105 3491 1137 3542 -is
1148 3487 1169 3540 u.

242 3555 275 3609 29
295 3557 391 3611 clavus
410 3560 438 3612 ll.
476 3557 567 3630 clerus
589 3562 648 3617 edd.
668 3569 732 3618 onte
749 3564 843 3620 Hord.
880 3565 972 3620 clerus
990 3564 1063 3620 Dea.
1094 3561 1136 3617 aad
1152 3575 1168 3611 v·

170 3636 231 3678 ooo.
249 3626 301 3680 tue.
316 3644 347 3695 p.
357 3632 401 3682 13.
420 3633 463 3684 14.
