<?xml version="1.0" encoding="UTF-8"?>
<!DOCTYPE html PUBLIC "-//W3C//DTD XHTML 1.0 Transitional//EN"
    "http://www.w3.org/TR/xhtml1/DTD/xhtml1-transitional.dtd">
<html xmlns="http://www.w3.org/1999/xhtml" xml:lang="en" lang="en">
 <head>
  <title>
</title>
<meta http-equiv="Content-Type" content="text/html;charset=utf-8" />
  <meta name='ocr-system' content='tesseract 3.04.00' />
  <meta name='ocr-capabilities' content='ocr_page ocr_carea ocr_par ocr_line ocrx_word'/>
</head>
<body>
  <div class='ocr_page' id='page_1' title='image "./naturalishistor02plingoog_0514.png"; bbox 0 0 2364 3930; ppageno 0'>
   <div class='ocr_carea' id='block_1_1' title="bbox 185 95 865 164">
    <p class='ocr_par' dir='ltr' id='par_1_1' title="bbox 185 95 865 164">
     <span class='ocr_line' id='line_1_1' title="bbox 185 95 865 164; baseline -0.001 -13"><span class='ocrx_word' id='word_1_1' title='bbox 185 97 249 164; x_wconf 84' lang='lat'><strong>134</strong></span> <span class='ocrx_word' id='word_1_2' title='bbox 540 96 569 152; x_wconf 79' lang='lat' dir='ltr'><strong>C.</strong></span> <span class='ocrx_word' id='word_1_3' title='bbox 588 97 688 152; x_wconf 86' lang='lat' dir='ltr'>PLINI</span> <span class='ocrx_word' id='word_1_4' title='bbox 708 95 865 152; x_wconf 82' lang='lat' dir='ltr'>SECUNDI</span> 
     </span>
    </p>
   </div>
   <div class='ocr_carea' id='block_1_2' title="bbox 122 247 1176 3008">
    <p class='ocr_par' dir='ltr' id='par_1_2' title="bbox 181 247 1174 418">
     <span class='ocr_line' id='line_1_2' title="bbox 181 247 1173 326; baseline 0.003 -19"><span class='ocrx_word' id='word_1_5' title='bbox 181 265 216 308; x_wconf 90' lang='lat' dir='ltr'><strong>re</strong></span> <span class='ocrx_word' id='word_1_6' title='bbox 239 247 455 326; x_wconf 91' lang='lat' dir='ltr'><strong>quodammodo</strong></span> <span class='ocrx_word' id='word_1_7' title='bbox 483 248 620 310; x_wconf 83' lang='lat' dir='ltr'><strong>famihari</strong></span> <span class='ocrx_word' id='word_1_8' title='bbox 647 247 743 310; x_wconf 89' lang='lat' dir='ltr'><strong>callet.</strong></span> <span class='ocrx_word' id='word_1_9' title='bbox 789 249 886 309; x_wconf 90' lang='lat' dir='ltr'><strong>omnia</strong></span> <span class='ocrx_word' id='word_1_10' title='bbox 913 250 944 308; x_wconf 93' lang='lat' dir='ltr'><strong>iu</strong></span> <span class='ocrx_word' id='word_1_11' title='bbox 971 248 1090 310; x_wconf 92' lang='lat' dir='ltr'><strong>domum</strong></span> <span class='ocrx_word' id='word_1_12' title='bbox 1113 269 1173 310; x_wconf 90' lang='lat' dir='ltr'><strong>con·</strong></span> 
     </span>
     <span class='ocr_line' id='line_1_3' title="bbox 182 338 1174 418; baseline 0.001 -21"><span class='ocrx_word' id='word_1_13' title='bbox 182 343 294 418; x_wconf 91' lang='lat' dir='ltr'><strong>portat,</strong></span> <span class='ocrx_word' id='word_1_14' title='bbox 323 338 391 398; x_wconf 92' lang='lat' dir='ltr'><strong>dein</strong></span> <span class='ocrx_word' id='word_1_15' title='bbox 421 341 574 417; x_wconf 76' lang='lat' dir='ltr'><strong>putamina</strong></span> <span class='ocrx_word' id='word_1_16' title='bbox 603 357 690 399; x_wconf 91' lang='lat' dir='ltr'><strong>erosa</strong></span> <span class='ocrx_word' id='word_1_17' title='bbox 720 355 810 400; x_wconf 88' lang='lat' dir='ltr'><strong>earne</strong></span> <span class='ocrx_word' id='word_1_18' title='bbox 840 339 934 416; x_wconf 86' lang='lat' dir='ltr'><strong>egerit</strong></span> <span class='ocrx_word' id='word_1_19' title='bbox 964 339 1174 417; x_wconf 72' lang='lat' dir='ltr'><strong>adnanmeqo·</strong></span> 
     </span>
    </p>

    <p class='ocr_par' dir='ltr' id='par_1_3' title="bbox 127 422 1175 757">
     <span class='ocr_line' id='line_1_4' title="bbox 127 422 1175 506; baseline 0.004 -22"><span class='ocrx_word' id='word_1_20' title='bbox 127 435 162 484; x_wconf 79' lang='lat'><strong>87</strong></span> <span class='ocrx_word' id='word_1_21' title='bbox 180 425 341 506; x_wconf 82' lang='lat' dir='ltr'><strong>pisciculos</strong></span> <span class='ocrx_word' id='word_1_22' title='bbox 364 427 399 487; x_wconf 90' lang='lat' dir='ltr'><strong>ad</strong></span> <span class='ocrx_word' id='word_1_23' title='bbox 424 446 458 488; x_wconf 93' lang='lat' dir='ltr'><strong>ea</strong></span> <span class='ocrx_word' id='word_1_24' title='bbox 476 435 609 490; x_wconf 81' lang='lat' dir='ltr'><strong>venatur.</strong></span> <span class='ocrx_word' id='word_1_25' title='bbox 651 428 783 489; x_wconf 88' lang='lat' dir='ltr'><strong>colorem</strong></span> <span class='ocrx_word' id='word_1_26' title='bbox 801 422 896 488; x_wconf 86' lang='lat' dir='ltr'><strong>mutat</strong></span> <span class='ocrx_word' id='word_1_27' title='bbox 918 427 954 488; x_wconf 90' lang='lat' dir='ltr'><strong>ad</strong></span> <span class='ocrx_word' id='word_1_28' title='bbox 973 427 1175 490; x_wconf 84' lang='lat' dir='ltr'><strong>similitudinem</strong></span> 
     </span>
     <span class='ocr_line' id='line_1_5' title="bbox 180 515 1175 597; baseline 0.002 -22"><span class='ocrx_word' id='word_1_29' title='bbox 180 515 248 597; x_wconf 92' lang='lat' dir='ltr'><strong>loci,</strong></span> <span class='ocrx_word' id='word_1_30' title='bbox 271 523 302 577; x_wconf 89' lang='lat' dir='ltr'><strong>et</strong></span> <span class='ocrx_word' id='word_1_31' title='bbox 325 518 450 578; x_wconf 80' lang='lat' dir='ltr'><strong>maxime</strong></span> <span class='ocrx_word' id='word_1_32' title='bbox 469 519 501 578; x_wconf 92' lang='lat' dir='ltr'><strong>in</strong></span> <span class='ocrx_word' id='word_1_33' title='bbox 519 524 610 578; x_wconf 92' lang='lat' dir='ltr'><strong>metu.</strong></span> <span class='ocrx_word' id='word_1_34' title='bbox 651 519 752 596; x_wconf 88' lang='lat' dir='ltr'><strong>ipsum</strong></span> <span class='ocrx_word' id='word_1_35' title='bbox 770 515 908 578; x_wconf 90' lang='lat' dir='ltr'><strong>bracchia</strong></span> <span class='ocrx_word' id='word_1_36' title='bbox 927 534 981 578; x_wconf 91' lang='lat' dir='ltr'><strong>sua</strong></span> <span class='ocrx_word' id='word_1_37' title='bbox 999 517 1104 578; x_wconf 90' lang='lat' dir='ltr'><strong>rodere</strong></span> <span class='ocrx_word' id='word_1_38' title='bbox 1121 519 1175 578; x_wconf 85' lang='lat' dir='ltr'><strong>laba</strong></span> 
     </span>
     <span class='ocr_line' id='line_1_6' title="bbox 181 605 1175 687; baseline 0.003 -22"><span class='ocrx_word' id='word_1_39' title='bbox 181 607 282 684; x_wconf 92' lang='lat' dir='ltr'><strong>opinio</strong></span> <span class='ocrx_word' id='word_1_40' title='bbox 306 613 360 687; x_wconf 84' lang='lat' dir='ltr'><strong>est,</strong></span> <span class='ocrx_word' id='word_1_41' title='bbox 383 605 413 666; x_wconf 93' lang='lat' dir='ltr'><strong>id</strong></span> <span class='ocrx_word' id='word_1_42' title='bbox 437 608 516 667; x_wconf 93' lang='lat' dir='ltr'><strong>enim</strong></span> <span class='ocrx_word' id='word_1_43' title='bbox 539 625 556 668; x_wconf 89' lang='lat' dir='ltr'><strong>a</strong></span> <span class='ocrx_word' id='word_1_44' title='bbox 574 608 694 685; x_wconf 87' lang='lat' dir='ltr'><strong>congris</strong></span> <span class='ocrx_word' id='word_1_45' title='bbox 716 609 815 668; x_wconf 90' lang='lat' dir='ltr'><strong>evenit</strong></span> <span class='ocrx_word' id='word_1_46' title='bbox 833 608 870 666; x_wconf 91' lang='lat' dir='ltr'><strong>ei.</strong></span> <span class='ocrx_word' id='word_1_47' title='bbox 912 606 964 668; x_wconf 89' lang='lat' dir='ltr'><strong>sed</strong></span> <span class='ocrx_word' id='word_1_48' title='bbox 984 608 1100 666; x_wconf 89' lang='lat' dir='ltr'><strong>renasci</strong></span> <span class='ocrx_word' id='word_1_49' title='bbox 1117 609 1175 668; x_wconf 88' lang='lat' dir='ltr'><strong>sicul</strong></span> 
     </span>
     <span class='ocr_line' id='line_1_7' title="bbox 181 694 854 757; baseline 0 -2"><span class='ocrx_word' id='word_1_50' title='bbox 181 694 286 756; x_wconf 91' lang='lat' dir='ltr'><strong>colotis</strong></span> <span class='ocrx_word' id='word_1_51' title='bbox 310 703 340 756; x_wconf 89' lang='lat' dir='ltr'><strong>et</strong></span> <span class='ocrx_word' id='word_1_52' title='bbox 362 695 481 756; x_wconf 89' lang='lat' dir='ltr'><strong>lacertis</strong></span> <span class='ocrx_word' id='word_1_53' title='bbox 504 696 613 756; x_wconf 89' lang='lat' dir='ltr'><strong>caudas</strong></span> <span class='ocrx_word' id='word_1_54' title='bbox 636 695 715 756; x_wconf 90' lang='lat' dir='ltr'><strong>haud</strong></span> <span class='ocrx_word' id='word_1_55' title='bbox 739 695 854 757; x_wconf 83' lang='lat' dir='ltr'><strong>salsum.</strong></span> 
     </span>
    </p>

    <p class='ocr_par' dir='ltr' id='par_1_4' title="bbox 128 777 1176 1578">
     <span class='ocr_line' id='line_1_8' title="bbox 128 777 1176 866; baseline 0.007 -26"><span class='ocrx_word' id='word_1_56' title='bbox 128 791 161 840; x_wconf 82' lang='grc'><strong>88</strong></span> <span class='ocrx_word' id='word_1_57' title='bbox 248 777 322 866; x_wconf 78' lang='lat'>(47)</span> <span class='ocrx_word' id='word_1_58' title='bbox 355 783 437 845; x_wconf 90' lang='lat' dir='ltr'><strong>lnter</strong></span> <span class='ocrx_word' id='word_1_59' title='bbox 460 787 620 865; x_wconf 86' lang='lat' dir='ltr'><strong>praecipua</strong></span> <span class='ocrx_word' id='word_1_60' title='bbox 643 792 743 846; x_wconf 88' lang='lat' dir='ltr'><strong>autem</strong></span> <span class='ocrx_word' id='word_1_61' title='bbox 766 783 908 846; x_wconf 91' lang='lat' dir='ltr'><strong>miracula</strong></span> <span class='ocrx_word' id='word_1_62' title='bbox 930 791 976 844; x_wconf 91' lang='lat' dir='ltr'><strong>est</strong></span> <span class='ocrx_word' id='word_1_63' title='bbox 1001 786 1056 863; x_wconf 88' lang='lat' dir='ltr'><strong>qui</strong></span> <span class='ocrx_word' id='word_1_64' title='bbox 1078 793 1176 846; x_wconf 81' lang='lat' dir='ltr'><strong>vocatur</strong></span> 
     </span>
     <span class='ocr_line' id='line_1_9' title="bbox 180 871 1175 954; baseline 0.001 -22"><span class='ocrx_word' id='word_1_65' title='bbox 180 871 317 953; x_wconf 90' lang='lat' dir='ltr'><strong>nautilos,</strong></span> <span class='ocrx_word' id='word_1_66' title='bbox 341 872 377 933; x_wconf 91' lang='lat' dir='ltr'><strong>ab</strong></span> <span class='ocrx_word' id='word_1_67' title='bbox 401 873 465 934; x_wconf 91' lang='lat' dir='ltr'><strong>aliis</strong></span> <span class='ocrx_word' id='word_1_68' title='bbox 488 873 643 954; x_wconf 78' lang='lat' dir='ltr'><strong>pompilos,</strong></span> <span class='ocrx_word' id='word_1_69' title='bbox 690 877 816 954; x_wconf 92' lang='lat' dir='ltr'><strong>supinus</strong></span> <span class='ocrx_word' id='word_1_70' title='bbox 839 875 871 934; x_wconf 95' lang='lat' dir='ltr'><strong>in</strong></span> <span class='ocrx_word' id='word_1_71' title='bbox 894 891 1011 934; x_wconf 88' lang='lat' dir='ltr'><strong>summa</strong></span> <span class='ocrx_word' id='word_1_72' title='bbox 1036 891 1175 952; x_wconf 85' lang='lat' dir='ltr'><strong>aequorum</strong></span> 
     </span>
     <span class='ocr_line' id='line_1_10' title="bbox 177 962 1176 1043; baseline 0.003 -24"><span class='ocrx_word' id='word_1_73' title='bbox 177 963 314 1040; x_wconf 91' lang='lat' dir='ltr'><strong>pervenit</strong></span> <span class='ocrx_word' id='word_1_74' title='bbox 342 964 384 1024; x_wconf 91' lang='lat' dir='ltr'><strong>ita</strong></span> <span class='ocrx_word' id='word_1_75' title='bbox 414 981 445 1023; x_wconf 92' lang='lat' dir='ltr'><strong>se</strong></span> <span class='ocrx_word' id='word_1_76' title='bbox 469 963 610 1043; x_wconf 88' lang='lat' dir='ltr'><strong>paulatim</strong></span> <span class='ocrx_word' id='word_1_77' title='bbox 633 962 885 1043; x_wconf 75' lang='lat' dir='ltr'><strong>adsubrigeusmt</strong></span> <span class='ocrx_word' id='word_1_78' title='bbox 907 965 1018 1023; x_wconf 90' lang='lat' dir='ltr'><strong>emissa</strong></span> <span class='ocrx_word' id='word_1_79' title='bbox 1042 965 1119 1023; x_wconf 92' lang='lat' dir='ltr'><strong>omni</strong></span> <span class='ocrx_word' id='word_1_80' title='bbox 1138 982 1176 1042; x_wconf 85' lang='lat' dir='ltr'><strong>pu</strong></span> 
     </span>
     <span class='ocr_line' id='line_1_11' title="bbox 178 1049 1176 1131; baseline 0.002 -21"><span class='ocrx_word' id='word_1_81' title='bbox 178 1049 308 1111; x_wconf 87' lang='lat' dir='ltr'><strong>fistulam</strong></span> <span class='ocrx_word' id='word_1_82' title='bbox 344 1069 420 1131; x_wconf 90' lang='lat' dir='ltr'><strong>aqua</strong></span> <span class='ocrx_word' id='word_1_83' title='bbox 457 1052 538 1114; x_wconf 89' lang='lat' dir='ltr'><strong>velut</strong></span> <span class='ocrx_word' id='word_1_84' title='bbox 574 1059 753 1114; x_wconf 84' lang='lat' dir='ltr'><strong>exoneratus</strong></span> <span class='ocrx_word' id='word_1_85' title='bbox 792 1053 910 1112; x_wconf 89' lang='lat' dir='ltr'><strong>sentina</strong></span> <span class='ocrx_word' id='word_1_86' title='bbox 948 1051 1037 1112; x_wconf 84' lang='lat' dir='ltr'><strong>facile</strong></span> <span class='ocrx_word' id='word_1_87' title='bbox 1075 1054 1176 1130; x_wconf 76' lang='lat' dir='ltr'><strong>nerigel</strong></span> 
     </span>
     <span class='ocr_line' id='line_1_12' title="bbox 177 1139 1176 1220; baseline 0.001 -21"><span class='ocrx_word' id='word_1_88' title='bbox 177 1147 282 1218; x_wconf 86' lang='lat' dir='ltr'><strong>postea</strong></span> <span class='ocrx_word' id='word_1_89' title='bbox 309 1141 404 1220; x_wconf 87' lang='lat' dir='ltr'><strong>prima</strong></span> <span class='ocrx_word' id='word_1_90' title='bbox 432 1141 491 1202; x_wconf 91' lang='lat' dir='ltr'><strong>duo</strong></span> <span class='ocrx_word' id='word_1_91' title='bbox 518 1141 656 1202; x_wconf 88' lang='lat' dir='ltr'><strong>bracchia</strong></span> <span class='ocrx_word' id='word_1_92' title='bbox 683 1149 863 1220; x_wconf 81' lang='lat' dir='ltr'><strong>retorquens</strong></span> <span class='ocrx_word' id='word_1_93' title='bbox 890 1139 1098 1202; x_wconf 77' lang='lat' dir='ltr'><strong>membranam</strong></span> <span class='ocrx_word' id='word_1_94' title='bbox 1118 1143 1176 1200; x_wconf 79' lang='lat' dir='ltr'><strong>mter</strong></span> 
     </span>
     <span class='ocr_line' id='line_1_13' title="bbox 178 1227 1176 1311; baseline 0.002 -23"><span class='ocrx_word' id='word_1_95' title='bbox 178 1227 228 1288; x_wconf 92' lang='lat' dir='ltr'><strong>illa</strong></span> <span class='ocrx_word' id='word_1_96' title='bbox 250 1230 342 1290; x_wconf 90' lang='lat' dir='ltr'><strong>mirae</strong></span> <span class='ocrx_word' id='word_1_97' title='bbox 365 1232 520 1291; x_wconf 78' lang='lat' dir='ltr'><strong>tenuitatis</strong></span> <span class='ocrx_word' id='word_1_98' title='bbox 541 1230 682 1311; x_wconf 84' lang='lat' dir='ltr'><strong>extendit,</strong></span> <span class='ocrx_word' id='word_1_99' title='bbox 705 1249 764 1310; x_wconf 87' lang='lat' dir='ltr'><strong>qua</strong></span> <span class='ocrx_word' id='word_1_100' title='bbox 782 1230 947 1292; x_wconf 82' lang='lat' dir='ltr'><strong>velificante</strong></span> <span class='ocrx_word' id='word_1_101' title='bbox 970 1231 1003 1290; x_wconf 89' lang='lat' dir='ltr'><strong>in</strong></span> <span class='ocrx_word' id='word_1_102' title='bbox 1025 1249 1098 1292; x_wconf 88' lang='lat' dir='ltr'><strong>aura</strong></span> <span class='ocrx_word' id='word_1_103' title='bbox 1119 1241 1176 1292; x_wconf 78' lang='lat' dir='ltr'><strong>cete-</strong></span> 
     </span>
     <span class='ocr_line' id='line_1_14' title="bbox 178 1317 1176 1398; baseline -0.002 -22"><span class='ocrx_word' id='word_1_104' title='bbox 178 1319 220 1377; x_wconf 90' lang='lat' dir='ltr'><strong>ris</strong></span> <span class='ocrx_word' id='word_1_105' title='bbox 244 1317 449 1398; x_wconf 87' lang='lat' dir='ltr'><strong>subremigans</strong></span> <span class='ocrx_word' id='word_1_106' title='bbox 472 1319 621 1380; x_wconf 88' lang='lat' dir='ltr'><strong>bracchiis</strong></span> <span class='ocrx_word' id='word_1_107' title='bbox 643 1319 741 1381; x_wconf 92' lang='lat' dir='ltr'><strong>media</strong></span> <span class='ocrx_word' id='word_1_108' title='bbox 764 1339 796 1380; x_wconf 93' lang='lat' dir='ltr'><strong>se</strong></span> <span class='ocrx_word' id='word_1_109' title='bbox 820 1319 913 1380; x_wconf 91' lang='lat' dir='ltr'><strong>cauda</strong></span> <span class='ocrx_word' id='word_1_110' title='bbox 935 1326 969 1379; x_wconf 83' lang='lat' dir='ltr'><strong>ul</strong></span> <span class='ocrx_word' id='word_1_111' title='bbox 991 1319 1176 1398; x_wconf 66' lang='lat' dir='ltr'><strong>gubernaculi</strong></span> 
     </span>
     <span class='ocr_line' id='line_1_15' title="bbox 177 1408 1175 1490; baseline 0.002 -24"><span class='ocrx_word' id='word_1_112' title='bbox 177 1408 263 1486; x_wconf 88' lang='lat' dir='ltr'><strong>regit.</strong></span> <span class='ocrx_word' id='word_1_113' title='bbox 304 1410 345 1468; x_wconf 91' lang='lat' dir='ltr'><strong>ita</strong></span> <span class='ocrx_word' id='word_1_114' title='bbox 364 1408 443 1468; x_wconf 91' lang='lat' dir='ltr'><strong>vadit</strong></span> <span class='ocrx_word' id='word_1_115' title='bbox 466 1408 523 1469; x_wconf 93' lang='lat' dir='ltr'><strong>altc</strong></span> <span class='ocrx_word' id='word_1_116' title='bbox 542 1408 771 1470; x_wconf 84' lang='lat' dir='ltr'><strong>Liburnicarum</strong></span> <span class='ocrx_word' id='word_1_117' title='bbox 789 1409 896 1471; x_wconf 91' lang='lat' dir='ltr'><strong>ludens</strong></span> <span class='ocrx_word' id='word_1_118' title='bbox 915 1410 1057 1490; x_wconf 84' lang='lat' dir='ltr'><strong>imagine,</strong></span> <span class='ocrx_word' id='word_1_119' title='bbox 1081 1408 1175 1488; x_wconf 85' lang='lat' dir='ltr'><strong>siquid</strong></span> 
     </span>
     <span class='ocr_line' id='line_1_16' title="bbox 177 1497 956 1578; baseline 0.003 -22"><span class='ocrx_word' id='word_1_120' title='bbox 177 1498 295 1575; x_wconf 90' lang='lat' dir='ltr'><strong>pavoris</strong></span> <span class='ocrx_word' id='word_1_121' title='bbox 318 1498 504 1578; x_wconf 88' lang='lat' dir='ltr'><strong>interveniat,</strong></span> <span class='ocrx_word' id='word_1_122' title='bbox 526 1497 632 1560; x_wconf 90' lang='lat' dir='ltr'><strong>hausta</strong></span> <span class='ocrx_word' id='word_1_123' title='bbox 655 1517 687 1558; x_wconf 88' lang='lat' dir='ltr'><strong>se</strong></span> <span class='ocrx_word' id='word_1_124' title='bbox 711 1517 850 1578; x_wconf 90' lang='lat' dir='ltr'><strong>mergens</strong></span> <span class='ocrx_word' id='word_1_125' title='bbox 873 1516 956 1578; x_wconf 91' lang='lat' dir='ltr'><strong>aqua.</strong></span> 
     </span>
    </p>

    <p class='ocr_par' dir='ltr' id='par_1_5' title="bbox 125 1579 1176 1766">
     <span class='ocr_line' id='line_1_17' title="bbox 125 1579 1176 1668; baseline 0 -22"><span class='ocrx_word' id='word_1_126' title='bbox 125 1585 160 1636; x_wconf 81' lang='grc'><strong>89</strong></span> <span class='ocrx_word' id='word_1_127' title='bbox 246 1579 308 1648; x_wconf 83' lang='grc'><strong>30.</strong></span> <span class='ocrx_word' id='word_1_128' title='bbox 332 1580 406 1668; x_wconf 88' lang='grc'>(48)</span> <span class='ocrx_word' id='word_1_129' title='bbox 429 1585 610 1667; x_wconf 85' lang='lat' dir='ltr'><strong>Polyporum</strong></span> <span class='ocrx_word' id='word_1_130' title='bbox 633 1590 752 1667; x_wconf 88' lang='lat' dir='ltr'><strong>generis</strong></span> <span class='ocrx_word' id='word_1_131' title='bbox 775 1596 821 1650; x_wconf 90' lang='lat' dir='ltr'><strong>est</strong></span> <span class='ocrx_word' id='word_1_132' title='bbox 843 1606 952 1648; x_wconf 85' lang='lat' dir='ltr'><strong>ozaena</strong></span> <span class='ocrx_word' id='word_1_133' title='bbox 974 1587 1060 1649; x_wconf 88' lang='lat' dir='ltr'><strong>dicta</strong></span> <span class='ocrx_word' id='word_1_134' title='bbox 1081 1607 1097 1648; x_wconf 89' lang='lat' dir='ltr'><strong>a</strong></span> <span class='ocrx_word' id='word_1_135' title='bbox 1116 1587 1176 1667; x_wconf 76' lang='lat' dir='ltr'><strong>grad</strong></span> 
     </span>
     <span class='ocr_line' id='line_1_18' title="bbox 178 1673 1176 1766; baseline 0 -32"><span class='ocrx_word' id='word_1_136' title='bbox 178 1675 283 1754; x_wconf 86' lang='lat' dir='ltr'><strong>capitis</strong></span> <span class='ocrx_word' id='word_1_137' title='bbox 302 1673 403 1756; x_wconf 90' lang='lat' dir='ltr'><strong>odore,</strong></span> <span class='ocrx_word' id='word_1_138' title='bbox 425 1675 464 1736; x_wconf 94' lang='lat' dir='ltr'><strong>ob</strong></span> <span class='ocrx_word' id='word_1_139' title='bbox 483 1676 540 1738; x_wconf 90' lang='lat' dir='ltr'><strong>hoc</strong></span> <span class='ocrx_word' id='word_1_140' title='bbox 559 1679 684 1738; x_wconf 84' lang='lat' dir='ltr'><strong>maxime</strong></span> <span class='ocrx_word' id='word_1_141' title='bbox 707 1680 841 1738; x_wconf 91' lang='lat' dir='ltr'><strong>murenis</strong></span> <span class='ocrx_word' id='word_1_142' title='bbox 860 1696 924 1738; x_wconf 91' lang='lat' dir='ltr'><strong>eam</strong></span> <span class='ocrx_word' id='word_1_143' title='bbox 943 1677 1176 1766; x_wconf 65' lang='lat' dir='ltr'><strong>consectandum,</strong></span> 
     </span>
    </p>

    <p class='ocr_par' dir='ltr' id='par_1_6' title="bbox 244 1763 1176 1846">
     <span class='ocr_line' id='line_1_19' title="bbox 244 1763 1176 1846; baseline 0.003 -22"><span class='ocrx_word' id='word_1_144' title='bbox 244 1763 348 1844; x_wconf 86' lang='lat' dir='ltr'><strong>Polypi</strong></span> <span class='ocrx_word' id='word_1_145' title='bbox 370 1763 449 1827; x_wconf 92' lang='lat' dir='ltr'><strong>binis</strong></span> <span class='ocrx_word' id='word_1_146' title='bbox 468 1765 622 1828; x_wconf 91' lang='lat' dir='ltr'><strong>mensibus</strong></span> <span class='ocrx_word' id='word_1_147' title='bbox 638 1767 824 1846; x_wconf 77' lang='lat' dir='ltr'><strong>conduntur.</strong></span> <span class='ocrx_word' id='word_1_148' title='bbox 865 1767 942 1827; x_wconf 90' lang='lat' dir='ltr'><strong>ultra</strong></span> <span class='ocrx_word' id='word_1_149' title='bbox 966 1765 1113 1828; x_wconf 90' lang='lat' dir='ltr'><strong>bimatum</strong></span> <span class='ocrx_word' id='word_1_150' title='bbox 1134 1769 1176 1828; x_wconf 56' lang='lat' dir='ltr'><strong>uu*</strong></span> 
     </span>
    </p>

    <p class='ocr_par' dir='ltr' id='par_1_7' title="bbox 147 1849 1176 2022">
     <span class='ocr_line' id='line_1_20' title="bbox 147 1849 1176 1936; baseline 0.005 -25"><span class='ocrx_word' id='word_1_151' title='bbox 147 1849 150 1854; x_wconf 82' lang='lat'>&#39;</span> <span class='ocrx_word' id='word_1_152' title='bbox 176 1855 288 1915; x_wconf 87' lang='lat' dir='ltr'><strong>vivunt.</strong></span> <span class='ocrx_word' id='word_1_153' title='bbox 333 1862 461 1934; x_wconf 88' lang='lat' dir='ltr'><strong>pereunt</strong></span> <span class='ocrx_word' id='word_1_154' title='bbox 484 1863 584 1916; x_wconf 89' lang='lat' dir='ltr'><strong>autem</strong></span> <span class='ocrx_word' id='word_1_155' title='bbox 607 1853 674 1915; x_wconf 91' lang='lat' dir='ltr'><strong>tabe</strong></span> <span class='ocrx_word' id='word_1_156' title='bbox 699 1873 825 1936; x_wconf 86' lang='lat' dir='ltr'><strong>semper,</strong></span> <span class='ocrx_word' id='word_1_157' title='bbox 855 1855 982 1916; x_wconf 83' lang='lat' dir='ltr'><strong>feminae</strong></span> <span class='ocrx_word' id='word_1_158' title='bbox 1014 1855 1138 1916; x_wconf 87' lang='lat' dir='ltr'><strong>celerius</strong></span> <span class='ocrx_word' id='word_1_159' title='bbox 1155 1868 1176 1935; x_wconf 71' lang='lat' dir='ltr'><strong>el,</strong></span> 
     </span>
     <span class='ocr_line' id='line_1_21' title="bbox 177 1943 400 2022; baseline 0.009 -20"><span class='ocrx_word' id='word_1_160' title='bbox 177 1943 240 2003; x_wconf 87' lang='lat' dir='ltr'><strong>sere</strong></span> <span class='ocrx_word' id='word_1_161' title='bbox 265 1961 281 2002; x_wconf 93' lang='lat' dir='ltr'><strong>a</strong></span> <span class='ocrx_word' id='word_1_162' title='bbox 303 1951 400 2022; x_wconf 89' lang='lat' dir='ltr'><strong>partu.</strong></span> 
     </span>
    </p>

    <p class='ocr_par' dir='ltr' id='par_1_8' title="bbox 244 2031 1175 2113">
     <span class='ocr_line' id='line_1_22' title="bbox 244 2031 1175 2113; baseline 0.002 -22"><span class='ocrx_word' id='word_1_163' title='bbox 244 2031 309 2092; x_wconf 89' lang='lat' dir='ltr'><strong>Non</strong></span> <span class='ocrx_word' id='word_1_164' title='bbox 333 2040 403 2092; x_wconf 88' lang='lat' dir='ltr'><strong>sunt</strong></span> <span class='ocrx_word' id='word_1_165' title='bbox 425 2033 643 2112; x_wconf 89' lang='lat' dir='ltr'><strong>praetereunda</strong></span> <span class='ocrx_word' id='word_1_166' title='bbox 666 2041 697 2094; x_wconf 91' lang='lat' dir='ltr'><strong>et</strong></span> <span class='ocrx_word' id='word_1_167' title='bbox 719 2032 751 2093; x_wconf 91' lang='lat' dir='ltr'><strong>L.</strong></span> <span class='ocrx_word' id='word_1_168' title='bbox 770 2032 894 2095; x_wconf 92' lang='lat' dir='ltr'><strong>Lucullo</strong></span> <span class='ocrx_word' id='word_1_169' title='bbox 917 2035 1102 2113; x_wconf 84' lang='lat' dir='ltr'><strong>proconsule</strong></span> <span class='ocrx_word' id='word_1_170' title='bbox 1124 2033 1175 2094; x_wconf 72' lang='lat' dir='ltr'><strong>bae</strong></span> 
     </span>
    </p>

    <p class='ocr_par' dir='ltr' id='par_1_9' title="bbox 176 2121 1173 2202">
     <span class='ocr_line' id='line_1_23' title="bbox 176 2121 1173 2202; baseline 0.002 -22"><span class='ocrx_word' id='word_1_171' title='bbox 176 2122 251 2180; x_wconf 92' lang='lat' dir='ltr'><strong>ticae</strong></span> <span class='ocrx_word' id='word_1_172' title='bbox 276 2129 428 2201; x_wconf 87' lang='lat' dir='ltr'><strong>comperta</strong></span> <span class='ocrx_word' id='word_1_173' title='bbox 451 2121 488 2182; x_wconf 88' lang='lat' dir='ltr'><strong>de</strong></span> <span class='ocrx_word' id='word_1_174' title='bbox 511 2122 627 2202; x_wconf 80' lang='lat' dir='ltr'><strong>polypis</strong></span> <span class='ocrx_word' id='word_1_175' title='bbox 650 2141 725 2202; x_wconf 88' lang='lat' dir='ltr'><strong>quae</strong></span> <span class='ocrx_word' id='word_1_176' title='bbox 750 2121 904 2184; x_wconf 88' lang='lat' dir='ltr'><strong>Trebius</strong></span> <span class='ocrx_word' id='word_1_177' title='bbox 927 2121 1042 2202; x_wconf 86' lang='lat' dir='ltr'><strong>Niger</strong></span> <span class='ocrx_word' id='word_1_178' title='bbox 1069 2144 1085 2184; x_wconf 91' lang='lat' dir='ltr'><strong>e</strong></span> <span class='ocrx_word' id='word_1_179' title='bbox 1108 2123 1173 2184; x_wconf 90' lang='lat' dir='ltr'><strong>coni·</strong></span> 
     </span>
    </p>

    <p class='ocr_par' dir='ltr' id='par_1_10' title="bbox 123 2208 1175 2827">
     <span class='ocr_line' id='line_1_24' title="bbox 123 2208 1175 2293; baseline 0.004 -25"><span class='ocrx_word' id='word_1_180' title='bbox 123 2212 157 2259; x_wconf 84' lang='lat'><strong>90</strong></span> <span class='ocrx_word' id='word_1_181' title='bbox 176 2208 256 2269; x_wconf 90' lang='lat' dir='ltr'><strong>tibus</strong></span> <span class='ocrx_word' id='word_1_182' title='bbox 270 2211 335 2270; x_wconf 91' lang='lat' dir='ltr'><strong>eius</strong></span> <span class='ocrx_word' id='word_1_183' title='bbox 348 2210 492 2290; x_wconf 86' lang='lat' dir='ltr'><strong>prodidit:</strong></span> <span class='ocrx_word' id='word_1_184' title='bbox 511 2211 696 2272; x_wconf 89' lang='lat' dir='ltr'><strong>avidissimos</strong></span> <span class='ocrx_word' id='word_1_185' title='bbox 710 2230 775 2272; x_wconf 91' lang='lat' dir='ltr'><strong>esse</strong></span> <span class='ocrx_word' id='word_1_186' title='bbox 791 2211 984 2293; x_wconf 84' lang='lat' dir='ltr'><strong>concharum,</strong></span> <span class='ocrx_word' id='word_1_187' title='bbox 1003 2213 1075 2274; x_wconf 91' lang='lat' dir='ltr'><strong>illas</strong></span> <span class='ocrx_word' id='word_1_188' title='bbox 1089 2214 1121 2274; x_wconf 92' lang='lat' dir='ltr'><strong>ad</strong></span> <span class='ocrx_word' id='word_1_189' title='bbox 1134 2217 1175 2273; x_wconf 61' lang='lat' dir='ltr'><strong>tac?</strong></span> 
     </span>
     <span class='ocr_line' id='line_1_25' title="bbox 175 2299 1175 2394; baseline 0.002 -36"><span class='ocrx_word' id='word_1_190' title='bbox 175 2305 240 2358; x_wconf 88' lang='lat' dir='ltr'><strong>tum</strong></span> <span class='ocrx_word' id='word_1_191' title='bbox 259 2300 639 2380; x_wconf 86' lang='lat' dir='ltr'><strong>comprimipraecidentes</strong></span> <span class='ocrx_word' id='word_1_192' title='bbox 655 2299 793 2362; x_wconf 87' lang='lat' dir='ltr'><strong>bracchia</strong></span> <span class='ocrx_word' id='word_1_193' title='bbox 812 2320 917 2362; x_wconf 90' lang='lat' dir='ltr'><strong>eorum</strong></span> <span class='ocrx_word' id='word_1_194' title='bbox 934 2300 1081 2383; x_wconf 86' lang='lat' dir='ltr'><strong>ultroque</strong></span> <span class='ocrx_word' id='word_1_195' title='bbox 1099 2311 1175 2394; x_wconf 62' lang='lat' dir='ltr'><strong>escnnp</strong></span> 
     </span>
     <span class='ocr_line' id='line_1_26' title="bbox 176 2388 1174 2472; baseline 0.004 -26"><span class='ocrx_word' id='word_1_196' title='bbox 176 2406 212 2446; x_wconf 85' lang='lat' dir='ltr'><strong>ex</strong></span> <span class='ocrx_word' id='word_1_197' title='bbox 235 2388 395 2467; x_wconf 88' lang='lat' dir='ltr'><strong>praedante</strong></span> <span class='ocrx_word' id='word_1_198' title='bbox 419 2408 535 2469; x_wconf 88' lang='lat' dir='ltr'><strong>capere.</strong></span> <span class='ocrx_word' id='word_1_199' title='bbox 577 2398 679 2450; x_wconf 89' lang='lat' dir='ltr'><strong>carent</strong></span> <span class='ocrx_word' id='word_1_200' title='bbox 702 2389 832 2451; x_wconf 88' lang='lat' dir='ltr'><strong>conchae</strong></span> <span class='ocrx_word' id='word_1_201' title='bbox 856 2393 921 2451; x_wconf 90' lang='lat' dir='ltr'><strong>visu</strong></span> <span class='ocrx_word' id='word_1_202' title='bbox 940 2393 1087 2472; x_wconf 89' lang='lat' dir='ltr'><strong>omnique</strong></span> <span class='ocrx_word' id='word_1_203' title='bbox 1106 2409 1174 2452; x_wconf 82' lang='lat' dir='ltr'><strong>sensu</strong></span> 
     </span>
     <span class='ocr_line' id='line_1_27' title="bbox 176 2476 1174 2564; baseline 0.001 -28"><span class='ocrx_word' id='word_1_204' title='bbox 176 2476 232 2536; x_wconf 90' lang='lat' dir='ltr'><strong>alio</strong></span> <span class='ocrx_word' id='word_1_205' title='bbox 256 2497 345 2556; x_wconf 89' lang='lat' dir='ltr'><strong>quam</strong></span> <span class='ocrx_word' id='word_1_206' title='bbox 368 2477 426 2538; x_wconf 90' lang='lat' dir='ltr'><strong>cibi</strong></span> <span class='ocrx_word' id='word_1_207' title='bbox 450 2487 480 2540; x_wconf 88' lang='lat' dir='ltr'><strong>et</strong></span> <span class='ocrx_word' id='word_1_208' title='bbox 502 2479 637 2558; x_wconf 75' lang='lat' dir='ltr'><strong>perIculi.</strong></span> <span class='ocrx_word' id='word_1_209' title='bbox 682 2479 862 2540; x_wconf 91' lang='lat' dir='ltr'><strong>insidiantur</strong></span> <span class='ocrx_word' id='word_1_210' title='bbox 885 2498 956 2560; x_wconf 92' lang='lat' dir='ltr'><strong>ergo</strong></span> <span class='ocrx_word' id='word_1_211' title='bbox 983 2481 1089 2562; x_wconf 77' lang='lat' dir='ltr'><strong>polypi</strong></span> <span class='ocrx_word' id='word_1_212' title='bbox 1111 2497 1174 2564; x_wconf 65' lang='lat' dir='ltr'><strong>aper</strong></span> 
     </span>
     <span class='ocr_line' id='line_1_28' title="bbox 175 2565 1174 2650; baseline 0 -22"><span class='ocrx_word' id='word_1_213' title='bbox 175 2568 224 2647; x_wconf 84' lang='lat' dir='ltr'><strong>us,</strong></span> <span class='ocrx_word' id='word_1_214' title='bbox 246 2569 436 2647; x_wconf 89' lang='lat' dir='ltr'><strong>inpositoque</strong></span> <span class='ocrx_word' id='word_1_215' title='bbox 459 2567 558 2648; x_wconf 92' lang='lat' dir='ltr'><strong>lapillo</strong></span> <span class='ocrx_word' id='word_1_216' title='bbox 582 2577 665 2628; x_wconf 84' lang='lat' dir='ltr'><strong>extra</strong></span> <span class='ocrx_word' id='word_1_217' title='bbox 688 2587 808 2650; x_wconf 76' lang='lat' dir='ltr'><strong>corpuS,</strong></span> <span class='ocrx_word' id='word_1_218' title='bbox 831 2587 868 2629; x_wconf 90' lang='lat' dir='ltr'><strong>ne</strong></span> <span class='ocrx_word' id='word_1_219' title='bbox 891 2569 1040 2649; x_wconf 88' lang='lat' dir='ltr'><strong>palpitatu</strong></span> <span class='ocrx_word' id='word_1_220' title='bbox 1062 2565 1174 2632; x_wconf 79' lang='lat' dir='ltr'><strong>eiciatur</strong></span> 
     </span>
     <span class='ocr_line' id='line_1_29' title="bbox 174 2657 1167 2738; baseline 0 -20"><span class='ocrx_word' id='word_1_221' title='bbox 174 2657 216 2718; x_wconf 86' lang='lat' dir='ltr'><strong>ita</strong></span> <span class='ocrx_word' id='word_1_222' title='bbox 239 2659 338 2718; x_wconf 93' lang='lat' dir='ltr'><strong>securi</strong></span> <span class='ocrx_word' id='word_1_223' title='bbox 365 2664 540 2737; x_wconf 87' lang='lat' dir='ltr'><strong>grassantur</strong></span> <span class='ocrx_word' id='word_1_224' title='bbox 568 2657 786 2738; x_wconf 83' lang='lat' dir='ltr'><strong>extrahuntque</strong></span> <span class='ocrx_word' id='word_1_225' title='bbox 815 2676 928 2720; x_wconf 73' lang='lat' dir='ltr'><strong>omnes.</strong></span> <span class='ocrx_word' id='word_1_226' title='bbox 973 2657 1044 2720; x_wconf 92' lang='lat' dir='ltr'><strong>illae</strong></span> <span class='ocrx_word' id='word_1_227' title='bbox 1069 2680 1101 2721; x_wconf 89' lang='lat' dir='ltr'><strong>se</strong></span> <span class='ocrx_word' id='word_1_228' title='bbox 1123 2677 1167 2718; x_wconf 88' lang='lat' dir='ltr'><strong>rou</strong></span> 
     </span>
     <span class='ocr_line' id='line_1_30' title="bbox 174 2744 1137 2827; baseline 0.004 -21"><span class='ocrx_word' id='word_1_229' title='bbox 174 2744 305 2827; x_wconf 85' lang='lat' dir='ltr'><strong>trabunt,</strong></span> <span class='ocrx_word' id='word_1_230' title='bbox 324 2747 377 2808; x_wconf 93' lang='lat' dir='ltr'><strong>sed</strong></span> <span class='ocrx_word' id='word_1_231' title='bbox 396 2746 516 2827; x_wconf 82' lang='lat' dir='ltr'><strong>frustra,</strong></span> <span class='ocrx_word' id='word_1_232' title='bbox 536 2746 734 2808; x_wconf 88' lang='lat' dir='ltr'><strong>discuneatae.</strong></span> <span class='ocrx_word' id='word_1_233' title='bbox 771 2755 852 2808; x_wconf 89' lang='lat' dir='ltr'><strong>tanta</strong></span> <span class='ocrx_word' id='word_1_234' title='bbox 870 2747 1001 2809; x_wconf 91' lang='lat' dir='ltr'><strong>sollertia</strong></span> <span class='ocrx_word' id='word_1_235' title='bbox 1021 2747 1137 2810; x_wconf 88' lang='lat' dir='ltr'><strong>animab</strong></span> 
     </span>
    </p>

    <p class='ocr_par' dir='ltr' id='par_1_11' title="bbox 122 2831 1173 3008">
     <span class='ocr_line' id='line_1_31' title="bbox 122 2831 1173 2916; baseline -0.002 -22"><span class='ocrx_word' id='word_1_236' title='bbox 122 2835 157 2884; x_wconf 83' lang='lat'><strong>91</strong></span> <span class='ocrx_word' id='word_1_237' title='bbox 176 2831 376 2896; x_wconf 89' lang='lat' dir='ltr'><strong>hebetissimis</strong></span> <span class='ocrx_word' id='word_1_238' title='bbox 404 2854 524 2915; x_wconf 82' lang='lat' dir='ltr'><strong>quoque</strong></span> <span class='ocrx_word' id='word_1_239' title='bbox 552 2844 606 2898; x_wconf 91' lang='lat' dir='ltr'><strong>est.</strong></span> <span class='ocrx_word' id='word_1_240' title='bbox 651 2843 806 2916; x_wconf 89' lang='lat' dir='ltr'><strong>praeterea</strong></span> <span class='ocrx_word' id='word_1_241' title='bbox 828 2846 916 2916; x_wconf 86' lang='lat' dir='ltr'><strong>negat</strong></span> <span class='ocrx_word' id='word_1_242' title='bbox 942 2835 1040 2899; x_wconf 93' lang='lat' dir='ltr'><strong>ullum</strong></span> <span class='ocrx_word' id='word_1_243' title='bbox 1064 2839 1173 2900; x_wconf 65' lang='lat' dir='ltr'><strong>atrocius</strong></span> 
     </span>
     <span class='ocr_line' id='line_1_32' title="bbox 175 2924 1173 3008; baseline 0.004 -26"><span class='ocrx_word' id='word_1_244' title='bbox 175 2941 241 2983; x_wconf 90' lang='lat' dir='ltr'><strong>esse</strong></span> <span class='ocrx_word' id='word_1_245' title='bbox 264 2925 371 2985; x_wconf 92' lang='lat' dir='ltr'><strong>animal</strong></span> <span class='ocrx_word' id='word_1_246' title='bbox 399 2925 435 2985; x_wconf 91' lang='lat' dir='ltr'><strong>ad</strong></span> <span class='ocrx_word' id='word_1_247' title='bbox 459 2924 677 2988; x_wconf 88' lang='lat' dir='ltr'><strong>conficiendum</strong></span> <span class='ocrx_word' id='word_1_248' title='bbox 699 2925 850 2988; x_wconf 89' lang='lat' dir='ltr'><strong>bominem</strong></span> <span class='ocrx_word' id='word_1_249' title='bbox 875 2928 907 2986; x_wconf 93' lang='lat' dir='ltr'><strong>in</strong></span> <span class='ocrx_word' id='word_1_250' title='bbox 930 2944 1014 3006; x_wconf 89' lang='lat' dir='ltr'><strong>aqua.</strong></span> <span class='ocrx_word' id='word_1_251' title='bbox 1062 2928 1173 3008; x_wconf 68' lang='lat' dir='ltr'><strong>luctatur,</strong></span> 
     </span>
    </p>
   </div>
   <div class='ocr_carea' id='block_1_3' title="bbox 174 3117 387 3128">
    <p class='ocr_par' dir='ltr' id='par_1_12' title="bbox 174 3117 387 3128">
     <span class='ocr_line' id='line_1_33' title="bbox 174 3117 387 3128; baseline 0.014 -3"><span class='ocrx_word' id='word_1_252' title='bbox 174 3117 387 3128; x_wconf 73' lang='lat'><strong>-—---..-....-</strong></span> 
     </span>
    </p>
   </div>
   <div class='ocr_carea' id='block_1_4' title="bbox 175 3240 1172 3456">
    <p class='ocr_par' dir='ltr' id='par_1_13' title="bbox 175 3240 1172 3456">
     <span class='ocr_line' id='line_1_34' title="bbox 245 3240 1170 3310; baseline -0.002 -17"><span class='ocrx_word' id='word_1_253' title='bbox 245 3245 261 3293; x_wconf 77' lang='grc'>2</span> <span class='ocrx_word' id='word_1_254' title='bbox 287 3240 434 3310; x_wconf 86' lang='lat' dir='ltr'><strong>putamina</strong></span> <span class='ocrx_word' id='word_1_255' title='bbox 459 3256 540 3295; x_wconf 83' lang='lat' dir='ltr'><strong>erosa</strong></span> <span class='ocrx_word' id='word_1_256' title='bbox 569 3244 593 3294; x_wconf 79' lang='lat' dir='ltr'><strong>al.</strong></span> <span class='ocrx_word' id='word_1_257' title='bbox 635 3257 684 3296; x_wconf 76' lang='lat' dir='ltr'><strong>na</strong></span> <span class='ocrx_word' id='word_1_258' title='bbox 708 3256 773 3296; x_wconf 84' lang='lat' dir='ltr'><strong>rosa</strong></span> <span class='ocrx_word' id='word_1_259' title='bbox 797 3240 835 3296; x_wconf 63' lang='grc' dir='ltr'><strong>α’.</strong></span> <span class='ocrx_word' id='word_1_260' title='bbox 866 3241 924 3300; x_wconf 82' lang='lat' dir='ltr'><strong>edd.</strong></span> <span class='ocrx_word' id='word_1_261' title='bbox 948 3245 1012 3296; x_wconf 77' lang='lat' dir='ltr'><strong>nota</strong></span> <span class='ocrx_word' id='word_1_262' title='bbox 1035 3241 1102 3296; x_wconf 82' lang='lat' dir='ltr'><strong>Del.</strong></span> <span class='ocrx_word' id='word_1_263' title='bbox 1138 3253 1170 3292; x_wconf 80' lang='lat' dir='ltr'><strong>-n</strong></span> 
     </span>
     <span class='ocr_line' id='line_1_35' title="bbox 175 3311 1165 3368; baseline -0.006 0"><span class='ocrx_word' id='word_1_264' title='bbox 175 3327 255 3368; x_wconf 81' lang='lat' dir='ltr'><strong>erosa</strong></span> <span class='ocrx_word' id='word_1_265' title='bbox 272 3311 317 3365; x_wconf 62' lang='grc' dir='ltr'><strong>κ’.</strong></span> <span class='ocrx_word' id='word_1_266' title='bbox 345 3328 391 3366; x_wconf 89' lang='lat' dir='ltr'><strong>-ne</strong></span> <span class='ocrx_word' id='word_1_267' title='bbox 409 3328 474 3366; x_wconf 83' lang='lat' dir='ltr'><strong>rosa</strong></span> <span class='ocrx_word' id='word_1_268' title='bbox 491 3329 515 3366; x_wconf 80' lang='lat' dir='ltr'><strong>r.</strong></span> <span class='ocrx_word' id='word_1_269' title='bbox 595 3317 611 3366; x_wconf 84' lang='grc'><strong>6</strong></span> <span class='ocrx_word' id='word_1_270' title='bbox 631 3311 731 3367; x_wconf 84' lang='lat' dir='ltr'><strong>colotis</strong></span> <span class='ocrx_word' id='word_1_271' title='bbox 749 3312 837 3368; x_wconf 81' lang='lat' dir='ltr'><strong>Borb.</strong></span> <span class='ocrx_word' id='word_1_272' title='bbox 861 3312 977 3368; x_wconf 81' lang='lat' dir='ltr'><strong>eolcotis</strong></span> <span class='ocrx_word' id='word_1_273' title='bbox 994 3317 1049 3367; x_wconf 62' lang='lat' dir='ltr'><strong>Bu</strong></span> <span class='ocrx_word' id='word_1_274' title='bbox 1073 3311 1165 3368; x_wconf 83' lang='lat' dir='ltr'><strong>-citisr</strong></span> 
     </span>
     <span class='ocr_line' id='line_1_36' title="bbox 176 3379 1172 3456; baseline 0.003 -21"><span class='ocrx_word' id='word_1_275' title='bbox 176 3379 292 3451; x_wconf 72' lang='lat' dir='ltr'><strong>{caude</strong></span> <span class='ocrx_word' id='word_1_276' title='bbox 305 3387 337 3436; x_wconf 79' lang='lat' dir='ltr'><strong>B.</strong></span> <span class='ocrx_word' id='word_1_277' title='bbox 416 3381 635 3452; x_wconf 84' lang='lat' dir='ltr'><strong>9adsubrigens</strong></span> <span class='ocrx_word' id='word_1_278' title='bbox 654 3383 682 3438; x_wconf 82' lang='lat' dir='ltr'><strong>ll.</strong></span> <span class='ocrx_word' id='word_1_279' title='bbox 713 3383 790 3444; x_wconf 81' lang='lat' dir='ltr'><strong>subt·</strong></span> <span class='ocrx_word' id='word_1_280' title='bbox 808 3401 833 3438; x_wconf 86' lang='lat' dir='ltr'><strong>o.</strong></span> <span class='ocrx_word' id='word_1_281' title='bbox 911 3389 945 3438; x_wconf 82' lang='lat'><strong>14</strong></span> <span class='ocrx_word' id='word_1_282' title='bbox 960 3383 1071 3456; x_wconf 61' lang='lat' dir='ltr'><strong>lifregit</strong></span> <span class='ocrx_word' id='word_1_283' title='bbox 1087 3389 1115 3438; x_wconf 72' lang='lat' dir='ltr'><strong>B.</strong></span> <span class='ocrx_word' id='word_1_284' title='bbox 1139 3395 1172 3438; x_wconf 57' lang='lat' dir='ltr'><strong>sac</strong></span> 
     </span>
    </p>
   </div>
   <div class='ocr_carea' id='block_1_5' title="bbox 172 3451 1172 3594">
    <p class='ocr_par' dir='ltr' id='par_1_14' title="bbox 172 3451 1172 3594">
     <span class='ocr_line' id='line_1_37' title="bbox 172 3451 1172 3594; baseline 0.006 -91"><span class='ocrx_word' id='word_1_285' title='bbox 172 3451 242 3520; x_wconf 85' lang='lat' dir='ltr'><strong>rigit</strong></span> <span class='ocrx_word' id='word_1_286' title='bbox 258 3453 296 3506; x_wconf 57' lang='grc' dir='ltr'><strong>αἱ.</strong></span> <span class='ocrx_word' id='word_1_287' title='bbox 325 3453 464 3594; x_wconf 57' lang='lat' dir='ltr'><strong>sategit&#39;r.</strong></span> <span class='ocrx_word' id='word_1_288' title='bbox 488 3457 492 3523; x_wconf 93' lang='grc' dir='ltr'>Ι</span> <span class='ocrx_word' id='word_1_289' title='bbox 515 3453 614 3508; x_wconf 92' lang='lat' dir='ltr'><strong>ludens</strong></span> <span class='ocrx_word' id='word_1_290' title='bbox 632 3460 656 3507; x_wconf 82' lang='lat' dir='ltr'>B</span> <span class='ocrx_word' id='word_1_291' title='bbox 674 3455 750 3510; x_wconf 82' lang='lat' dir='ltr'><strong>codd.</strong></span> <span class='ocrx_word' id='word_1_292' title='bbox 770 3454 829 3510; x_wconf 72' lang='lat' dir='ltr'><strong>(aei.</strong></span> <span class='ocrx_word' id='word_1_293' title='bbox 859 3455 983 3526; x_wconf 72' lang='lat' dir='ltr'><strong>gaudms</strong></span> <span class='ocrx_word' id='word_1_294' title='bbox 1000 3473 1025 3511; x_wconf 81' lang='lat' dir='ltr'><strong>r.</strong></span> <span class='ocrx_word' id='word_1_295' title='bbox 1098 3461 1126 3508; x_wconf 79' lang='lat'><strong>16</strong></span> <span class='ocrx_word' id='word_1_296' title='bbox 1142 3471 1172 3518; x_wconf 77' lang='lat' dir='ltr'><strong>ou</strong></span> 
     </span>
    </p>
   </div>
   <div class='ocr_carea' id='block_1_6' title="bbox 173 3521 1172 3892">
    <p class='ocr_par' dir='ltr' id='par_1_15' title="bbox 173 3521 1172 3892">
     <span class='ocr_line' id='line_1_38' title="bbox 173 3521 1172 3595; baseline 0.003 -21"><span class='ocrx_word' id='word_1_297' title='bbox 173 3523 217 3574; x_wconf 85' lang='lat' dir='ltr'><strong>est</strong></span> <span class='ocrx_word' id='word_1_298' title='bbox 234 3524 264 3576; x_wconf 83' lang='lat' dir='ltr'><strong>et</strong></span> <span class='ocrx_word' id='word_1_299' title='bbox 281 3540 385 3578; x_wconf 81' lang='lat' dir='ltr'><strong>ozaena</strong></span> <span class='ocrx_word' id='word_1_300' title='bbox 474 3541 590 3580; x_wconf 86' lang='lat' dir='ltr'><strong>omzena</strong></span> <span class='ocrx_word' id='word_1_301' title='bbox 607 3529 707 3580; x_wconf 71' lang='lat' dir='ltr'><strong>arco.</strong></span> <span class='ocrx_word' id='word_1_302' title='bbox 730 3527 735 3595; x_wconf 78' lang='grc' dir='ltr'>Ι</span> <span class='ocrx_word' id='word_1_303' title='bbox 758 3543 775 3580; x_wconf 89' lang='lat' dir='ltr'><strong>a</strong></span> <span class='ocrx_word' id='word_1_304' title='bbox 793 3525 831 3581; x_wconf 71' lang='grc' dir='ltr'><strong>α’.</strong></span> <span class='ocrx_word' id='word_1_305' title='bbox 850 3543 901 3583; x_wconf 74' lang='lat' dir='ltr'><strong>oon.</strong></span> <span class='ocrx_word' id='word_1_306' title='bbox 920 3544 942 3582; x_wconf 76' lang='lat' dir='ltr'><strong>r.</strong></span> <span class='ocrx_word' id='word_1_307' title='bbox 1018 3533 1053 3583; x_wconf 78' lang='grc'><strong>27</strong></span> <span class='ocrx_word' id='word_1_308' title='bbox 1070 3521 1172 3582; x_wconf 57' lang='lat' dir='ltr'><strong>eiciatur*</strong></span> 
     </span>
     <span class='ocr_line' id='line_1_39' title="bbox 173 3537 1172 3892; baseline 0.005 -247"><span class='ocrx_word' id='word_1_309' title='bbox 173 3591 213 3644; x_wconf 84' lang='lat' dir='ltr'><strong>ed.</strong></span> <span class='ocrx_word' id='word_1_310' title='bbox 233 3592 301 3647; x_wconf 82' lang='lat' dir='ltr'><strong>Bae.</strong></span> <span class='ocrx_word' id='word_1_311' title='bbox 329 3595 434 3649; x_wconf 86' lang='lat' dir='ltr'><strong>-iautur</strong></span> <span class='ocrx_word' id='word_1_312' title='bbox 452 3595 480 3651; x_wconf 88' lang='lat' dir='ltr'><strong>ll.</strong></span> <span class='ocrx_word' id='word_1_313' title='bbox 535 3601 568 3650; x_wconf 87' lang='lat'><strong>31</strong></span> <span class='ocrx_word' id='word_1_314' title='bbox 589 3612 663 3665; x_wconf 84' lang='lat' dir='ltr'><strong>aqua</strong></span> <span class='ocrx_word' id='word_1_315' title='bbox 676 3615 701 3650; x_wconf 79' lang='grc' dir='ltr'><strong>ι.</strong></span> <span class='ocrx_word' id='word_1_316' title='bbox 724 3613 783 3652; x_wconf 82' lang='lat' dir='ltr'><strong>-am</strong></span> <span class='ocrx_word' id='word_1_317' title='bbox 801 3616 825 3654; x_wconf 81' lang='lat' dir='ltr'><strong>r.</strong></span> <span class='ocrx_word' id='word_1_318' title='bbox 841 3601 846 3667; x_wconf 85' lang='grc' dir='ltr'>Ι</span> <span class='ocrx_word' id='word_1_319' title='bbox 862 3598 985 3654; x_wconf 81' lang='lat' dir='ltr'><strong>luctatur</strong></span> <span class='ocrx_word' id='word_1_320' title='bbox 1000 3615 1026 3656; x_wconf 81' lang='lat' dir='ltr'><strong>v.</strong></span> <span class='ocrx_word' id='word_1_321' title='bbox 1049 3537 1172 3892; x_wconf 35' lang='lat' dir='ltr'><strong>nimy</strong></span> 
     </span>
    </p>
   </div>
   <div class='ocr_carea' id='block_1_7' title="bbox 0 0 1186 3930">
    <p class='ocr_par' dir='ltr' id='par_1_16' title="bbox 0 0 1186 3930">
     <span class='ocr_line' id='line_1_40' title="bbox 0 0 1186 3930; baseline 0 0"><span class='ocrx_word' id='word_1_322' title='bbox 0 0 1186 3930; x_wconf 95' lang='lat' dir='ltr'><strong> </strong></span> 
     </span>
    </p>
   </div>
  </div>
 </body>
</html>
