2340 3934
145 114 187 178 26
491 111 519 167 C.
539 112 639 166 PLINI
658 109 815 166 SECUNDI

91 271 143 320 104
211 262 321 324 Verum
342 263 375 323 in
398 261 444 321 bis
467 269 537 322 sunt
561 261 682 340 quidem
704 262 822 321 virtutis
846 271 937 338 'opera
959 275 1073 338 magna,
1097 256 1137 317 sed

142 355 254 414 maiora
280 353 425 413 fortunae.
471 349 508 412 Μ.
533 350 651 430 Sergio,
680 349 875 429 utequidem
899 347 1040 428 arbitror,
1068 363 1139 406 neno

144 459 323 523 quemquam
345 440 499 501 hominum
520 441 587 501 iure
609 439 794 520 praetulerit,
817 437 887 498 licet
909 455 1057 518 pronepos
1079 434 1139 496 Cati·

143 532 203 592 lina
225 533 351 612 gratiam
378 530 491 589 nomini
514 527 646 608 deroget.
693 527 824 589 secundo
853 526 1002 608 stipendio
1026 525 1159 587 dextram¹

143 639 264 681 manum
286 618 426 701 perdidit,
448 618 604 698 stipendiis
627 617 744 678 duobus
767 625 814 679 ter
837 624 867 678 et
889 618 1002 678 viciens
1025 615 1159 677 ulnera-t

143 718 193 770 tus
217 717 271 791 est,
294 708 332 768 ob
355 707 386 769 id
409 715 516 768 neutra
538 726 637 790 manu,
660 714 768 768 neutro
790 705 867 787 pede
891 708 963 767 satis
986 705 1075 785 utilis,
1096 723 1142 764 uuo

143 807 260 860 tantum
282 811 378 878 servo,
399 797 536 876 plurimis
554 805 658 877 postea
680 795 836 877 stipendiis
859 795 965 856 debilis
988 794 1081 855 miles.
1109 793 1144 852 bis

144 887 180 949 ab
203 885 365 947 Hannibale
389 894 494 966 captus
522 920 565 930 -
593 905 690 967 neque
718 888 799 946 enim
827 903 895 946 cum
919 883 1055 964 quolibet
1075 883 1160 942 hoste*

143 995 193 1037 res
216 977 273 1037 fuit
292 1009 344 1058 -,
367 975 413 1036 bis
436 976 623 1037 vinculorum
646 979 710 1036 eius
729 975 883 1057 profugus
907 976 938 1034 in
958 975 1063 1054 viginti
1080 989 1145 1032 men·

144 1065 226 1126 sibus
249 1064 331 1125 nullo
354 1083 414 1125 non
435 1065 483 1126 die
506 1067 538 1126 in
561 1067 673 1126 catenis
697 1072 748 1126 aut
767 1062 961 1144 compedibus
985 1039 1161 1174 custoditusl

92 1162 143 1212 105
154 1156 274 1215 sinistra
297 1172 387 1214 manu
407 1153 469 1214 sola
492 1173 555 1216 unc
574 1158 624 1216 dte
643 1162 748 1234 quater
766 1155 916 1234 pugnavit,
939 1151 1060 1214 duobus
1079 1152 1161 1230 equis

143 1243 291 1304 insidente
315 1262 351 1303 eo
375 1244 517 1304 suffossis.
564 1243 699 1304 dextram
722 1242 778 1303 sibi
802 1243 931 1304 ferream
953 1242 1042 1324 feeit,
1071 1259 1148 1318 eaqu¹

144 1332 266 1412 religata
283 1331 445 1413 proeliatus
465 1331 640 1393 Cremonam
664 1330 817 1393 obsidione
840 1333 960 1413 exemit,
981 1331 1162 1400 Placentiam

145 1429 259 1482 tutatus
282 1429 341 1503 est,
364 1421 500 1482 duodena
522 1430 621 1482 castra
642 1421 775 1488 hostium
797 1423 828 1481 in
852 1420 943 1482 Gallia
966 1423 1063 1502 cepit,
1089 1413 1162 1499 quael

145 1513 244 1570 omnia
272 1513 465 1570 exoratione
495 1512 559 1572 eius
582 1518 726 1590 apparent
748 1508 848 1571 habita
871 1529 940 1571 cum
967 1511 999 1570 in
1025 1516 1151 1590 praetura

146 1601 238 1660 sacris
261 1607 416 1660 arceretur
438 1619 455 1660 a
477 1598 598 1680 collegis
621 1608 655 1661 ut
676 1598 790 1682 debilis,
814 1617 888 1679 quos
911 1599 959 1660 hie
984 1615 1163 1672 coronarum

66 1687 145 1746 '106
156 1706 276 1749 acervos
308 1695 537 1750 constructurus
566 1689 652 1750 hoste
685 1687 813 1751 mutato!
860 1691 972 1750 etenim
1000 1677 1163 1769 plurimuul

146 1778 253 1859 refert,
284 1780 315 1838 in
344 1796 419 1857 quae
447 1781 592 1858 cuiusque
616 1780 711 1840 virtus
733 1787 868 1859 tempora
896 1778 1049 1840 inciderit.
1094 1795 1163 1857 qna.»

146 1865 254 1927 Trebia
277 1867 434 1928 Ticinusve
464 1876 515 1928 aut
537 1867 750 1928 Trasimennus
778 1870 884 1928 civicas
912 1865 1052 1929 dedere?
1093 1883 1154 1945 quac

147 1954 256 2017 Cannis
276 1975 385 2017 corona
403 1958 522 2037 merita,
545 1956 624 2017 unde
644 1957 755 2037 fugisse
777 1959 895 2018 virtutis
918 1975 1076 2018 summum
1093 1956 1164 2050 opust

146 2041 227 2106 fuit?
273 2048 366 2106 ceteri
397 2047 537 2126 profecto·
562 2049 690 2108 victores
720 2046 875 2108 hominum
904 2047 1002 2127 fuere,
1046 2047 1164 2125 Serginn

146 2136 217 2194 vicit
240 2136 330 2194 etiam
352 2135 510 2195 fortunam.

95 2230 145 2282 107
225 2217 283 2285 29.
317 2216 390 2307 (30)
436 2223 628 2304 Ingeniorum
655 2224 765 2306 gloriae
794 2226 861 2304 quis
883 2225 979 2305 possit
1000 2242 1095 2304 agera
1117 2223 1155 2283 de·

147 2312 259 2372 lectum
288 2331 344 2392 per
376 2320 420 2375 tot
452 2314 676 2394 disciplinarum
707 2333 818 2394 genera
854 2322 884 2374 et
915 2321 1031 2376 tantam
1068 2330 1157 2373 rerum

147 2419 331 2481 operumque
363 2404 549 2485 varietatem,
586 2405 645 2464 nisi
676 2404 753 2465 forte
785 2403 915 2464 Homero
951 2411 1019 2464 vate
1056 2402 1158 2464 Graeco

147 2490 262 2552 nullum
285 2491 401 2552 felicius
425 2495 573 2554 exstitisse
597 2495 748 2575 convenit,
778 2495 839 2554 sive
863 2494 962 2573 operis
986 2492 1086 2554 forma
1107 2495 1158 2552 siu

96 2588 147 2639 108
157 2583 280 2642 materie
305 2579 502 2643 aestimetur?
538 2584 638 2662 itaque
661 2581 827 2644 Alexander
850 2581 972 2661 Magnus
992 2615 1037 2624 -—
1059 2583 1159 2644 etenim

147 2671 314 2752 insignibus
341 2671 458 2732 iudiciis
487 2673 597 2750 optime
624 2674 758 2751 citraque
785 2672 925 2732 invidiam
948 2679 1008 2732 tam
1039 2671 1159 2752 superba

149 2779 275 2823 censura
301 2767 462 2841 peragetur
492 2793 534 2803 -
564 2762 643 2822 inter
671 2761 764 2840 spolia
791 2760 870 2823 ilarii
897 2760 1063 2822 Persarum
1091 2763 1160 2839 regis

148 2858 371 2928 unguentorum
405 2851 516 2911 scrinio
549 2857 648 2931 capto,
686 2850 765 2929 quod
797 2858 861 2911 erat
892 2868 964 2910 auro
997 2851 1160 2929 margaritis

148 2941 332 3018 gemmisque
350 2940 525 3020 pretiosum,
547 2941 644 3000 varios
664 2941 729 3000 eius
747 2958 821 3000 usus
840 2940 941 2999 amicis
959 2938 1159 3000 demonstrau-

149 3025 238 3108 tibns‚
262 3025 379 3108 quando
401 3027 539 3089 taedebat
561 3031 707 3108 unguenti
724 3028 899 3090 bellatorem
921 3035 951 3088 et
974 3028 1084 3090 militia
1107 3047 1160 3089 sor·

149 3114 269 3177 didum:
314 3119 417 3178 immo
454 3116 623 3199 Hercule,
659 3120 770 3200 inquit,
807 3115 984 3178 librorum
1018 3116 1161 3178 Homeri

149 3205 336 3266 custodiae
360 3205 479 3287 detur,
502 3213 536 3267 ut
558 3209 808 3286 pretiosissimum
831 3206 953 3268 humani
975 3209 1069 3268 animi
1093 3225 1160 3286 opus

222 3478 254 3526 11
273 3488 330 3528 une
341 3469 392 3533 ¹die
412 3470 573 3526 Monesen.
592 3471 630 3527 ad
647 3470 850 3539 Solio.1,104.
874 3486 924 3526 om.
943 3470 970 3524 ll.
1036 3473 1072 3525 tto
1091 3467 1159 3522 inde-

41 3537 43 3544 ⁴
149 3541 222 3597 fesse
244 3541 286 3597 1².
321 3545 325 3611 l
358 3542 470 3598 virtutis
487 3542 573 3598 rldu.
598 3544 639 3597 -be
657 3547 687 3597 B.
714 3545 754 3598 te
771 3561 796 3599 r.
887 3548 921 3598 26
943 3540 1036 3597 forma
1057 3537 1160 3596 Strncf‘.

149 3627 216 3668 cera,
237 3613 314 3668 Ptin.
333 3617 392 3685 lp.
411 3617 445 3668 X.
470 3613 583 3670 fortuma
601 3615 666 3669 llo.
734 3621 769 3670 30
787 3614 823 3670 de
841 3630 909 3670 auro
927 3631 952 3670 ι.
980 3629 1086 3670 oaurc
1104 3618 1133 3664 n.
