2302 3938
292 187 375 286 nar.
398 239 488 290 mrsu.
512 240 563 287 111.
587 233 670 288 1-3,
696 227 800 310 (3-4.)
973 227 1052 294 Υ127

54 401 279 469 sarangustannm
292 391 480 456 Cluniensem
498 393 635 455 Asturum
651 395 812 456 Lunensem
823 397 984 458 Bracarum.
1005 419 1051 460 ac·

53 476 154 536 cedunt
167 477 295 556 insulae,
313 497 432 558 quarum
453 480 601 540 mentione
624 483 756 559 seposita
777 483 911 544 civitates
933 485 1051 562 provin-

52 562 91 619 cia
112 561 173 638 ipsa
193 571 313 640 praeter
336 564 517 624 contributas
539 563 603 624 aliis
625 562 769 626 CCXCIII
789 568 921 627 eontinet
945 568 1050 647 oppida

53 643 247 726 CLXXVllll,
265 649 295 708 in
317 649 353 708 iis
372 647 504 710 colonias
520 646 591 726 Xll,
615 650 721 729 oppida
737 651 840 710 civium
857 652 1051 714 Romanorum

34 728 129 806 rXIll,
144 729 309 792 Latinorum
326 741 458 809 ueterum
474 731 584 809 XVIII,
599 734 816 795 foederatorum
830 753 925 815 unum,
942 738 1051 816 stipen-

51 815 135 874 diaria
152 813 295 878 CXXXV.
334 817 421 877 Primi
436 820 466 878 in
482 836 532 878 ora
546 817 676 897 Bastuli,
699 827 768 898 post
784 837 837 880 eos
855 838 913 899 quo
936 822 1049 882 dicetur
1061 827 1093 880 lo

50 900 145 960 ordine
170 902 246 960 Intus
271 902 448 963 recedentes
473 902 656 979 Mentesani,
682 902 800 963 Oretani
825 913 855 965 et
882 905 916 966 ad
941 905 1050 984 Tagum

50 982 213 1062 Carpetani,
229 987 310 1046 iuxta
326 1003 380 1047 eos
393 985 537 1063 Vaccaei,
552 983 698 1048 Vettones
716 997 746 1048 et
759 985 902 1050 Celtiberi
914 989 1049 1055 Arevaci.

49 1067 155 1147 Oppida
180 1087 250 1132 orae
267 1071 399 1148 proxtma
416 1071 524 1148 Aurei,
546 1070 779 1151 adscriptumque
795 1072 931 1135 Baeticae
947 1075 1051 1151 Barea,

22 1155 125 1230 aregio
140 1153 318 1233 Bastitania,
339 1173 407 1215 mcx
421 1154 574 1231 Deitania,
595 1155 662 1216 dein
679 1154 884 1236 Contestania,
903 1157 1050 1237 Carthago

47 1236 123 1298 Nova
140 1239 270 1317 colonia,
280 1241 364 1300 culus
379 1258 395 1301 a
408 1241 610 1321 promunturio
626 1241 702 1320 quod
715 1241 830 1301 Saturni
849 1253 968 1303 vocatur
979 1242 1051 1304 Cae·

47 1341 152 1383 saream
163 1324 364 1384 Mauretaniae
388 1325 490 1385 urbem
509 1323 724 1386 CLXXXXVII
747 1324 777 1384 Μ
798 1343 875 1404 pass.
901 1330 1049 1388 traiectus.

45 1407 165 1487 Reliqua
183 1410 212 1468 in
233 1425 284 1470 ora
302 1407 408 1470 damen
420 1409 526 1488 Tader,
546 1407 661 1470 colonia
678 1409 800 1470 inmunis
817 1409 896 1488 ilici,
913 1410 988 1473 unde
1004 1411 1050 1472 Ili·

45 1493 255 1552 citanns'sinns.
278 1494 308 1553 iu
324 1511 387 1554 eam
399 1495 622 1556 contribuuntur
632 1493 780 1556 Icositani.
805 1495 1094 1557 mortattnorumao

23 1576 216 1656 elucentum,
233 1577 366 1638 Dianium
384 1579 621 1658 stipendiarium,
637 1578 731 1640 Sucro
748 1579 853 1640 durius
868 1589 896 1640 et
909 1581 1051 1660 quondam

46 1663 196 1742 oppidum,
213 1659 422 1724 Contestaniae
438 1663 511 1724 linis.
556 1663 653 1741 Regio
670 1662 811 1726 Edetania
829 1683 953 1728 amoeno
967 1684 1052 1746 prae·

45 1747 182 1808 tendente
199 1767 233 1808 se
246 1756 362 1825 stagno,
378 1747 414 1808 ad
428 1745 597 1810 Celtiberos
612 1748 764 1810 recedens.
787 1745 920 1811 Valentia
937 1751 1052 1812 colonia

44 1830 79 1890 III
91 1830 121 1891 Μ
130 1849 214 1910 pass.
228 1849 244 1891 a
255 1833 327 1892 mari
338 1841 464 1909 remota,
476 1831 581 1894 llumen
594 1830 721 1911 Turium,
736 1843 766 1894 et
776 1834 941 1895 tantundem
954 1836 1051 1894 amari

45 1915 199 1993 Saguntum
220 1918 327 1976 civium
346 1915 541 1978 Romanorum
564 1916 701 1995 oppidum
723 1918 779 1980 lide
804 1918 922 1996 nobile,
947 1916 1052 1979 flumen

1 2043 2 2052 ,
22 1999 139 2061 nUdira.
151 2002 253 2078 Regio
265 1999 460 2076 Ilergaonum,
474 2000 696 2063 lliberusamnis
706 2002 862 2080 navigabili
874 2005 1049 2064 commercio
1061 2009 1092 2062 21

45 2085 137 2162 dives,
156 2093 241 2144 ortus
256 2085 287 2143 in
301 2081 454 2144 Cantabris
471 2083 540 2144 bant
560 2084 662 2162 procul
681 2086 790 2164 oppido
806 2084 982 2166 Iuliobriga,
999 2105 1053 2166 per

46 2167 165 2231 CCCCL
182 2167 212 2229 tt
223 2187 301 2247 pass.
315 2167 420 2248 lluens,
435 2169 549 2228 navium
564 2184 618 2246 per
633 2166 733 2230 CCbX
748 2169 777 2230 Μ
790 2189 806 2230 a
819 2169 926 2234 Vareia
943 2171 1051 2251 oppido

45 2273 146 2333 capax,
169 2272 256 2334 quem
279 2261 403 2332 propter
425 2254 590 2314 universam
610 2251 776 2331 Hispaniam
799 2255 902 2317 Graeci
923 2256 1051 2335 appella·

44 2341 277 2402 rerelliberiam.
294 2337 391 2415 Regio
413 2335 602 2414 Cessetania,
623 2335 728 2398 llumen
744 2339 832 2417 Subi,
850 2341 967 2401 colonia
982 2341 1051 2400 Tar·

1 2439 144 2503 aranon,
169 2421 338 2500 Scipionum
358 2439 451 2500 opus,
475 2423 550 2482 sicut
567 2419 713 2500 Carthago
735 2423 908 2484 Poenorum.
954 2425 1050 2502 Regio

45 2507 214 2587 Ilergetum,
235 2506 371 2586 oppidum
387 2507 500 2584 Subur,
517 2505 623 2566 dumea
638 2505 837 2587 Rubricatum,
856 2528 871 2569 a
888 2527 945 2588 quc
961 2509 1051 2569 Laee-

45 2597 96 2656 tani
108 2603 139 2656 et
151 2590 316 2669 Indigetes.
347 2591 419 2654 Post
434 2608 487 2650 eos
501 2608 558 2669 quo
572 2590 685 2650 dicetur
697 2591 799 2652 ordine
814 2596 891 2653 intus
907 2594 1047 2654 receden·
1060 2601 1093 2650 22

46 2687 84 2738 tes
99 2678 202 2739 radice
218 2676 361 2754 Pyrenaei
378 2675 539 2752 Ausetani,
556 2674 666 2751 Eitani,
682 2674 818 2736 bacetani
836 2695 948 2756 perque
962 2676 1052 2753 Pyre·

46 2781 141 2824 naenm
158 2760 332 2836 Cerretani,
348 2760 416 2821 dein
431 2759 595 2820 Vascones.
627 2761 657 2820 in
676 2778 727 2820 ora
744 2770 839 2820 autem
854 2762 969 2821 colonia
982 2761 1052 2820 Bar-

23 2850 104 2908 ocino
120 2847 300 2924 cognomine
311 2845 464 2922 Faventia,
476 2843 583 2924 oppida
595 2847 699 2904 civium
712 2844 905 2906 Romanorum
917 2845 1051 2926 Baetulo,

48 2931 136 3010 Iluro,
154 2932 264 2993 ilumen
278 2929 404 3007 Arnum,
422 2928 565 3008 Blandae,
578 2929 685 2990 ilumen
699 2928 793 3008 Alba,
809 2929 986 3008 Emporiae,
1000 2951 1052 3010 ge·

48 3020 145 3078 ninum
171 3016 230 3076 boc
245 3024 378 3076 veterum
395 3014 555 3075 incolarum
580 3023 609 3074 et
626 3013 802 3076 Graecorum
818 3017 866 3093 qui
885 3014 1052 3076 Phocaeen-

50 3104 113 3162 sium
129 3103 216 3163 luere
236 3099 368 3177 suboles,
384 3097 489 3160 llumen
504 3098 599 3160 Vicer.
636 3098 671 3158 ab
691 3119 728 3161 eo
744 3098 895 3177 Pyrenaea
907 3100 1008 3161 Venus
1025 3102 1053 3159 in

49 3185 135 3248 latere
161 3186 343 3266 promunturi
361 3183 455 3244 altero
471 3182 522 3244 XL
537 3183 576 3244 Μ.
604 3184 750 3262 [1.]Nuuc
767 3203 820 3263 per
837 3185 969 3263 singulos
985 3191 1092 3246 con-23

26 3281 166 3334 erentuns
189 3269 351 3331 reddentur
372 3271 496 3346 insignia
520 3279 638 3348 praeter
657 3269 843 3347 supradicta.
888 3268 1053 3330 Tarracone

51 3354 207 3436 disceptant
223 3354 324 3434 populi
342 3351 437 3432 XLII,
451 3371 572 3433 quorum
587 3353 773 3416 celeberrimi
792 3356 895 3415 civium
910 3354 1053 3414 Romano-

52 3459 105 3500 rnnr
117 3440 296 3516 Dertosam,
309 3438 505 3517 Bisgargitani
513 3481 523 3514 ,
539 3437 705 3499 Latinorum
721 3440 882 3515 Ausetani,
899 3437 1052 3499 Cerretani

54 3528 94 3604 qui
109 3527 212 3588 Iuliani
231 3526 472 3602 cognomInantur
484 3526 574 3604 etqui
591 3523 770 3606 Augustani,
786 3525 925 3602 Edetani,
943 3521 1053 3586 Gerun-
