2364 3930
163 136 226 201 186
511 138 539 194 Ο.
558 139 658 194 PLlNI
677 139 832 196 SECUNDI

160 305 218 348 usu
236 287 354 368 pedum,
377 287 413 346 ab
432 287 496 348 aliis
514 289 626 368 cypseli
648 291 833 370 appellantur
851 291 1046 352 hirundinum
1064 287 1172 370 specie.

161 376 312 438 nidificant
329 378 359 436 in
379 376 517 456 scopulis.
549 376 603 438 hae
622 388 693 440 sunt
716 399 790 460 quae
814 389 876 440 toto
899 383 973 440 mari
998 387 1173 460 cernuntur,

161 485 216 526 nec
239 484 379 545 umquam
397 475 457 528 tam
479 467 567 548 longo
591 487 679 530 naves
703 477 820 548 tamque
846 472 988 530 continuo
1012 488 1104 530 cursu
1127 487 1173 528 re·

110 615 112 620 ,
161 555 271 617 cedunt
292 576 309 616 a
331 564 412 618 terra
434 565 468 618 ut
490 576 551 618 non
578 559 814 619 circumvolitent
842 577 891 619 eas
918 557 1038 638 apodes,
1075 567 1174 618 cetera

159 663 268 725 genera
287 646 422 706 residunt
440 655 470 708 et
492 649 647 728 insistunt,
670 647 717 707 his
740 649 825 726 quies
848 649 906 708 nisi
928 649 960 707 in
984 647 1055 708 nido
1080 647 1174 708 nulla:

159 744 210 796 aut
232 734 364 813 pendent
386 743 438 796 aut
460 737 566 796 iacent.

108 834 157 883 111
227 817 301 905 (56)
342 822 380 883 Et
411 826 530 903 ingenia
561 843 654 904 aeque
686 827 782 906 varia,
818 825 854 886 ad
886 833 1006 905 pastum
1037 827 1174 885 maxime.

160 907 220 974 40.
257 913 431 991 caprimulgi
459 911 644 992 appellantur
671 915 837 993 grandioris
866 914 999 975 merulae
1030 913 1174 993 adspectu

159 1003 241 1062 iures
270 1005 418 1062 nocturni.
464 1003 595 1063 interdiu
622 1005 703 1062 enim
730 1006 797 1064 visu
824 1011 934 1064 carent
980 1005 1098 1063 intrant
1127 1021 1174 1081 pa-

159 1099 275 1152 storum
307 1089 422 1152 stabula
454 1109 670 1170 caprarumque
702 1091 846 1153 uberibus
882 1091 1020 1152 advolant
1054 1099 1176 1151 suctum

158 1187 282 1259 propter
300 1180 393 1261 lactis,
417 1197 475 1259 qua
497 1182 605 1242 inivvria
627 1180 704 1242 uber
727 1183 873 1242 emoritur
895 1182 1057 1260 caprisque
1082 1181 1175 1240 caeci·

159 1278 203 1328 tas
222 1287 296 1347 quas
318 1270 358 1330 ita
381 1269 510 1330 mulsere
534 1269 678 1330 oboritur.
723 1270 819 1349 platea
841 1271 1014 1329 nominatur
1036 1269 1176 1328 advolans

158 1358 195 1417 ad
219 1376 268 1417 eas
292 1376 367 1436 quae
390 1377 422 1419 se
445 1361 476 1418 in
498 1361 574 1418 mari
596 1366 736 1438 mergunt
759 1367 791 1420 et
811 1360 906 1438 capita
927 1357 1050 1418 illarum
1074 1375 1176 1417 morsu

159 1448 333 1527 corripiens,
357 1448 450 1507 donec
474 1454 626 1528 capturam
650 1455 833 1526 extorqueat.
866 1447 968 1507 eadem
992 1464 1067 1522 cum
1091 1446 1175 1507 devo·

159 1537 230 1596 ratis
262 1553 294 1594 se
326 1535 449 1615 inplevit
481 1536 617 1617 conchis,
655 1536 754 1597 calore
786 1537 897 1597 ventris
929 1542 1033 1596 coctas
1068 1538 1175 1596 evomit

158 1632 247 1702 atque
270 1627 310 1684 ita
334 1643 370 1684 ex
392 1626 429 1684 iis
453 1623 604 1686 escvdenta
627 1625 709 1704 eligit
732 1633 824 1686 testas
847 1642 1022 1685 excernens.

107 1723 158 1772 116
227 1705 286 1773 41.
320 1707 393 1794 (57)
426 1711 584 1774 Villaribus
611 1713 727 1793 gallinis
755 1721 785 1774 et
807 1713 910 1792 religio
937 1715 1028 1773 inest.
1078 1713 1178 1772 inhor-

158 1809 282 1862 rescunt
304 1801 383 1862 edito
407 1820 475 1882 ovo,
499 1805 713 1882 excutiuntque
738 1821 804 1862 sese
823 1810 854 1863 et
871 1804 1078 1862 circumactae
1098 1803 1177 1880 puri·

157 1892 248 1951 licant
266 1898 316 1950 aut
330 1890 444 1950 festuca
462 1890 559 1970 aliqua
578 1910 643 1952 sese
663 1900 694 1952 et
712 1909 766 1959 ova
780 1890 915 1952 lustrant.
951 1883 1013 1952 42.
1033 1892 1178 1950 minimae

158 1981 256 2040 avium
284 1978 437 2040 cardueles
464 1981 607 2059 imperata
635 1981 761 2061 iaciunt,
791 1998 847 2040 nec
874 1997 944 2039 voce
971 1985 1101 2039 tantum
1129 1977 1177 2039 sed

158 2067 284 2146 pedibus
313 2075 344 2128 et
373 2087 425 2128 ore
455 2086 509 2147 pro
540 2067 685 2129 manibus.
737 2075 784 2128 est
814 2087 889 2147 quae
908 2067 1011 2128 boum
1042 2071 1176 2146 mugitu„

158 2157 300 2236 imitetur,
323 2158 353 2216 in
367 2155 532 2216 Arelatensi
550 2175 621 2236 agro
639 2166 744 2218 taurus
762 2156 914 2237 appellata,
932 2155 1072 2235 alioquin
1092 2175 1166 2236 pavr

159 2252 212 2303 est.
268 2262 414 2322 equorum
446 2263 564 2324 quoque
597 2246 731 2306 hinnitus
764 2245 872 2306 anthus
908 2247 1031 2304 nomine
1067 2245 1179 2306 herbae

157 2331 265 2411 pabulo
289 2333 424 2419 adventu³
439 2351 544 2393 eorum
566 2334 651 2414 pulsa
674 2335 809 2394 imitatur
832 2333 967 2394 adhunc
991 2333 1129 2394 modum
1151 2351 1180 2392 se

157 2419 314 2481 ulciscens.

107 2529 156 2577 1'17
226 2502 309 2593 (58)
347 2509 444 2588 Super
471 2512 569 2571 omnia
595 2511 739 2571 humanas
766 2528 855 2570 voces
881 2509 1027 2591 reddunt,
1058 2511 1178 2590 psittaci

159 2598 280 2677 quidem
310 2600 397 2658 ctiam
432 2601 674 2662 sermocinantes.
726 2598 809 2659 India
843 2597 918 2658 hanc
953 2615 1041 2658 avem
1081 2601 1179 2664 mittit.

159 2690 292 2766 siptacen
314 2694 415 2768 vocat,
437 2687 563 2747 viridem
585 2695 648 2748 toto
676 2705 816 2768 corpore,
843 2694 949 2765 torque
976 2693 1106 2748 tantum
1130 2691 1179 2748 mi¹¹

159 2777 239 2836 niato
262 2777 293 2834 in
316 2777 431 2835 cervice
455 2775 633 2836 distinctam.
678 2779 874 2856 imperatores
901 2774 1013 2835 salutat
1042 2783 1076 2836 et
1107 2795 1177 2855 quae

159 2865 266 2942 accipit
288 2861 377 2923 verba
399 2866 581 2946 pronuntiat,
604 2867 634 2924 in
657 2867 725 2925 vino
748 2866 907 2944 praecipue
931 2863 1054 2924 lasciva.
1091 2867 1176 2944 capiti

230 3122 442 3177 lhirundinem
459 3129 543 3178 BH.
628 3124 693 3178 aea
710 3122 774 3176 Ν.
797 3139 840 3178 om
857 3139 880 3178 r.
961 3127 1042 3178 San
1062 3125 1116 3193 qui
1133 3141 1174 3192 ap

156 3192 1174 3334 11111111111111111111181161111110(

51 3383 54 3386 .
158 3267 336 3404 lessfflagree
351 3281 448 3389 kcheraeae
470 3337 503 3390 aa
523 3340 580 3391 eat.
600 3307 672 3390 deor.
691 3339 858 3404 1149,124,
879 3281 952 3390 daa‘sse
973 3307 1044 3390 raab
1069 3308 1173 3403 §capu

157 3409 230 3458 aemi.
286 3403 897 3461 1110111111.101111111111111111.
955 3411 991 3460 16
1012 3408 1177 3461 aesculeant

157 3479 213 3527 M.
245 3475 317 3528 -lent
334 3493 358 3528 ι.
391 3475 521 3530 eculeant
537 3479 562 3528 (1.
592 3477 596 3541 Ι
625 3477 713 3546 elegit
729 3483 806 3531 nra.
834 3477 899 3547 ligit
915 3481 939 3530 11
1021 3483 1058 3532 17
1078 3477 1177 3546 religio*

156 3542 787 3616 11111111111111-111011111.13101111.
842 3552 876 3602 28
891 3547 1061 3617 siptacen
1086 3551 1172 3617 septa·

157 3627 212 3676 gen
230 3629 253 3664 r.
280 3613 397 3667 sihhacen
415 3615 473 3670 Get.
