2302 3938
296 221 378 271 utut
401 224 480 274 rursu
503 223 568 271 urrr.
593 216 632 270 11.
657 212 722 286 (18.)
959 205 1021 272 165

47 380 86 442 mil.
106 377 153 440 Sed
172 377 334 458 aBosporo
354 380 432 440 sinus
452 377 631 456 Casthenes,
654 385 756 457 portus
774 375 881 438 Senum
898 385 928 439 et
946 378 1021 438 alter
1037 385 1072 438 46

47 467 79 544 qui
94 464 225 525 Mulierum
248 467 476 542 cognominatur.
512 465 738 543 promunturium
757 461 910 539 chryseon
928 460 1019 524 Ceras

46 553 123 628 inquo
143 549 271 628 oppidum
293 548 461 625 Byzantium
484 549 596 610 liberae
618 547 798 608 condicionis
821 556 905 608 autea
921 545 1020 625 Lygos

46 636 128 694 lictum.
163 633 245 694 abest
271 653 287 694 a
315 633 496 710 Dyrrhachio
524 635 719 712 septingentis
745 633 877 693 undecim
903 633 1020 692 milibus

26 731 153 796 tpassuum.
186 727 293 778 tantum
310 727 391 798 patet
405 719 557 796 longitudo
577 728 717 778 terrarum
736 719 812 778 iuter
827 715 1019 778 Hadriaticum

44 821 97 864 nare
111 813 135 864 et
149 802 364 882 Propontidem.
394 820 491 863 amnes
509 802 682 880 Bathynias,
701 801 829 878 Pydaras
846 804 909 862 sive
929 801 1018 877 Athy·
1037 808 1073 860 47

44 889 84 946 las.
108 889 203 967 oppida
221 887 404 966 Selymbria,
423 887 576 948 Perinthus
598 887 748 948 latitudine
766 885 814 947 CC
831 886 934 967 pedum
953 905 1021 948 con·

44 974 116 1032 liuenti
139 973 257 1034 adnexa.
290 974 365 1032 iutns
396 971 486 1049 Bizye
514 991 567 1033 arx
592 991 694 1050 regum
720 971 864 1034 Threciae
891 991 907 1032 a
931 971 1020 1032 Terei

42 1058 124 1116 nefasto
143 1059 233 1117 inuisa
255 1056 473 1134 hirundinibus,
498 1059 583 1135 regio
609 1055 751 1134 Caenica,
773 1057 889 1116 colonia
905 1056 1021 1116 Flavio·

22 1141 159 1219 lupulis,ubi
175 1151 261 1202 antea
274 1139 362 1202 Caela
383 1141 518 1222 oppidum
535 1142 703 1202 uocabatur.
731 1149 786 1201 eta
801 1141 891 1216 Bizye
907 1139 928 1200 b
942 1140 1021 1200 milia

42 1245 142 1302 passuum
156 1227 256 1306 Apros
272 1225 387 1287 colonia
396 1271 405 1304 ,
423 1245 497 1306 quae
512 1246 527 1288 a
542 1225 684 1305 Philippis
702 1226 786 1296 abest
805 1223 1020 1285 CLXXXVlllI

41 1311 79 1368 mil.
100 1329 179 1390 pass,
207 1321 238 1372 at
264 1313 294 1371 iu
318 1329 369 1372 ora
394 1307 485 1372 amnis
507 1311 652 1388 Erginus,
683 1311 819 1389 oppidum
843 1310 897 1370 luit
914 1307 1020 1370 Canos.

40 1394 151 1456 deseritur
174 1405 205 1456 et
225 1394 415 1473 Lysimachea
437 1399 493 1456 iam
519 1397 548 1455 in
577 1393 774 1456 Cherroneso.
806 1394 878 1455 alius
900 1413 1021 1472 namque
1037 1400 1073 1454 48

41 1479 65 1536 ili
76 1479 183 1542 lsthmos
196 1481 349 1560 angustias
365 1481 474 1542 similes
487 1479 594 1542 'eodem
611 1481 725 1542 nomine
745 1488 775 1540 et
790 1481 851 1558 pari
868 1479 1021 1541 latitudine

21 1563 146 1627 ututusrmt.
180 1566 257 1626 duae
286 1567 375 1627 urbes
398 1567 543 1645 utrimque
567 1566 652 1625 litora
679 1565 747 1624 haut
772 1563 904 1624 dissimili
933 1563 1019 1625 modo

41 1659 145 1729 tenuere,
165 1651 277 1727 Pactye
301 1650 530 1730 aPropontide,
555 1648 658 1710 Cardia
681 1647 828 1710 aMelane
845 1650 925 1727 sinu,
948 1647 1021 1709 haec

41 1751 63 1791 er
75 1735 136 1795 lacie
151 1735 209 1795 loci
226 1736 345 1796 nomine
360 1745 501 1814 accepto,
518 1743 659 1812 utraeque
677 1732 898 1814 conprehensae
914 1742 1021 1812 postea

40 1815 190 1892 Lysimachea
214 1819 245 1878 V
267 1820 382 1880 milibus
403 1838 480 1900 pass.
512 1817 657 1897 aLongis
677 1821 777 1879 muris.
814 1815 1020 1880 Cherronesos

40 1901 225 1982 alropontide
253 1903 353 1965 habuit
375 1903 528 1964 Tiristasin
537 1947 546 1981 ,
573 1901 744 1981 Crithoten,
774 1901 886 1963 Cissam
913 1901 1019 1962 llumini

19 1984 111 2063 atagos
124 1988 296 2067 adpositam.
329 2007 404 2049 nuuc
418 1989 506 2050 habet
520 2007 536 2048 a
551 1987 666 2049 colonia
683 1988 765 2067 Apro
784 1985 867 2048 XXll
881 1986 940 2050 mil.
955 2005 1021 2066 pas-

40 2088 93 2130 suum
106 2071 245 2133 Resiston
265 2091 304 2133 ex
321 2073 445 2134 adverso
461 2073 595 2134 coloniae
610 2072 759 2134 Parianae.
790 2072 829 2133 Bt
845 2070 1018 2150 Hellespon·
1037 2071 1072 2129 49

40 2161 68 2214 tus
80 2165 180 2236 septem
202 2157 252 2240 [ut
273 2157 411 2239 diximus]
434 2159 534 2219 stadiis
550 2156 696 2236 Europam
721 2158 756 2218 ab
780 2157 852 2218 hsia
875 2157 1020 2236 dividens,

39 2248 141 2313 quattuor
156 2245 235 2302 inter
253 2261 286 2302 se
305 2245 466 2303 contrarias
481 2243 570 2303 urbes
587 2241 691 2319 habet,
709 2245 736 2302 in
756 2241 875 2323 Europa
892 2239 1020 2321 Callipo-

39 2321 68 2381 lin
80 2334 104 2385 et
114 2326 220 2388 Seston
237 2335 268 2386 et
284 2328 312 2386 in
328 2326 399 2386 Asia
414 2327 592 2406 Lampsacum
608 2336 638 2388 et
650 2327 784 2403 Abydon.
805 2326 872 2387 dein
887 2343 1021 2406 promun-

14 2411 112 2470 ttturium
126 2409 308 2472 Cherronesi
325 2409 463 2472 Mastusia
480 2411 631 2472 adversum
649 2412 756 2489 Sigeo,
781 2413 862 2472 ouius
878 2414 907 2472 iu
922 2412 1021 2472 fronte

39 2491 125 2573 obliqua
143 2493 244 2574 Cynos
264 2515 343 2556 sema
358 2497 414 2576 (ita
429 2496 593 2575 appellatur
609 2495 746 2558 lleoubae
764 2495 917 2576 tumulus),
932 2498 1020 2556 statio

38 2577 189 2640 luhaeorum
218 2591 251 2640 et
282 2583 387 2658 turris,
412 2579 563 2641 delubrum
590 2579 802 2642 Protesilai'et
830 2583 859 2640 in
890 2588 1033 2641 extrema.

39 2657 182 2725 lherrouesi
199 2665 316 2741 lronte,
336 2682 409 2744 quae
425 2673 546 2726 vocatur
568 2665 720 2742 Aeolium,
742 2664 878 2744 oppidum
901 2662 1020 2728 Elaeus.

39 2743 82 2806 lein
101 2751 207 2827 petenti
229 2747 345 2810 Melana
366 2750 458 2809 sinum
481 2759 583 2828 portus
609 2747 719 2810 Coelos
741 2759 771 2810 et
788 2748 966 2810 Panhormus
989 2758 1019 2809 et
1030 2749 1055 2792 ⁴⁸

20 2835 99 2906 lsupra
113 2833 184 2894 dicta
203 2832 319 2895 Cardia.
356 2833 473 2894 Tertius
495 2833 632 2913 Europae
655 2836 734 2894 sinus
758 2833 792 2894 ad
814 2832 889 2894 hunc
909 2835 1023 2896 modum
1038 2842 1072 2894 50

40 2911 155 2978 clauditur.
188 2918 309 2979 Montes
327 2927 409 2979 extra
425 2918 592 2997 praedictos
609 2917 752 2979 Threciae
767 2917 905 2998 Edonus,
924 2917 1021 2998 Gyge·

40 3014 120 3079 ueros,
134 3000 275 3082 Meritus,
297 3003 526 3082 Melamphyllos.
564 3002 677 3064 llumina
697 3003 868 3065 inHebrum
888 3005 1021 3066 cadentia

39 3078 134 3166 largus,
148 3088 278 3164 Syrmus.
308 3085 514 3164 Macedoniae,
538 3085 698 3164 Threciae,
721 3086 906 3168 Hellesponti
927 3089 1021 3168 longi·

39 3167 85 3226 tulo
97 3180 136 3230 est
150 3190 239 3250 supra
256 3171 340 3233 dicta.
364 3173 475 3249 quidam
492 3169 625 3232 DCCXX
636 3172 744 3232 milium
758 3174 876 3236 iaciunt.
899 3172 1020 3235 latitudo
1034 3199 1058 3233 m

18 3246 245 3316 thCLXXXMll
267 3255 374 3316 milium
397 3265 451 3316 est.
490 3257 614 3334 Aegaeo
639 3258 708 3317 mari
733 3275 839 3319 nomen
860 3258 942 3330 dedit
958 3276 1022 3319 sco·
1037 3267 1076 3332 ot,

40 3335 98 3408 pulus
112 3341 183 3402 iuter
195 3339 308 3402 Tenum
322 3349 351 3401 et
364 3337 465 3400 Chium
481 3344 580 3402 uerius
598 3359 681 3419 quam
698 3343 802 3420 insula,
821 3343 888 3404 Mer
903 3344 1020 3404 nomine
1132 3397 1133 3402 ,

41 3425 140 3497 uspeete
157 3443 280 3506 caprae,
297 3443 370 3504 quae
388 3426 428 3485 ita
449 3423 568 3487 Graecis
583 3426 764 3505 appellatur,
783 3437 907 3507 repente
925 3447 943 3488 e
960 3446 1019 3487 me·

41 3499 72 3562 lio
88 3511 147 3570 mari
167 3511 322 3572 exsiliens,
359 3519 480 3571 cernunt
505 3530 569 3572 eum
593 3510 768 3572 abdentem
787 3519 870 3591 parte
890 3513 1019 3572 Andrum
1054 3511 1060 3523 '
