2308 3936
148 148 189 211 72
515 157 545 208 o.
569 159 665 206 anun
685 157 834 206 securum

148 319 255 398 primus
277 314 454 392 Endymion,
479 313 517 374 ob
541 315 570 377 id
593 331 691 376 amore
716 314 777 373 eius
800 320 901 390 captus
919 313 995 383 lama
1018 314 1141 374 traditus.

148 401 214 464 Non
229 419 325 460 sumus
341 399 476 480 proiecto
492 401 567 478 grati
583 417 653 477 erga
669 415 722 458 eos
738 398 786 477 qui
797 396 901 457 labore
913 415 1041 475 curaque
1053 398 1142 459 lucen

149 485 232 548 nobis
260 503 402 565 aperuere
426 485 454 544 in
477 483 532 545 hac
555 484 636 560 luce,
660 484 788 562 miraque
809 479 923 542 humani
945 483 1043 559 ingeni
1064 491 1143 561 peste

150 571 318 648 sanguinein
334 579 362 630 ct
375 567 483 630 caedes
495 568 623 629 condere
638 567 788 630 annalibus
805 568 897 642 iuvat,
921 575 952 626 ut
967 565 1082 627 scelera
1097 567 1142 626 ho·

102 657 252 720 44minum
273 662 429 716 noscantur
451 653 546 732 mundi
569 653 659 732 ipsius
681 653 797 730 ignaris.
832 647 969 712 Proxima
990 667 1062 728 ergo
1088 670 1142 711 car-

150 740 223 814 dini,
240 739 367 817 ideoque
382 738 502 800 minimo
523 737 647 812 ambitu,
669 737 780 796 vicenis
795 734 898 796 diebus
913 737 1103 815 septenisque
1121 745 1143 795 et

149 824 234 882 tertia
257 823 314 883 diei
337 832 435 901 parte,
459 825 574 902 peragit
594 821 687 901 spatia
713 819 815 881 eadem
835 837 911 898 qnae
929 819 1045 880 Saturni
1071 820 1143 880 sidus

119 929 141 964 a
149 907 317 968 altissimum
333 907 459 984 triginta,
475 916 505 966 ut
520 907 626 967 dictum
642 913 697 981 est,
716 906 806 966 annis.
826 903 893 963 dein
907 913 1017 964 morata
1032 905 1060 964 in
1072 906 1144 964 coitu

150 990 221 1051 solis
237 989 336 1068 biduo,
353 1009 416 1051 cum
431 990 610 1067 tardissime,
633 1008 649 1050 a
669 989 816 1050 tricesima
831 987 897 1047 luce
919 1007 1018 1048 rursus
1033 989 1068 1049 ad
1086 1007 1143 1048 eas·

52 1111 54 1117 ·
150 1075 214 1134 dem
226 1074 307 1137 vices
318 1077 393 1151 exit,
415 1075 484 1136 baut
501 1076 563 1135 scio
580 1093 616 1136 an
633 1075 756 1135 omnium
772 1074 890 1152 quaein
906 1072 991 1133 caelo
1007 1075 1142 1152 pernosci

148 1168 304 1238 potuerunt
321 1160 465 1240 magistra,
489 1161 517 1220 in
532 1158 684 1220 duodecim
693 1159 833 1218 mensium
842 1159 936 1235 spatia
951 1167 1092 1236 oportere
1108 1157 1142 1218 di·

149 1243 206 1305 vidi
226 1261 343 1320 aunum,
367 1243 480 1322 quando
496 1244 589 1322 ipsum
603 1245 710 1304 totiens
726 1241 820 1302 solem
834 1241 1003 1302 redeuntem
1018 1242 1054 1302 ad
1072 1245 1144 1322 prin·

101 1341 137 1390 45
149 1329 225 1407 cipia
240 1329 437 1406 consequitur.
461 1327 533 1388 solis
548 1327 665 1404 fulgore
705 1326 723 1366 *
751 1323 768 1361 *
803 1325 917 1404 reliqua
932 1326 1057 1386 siderum
1072 1328 1143 1404 regi,

148 1411 290 1490 siquidem
306 1413 335 1473 in
349 1420 440 1470 totum
454 1405 630 1472 mutuata'ab
647 1427 684 1472 eo
700 1410 766 1472 luce
781 1409 911 1487 fulgere,
929 1410 1045 1488 qualem
1059 1412 1089 1470 in
1104 1429 1144 1471 re-

136 1513 289 1578 percussu
306 1511 399 1576 aquae
415 1493 539 1556 volitare
556 1495 759 1574 conspicimus.
782 1494 849 1555 ideo
864 1495 998 1556 molliore
1011 1504 1041 1554 et
1052 1497 1144 1575 iuper·

147 1579 225 1639 lecta
244 1580 273 1638 vi
288 1579 407 1639 soluere
429 1587 536 1640 tantum
558 1595 687 1641 umorem
702 1587 789 1658 atque
809 1580 895 1639 etiam
909 1597 1037 1656 augere,
1062 1597 1145 1658 quem

148 1663 220 1724 solis
235 1663 307 1724 radii
323 1663 485 1736 absumant,
512 1664 579 1725 ideo
596 1672 625 1724 et
640 1663 785 1741 inaequali
805 1663 910 1724 lumine
926 1665 1054 1744 adspici,
1082 1667 1145 1744 quia

149 1766 187 1807 ex
204 1747 328 1810 adverso
350 1748 462 1810 denum
477 1748 563 1827 plena
578 1747 698 1828 reliquis
719 1747 820 1807 diebus
836 1757 943 1808 tantum
958 1763 995 1808 ex
1011 1767 1045 1808 se
1061 1751 1145 1809 terris

148 1831 283 1894 ostendat
306 1841 442 1912 quantum
463 1851 501 1892 ex
525 1833 590 1894 sole
613 1833 677 1911 ipsa
696 1833 849 1910 concipiat.
881 1833 1009 1893 incoitu
1031 1833 1145 1913 quidem

148 1933 206 1977 non
222 1917 312 1993 cerni,
330 1918 464 1997 quoniam
480 1916 611 1978 haustum
629 1934 741 1976 omnem
762 1915 835 1975 lucis
861 1929 967 1978 aversa
990 1916 1042 1979 illo
1061 1937 1144 1996 rege·

101 2013 137 2063 46
147 2009 191 2060 rut
207 2001 282 2060 unde
308 2002 466 2079 acceperit·
493 2001 590 2060 sidera
606 2017 678 2060 vero
700 2000 768 2060 haut
796 1999 883 2060 dubie
905 2018 1005 2062 umore
1029 2010 1146 2062 terreno

148 2084 245 2163 pasci,
273 2085 340 2162 quia
364 2083 479 2146 dimidio
501 2085 574 2144 orbe
596 2101 805 2165 nonnumquam
828 2085 976 2146 maculosa
1001 2095 1145 2157 cernatur,

147 2167 261 2227 scilicet
276 2167 401 2228 nondum
417 2177 592 2248 suppetente
604 2169 640 2229 ad
654 2169 841 2230 hauriendum
856 2168 931 2230 ultra
947 2170 1072 2248 instari,
1091 2189 1145 2230 rna·

148 2250 228 2310 culus
252 2253 327 2312 enim
349 2269 407 2312 non
432 2252 596 2314 aliudesse
620 2271 704 2333 quam
722 2261 819 2314 terrae
843 2262 941 2333 raptas
965 2272 1029 2314 cum
1047 2271 1146 2317 umore

103 2333 599 2400 atsordes.10.defectuusautem
620 2354 690 2396 suos
711 2345 740 2396 et
761 2337 849 2412 solis,
873 2355 935 2398 rem
952 2338 980 2400 in
997 2347 1058 2400 tota
1079 2357 1144 2399 con·

148 2419 337 2498 templatione
352 2428 471 2482 naturae
486 2425 610 2484 manime
635 2421 734 2482 miram
753 2429 783 2480 et
798 2429 913 2482 ostento
929 2423 1066 2499 similem,
1089 2441 1145 2482 ma·

147 2504 323 2580 gnitudinum
346 2504 523 2586 umbraeque
544 2507 654 2567 indices
676 2505 831 2566 exsistere.
864 2506 916 2587 (7)
934 2507 1041 2587 quippe
1058 2508 1145 2567 mani·

147 2588 252 2648 iestum
268 2597 313 2649 est
330 2589 423 2650 solem
443 2592 604 2652 interventu
624 2589 708 2652 lunae
724 2589 866 2652 occultari
881 2590 1034 2672 lunamque
1050 2599 1147 2652 terrae

148 2670 280 2750 obiectu,
308 2691 343 2734 ac
358 2675 440 2736 vices
457 2675 539 2736 reddi
555 2675 676 2736 eosdem
691 2674 763 2736 solis
779 2674 876 2736 radios
893 2675 959 2737 luna
974 2677 1145 2756 interpositu

147 2774 199 2817 suc
216 2757 367 2820 auferente
389 2767 484 2820 terrae
508 2769 644 2840 terraque
661 2759 755 2820 lunae.
786 2759 841 2820 hac
857 2759 998 2820 subeunte
1018 2760 1145 2838 repenti-

146 2859 197 2902 nas
221 2840 327 2903 obduci
349 2842 486 2905 tenebras
507 2861 677 2924 rursumque
695 2843 772 2906 illiue
792 2843 892 2904 umbra
909 2844 988 2905 sidus
1003 2843 1148 2920 hebetari,

146 2942 241 3004 neque
254 2925 410 2988 aliudesse
423 2936 538 2988 noctem
554 2946 639 3010 quam
651 2936 747 2988 terrae
763 2927 901 3005 umbram,
917 2929 1037 3007 liguram
1052 2937 1145 2988 antem

146 3005 264 3070 umbrae
286 3011 408 3073 similem
430 3021 524 3072 metae
546 3031 580 3074 ac
604 3011 709 3072 turbini
729 3014 858 3090 inverso,
880 3012 993 3092 quando
1007 3029 1147 3074 mucrone

146 3099 254 3152 tantum
275 3095 389 3176 ingruat
414 3115 511 3176 neque
532 3095 617 3157 lunae
643 3096 767 3158 excedat
790 3096 983 3174 altitudinem,
998 3097 1146 3178 ⁴quonium

144 3175 254 3237 nullum
276 3177 353 3240 aliud
378 3181 456 3242 sidus
483 3180 587 3241 eodem
608 3182 694 3243 modo
721 3181 895 3242 obscuretur
917 3192 946 3243 et
965 3181 1031 3244 talis
1053 3181 1145 3260 figora

101 3265 262 3340 48semper
277 3281 414 3324 mucrone
430 3265 555 3325 deiiciat.
578 3265 679 3344 Spatio
696 3265 812 3346 quidem
827 3268 956 3327 consumi
971 3267 1086 3327 umbras
1103 3267 1145 3324 in-

147 3346 224 3407 dicio
250 3357 315 3407 sunt
336 3348 487 3410 voluerum
508 3349 631 3428 praealti
652 3349 795 3412 volatuus.
813 3367 885 3428 ergo
907 3349 1061 3412 confinium
1088 3349 1146 3408 illis

148 3439 193 3490 est
217 3433 292 3492 aeris
317 3433 453 3494 terminus
479 3434 645 3512 initiumque
672 3431 808 3494 aetheris.
839 3453 927 3514 supra
956 3434 1051 3496 lunam
1075 3451 1147 3512 pura
