2396 3940
170 151 237 218 262
523 151 553 207 C.
570 151 671 208 PLINl
690 151 847 208 securim

170 310 271 366 cuum
293 299 445 384 dispersae
468 299 542 363 adeo
565 303 597 362 in
619 309 775 383 angustam
802 301 998 382 suptilitatem
1024 307 1176 362 tenuantur

169 401 205 456 ut
235 400 393 474 penetrare
425 393 546 472 sangaris
578 409 639 452 non
669 393 765 472 possit
801 391 916 452 aliudve
949 408 1039 472 qnam
1073 392 1176 451 excitus

169 501 258 544 umor
280 481 317 544 ab
335 481 387 543 illo
404 484 458 562 qui
479 479 685 542 cacuminibus
707 483 873 542 innumeris
897 481 989 542 sudor
1012 479 1177 561 appellatur.

169 590 313 635 venarum
336 573 368 632 in
390 570 530 633 umbilico
553 570 650 632 nodus
673 588 708 630 ac
732 572 837 632 coitus.

115 668 168 719 211
237 655 296 724 38.
321 655 395 745 (90)
425 660 551 740 Sanguis
574 659 684 740 quibus
706 658 818 720 multus
842 666 872 720 et
898 661 1019 738 pinguis
1035 659 1177 720 iracundi

167 750 302 812 maribus
324 769 412 830 quam
436 749 555 810 leminis
577 751 692 829 nigrior
714 757 746 810 ct
767 751 904 810 iuventae
927 765 1017 827 qnam
1039 749 1135 828 senio,
1155 757 1177 808 et

166 841 310 902 inferiore
328 847 414 920 parte
430 840 581 919 pinguior.
612 857 718 918 magna
741 846 772 899 et
793 840 826 898 in
848 855 884 898 eo
907 837 1061 899 vitalitatis
1080 839 1177 917 portio.

167 931 295 990 omissus
318 930 458 1008 spiritum
480 946 584 989 secum
606 927 711 1009 trabit,
739 935 852 989 tactum
878 933 978 988 tamen
1002 945 1067 987 non
1090 929 1177 988 sentit.

167 1017 338 1080 animalium
368 1018 493 1084 lortiora
525 1017 634 1096 quibus
669 1019 800 1078 crassior
836 1019 970 1098 sanguis,
1006 1018 1178 1096 sapientiora

113 1106 285 1187 assumus
304 1109 432 1189 tenuior,
454 1107 603 1168 timidiora
623 1105 732 1187 quibus
755 1107 895 1168 minimus
913 1113 965 1166 aut
983 1104 1097 1166 nullus.
1124 1114 1177 1166 tau·

166 1215 270 1258 rorum
293 1196 449 1259 celerrimae
477 1197 537 1257 coit
560 1202 649 1276 atque
673 1195 871 1257 durescit-
894 1194 962 1256 ideo
984 1195 1112 1274 pestiler
1134 1213 1177 1275 po

166 1296 200 1348 tu
224 1317 280 1368 -‚
308 1287 442 1366 proxime
467 1303 622 1367 aprorum,
649 1291 680 1346 at
705 1303 865 1351 cervorum
890 1301 1129 1364 caprearumque
1153 1295 1177 1344 et

165 1373 345 1437 bubalorum
376 1375 497 1436 omnious
530 1393 591 1436 non
624 1376 779 1454 spissatur.
832 1375 1048 1454 pinguissimus
1085 1375 1176 1452 asinis,

166 1463 280 1525 bomini
298 1466 518 1530 tenuissimus..
533 1465 571 1524 iis
590 1463 699 1543 quibus
717 1463 785 1544 plus
804 1464 942 1542 quaterni
958 1463 1052 1543 pedes
1075 1463 1175 1524 nullus.

113 1559 165 1609 213
176 1552 275 1614 obesis
298 1555 397 1614 minus
421 1555 573 1635 copiosus,
597 1555 737 1632 quoniam
764 1551 931 1614 absumitur
957 1553 1073 1632 pingui
1115 1571 1176 1632 pro·

165 1643 289 1704 flurium
307 1645 373 1704 eius
391 1645 445 1704 uni
462 1643 496 1703 fit
512 1645 545 1720 in
564 1642 696 1704 maribus
714 1641 840 1724 homiui,
863 1640 927 1702 aliis
950 1657 1024 1702 nare
1043 1641 1177 1704 alterutra

165 1732 212 1793 vel
234 1731 572 1814 utraque-quibusdam
594 1750 649 1812 per
671 1732 801 1808 inferna,
828 1729 930 1792 multis
952 1749 1009 1810 per
1031 1749 1085 1792 ora
1106 1739 1176 1792 stato

166 1831 309 1904 tmpore,
332 1828 366 1884 ut
388 1839 486 1901 nuper
508 1821 639 1883 Macrino
661 1820 749 1883 Visco
772 1822 922 1900 practorio
949 1821 1015 1880 viro
1038 1827 1071 1882 et
1093 1823 1176 1882 omni·

166 1910 223 1972 bus
246 1914 332 1972 annis
353 1910 474 1972 Volusio
493 1909 655 1972 Saturnino
678 1910 763 1973 urbis
780 1910 942 1991 praelecto,
965 1911 1019 1988 qui
1035 1928 1176 1990 nonagen-

128 2028 132 2034 ·
166 1991 282 2060 simum
297 2018 408 2062 aunum
425 2001 514 2062 etiam
534 2002 671 2062 excessit.
707 1999 804 2061 solum
826 1998 883 2060 boc
903 2001 938 2082 in
960 2017 1089 2079 corpore
1111 2009 1175 2062 tem·

165 2091 320 2168 porarium
342 2091 434 2151 sentit
456 2091 688 2171 incrementum,
716 2089 864 2168 siquidem
890 2088 1006 2150 hostiae
1033 2088 1176 2150 abundan-

165 2179 273 2238 tiorem
294 2178 434 2262 fundunt,
457 2180 484 2240 si
504 2181 589 2258 prius
611 2176 725 2240 bibere.

112 2273 166 2324 214
233 2258 307 2350 (91)
337 2267 418 2338 Quae
442 2267 612 2330 animalium
630 2267 724 2330 latere
741 2269 833 2330 cerus
851 2265 1038 2348 temporibus
1057 2267 1176 2330 diximus

113 2347 256 2426 ⁸·2¹,²0²·non·
275 2355 386 2418 habent
414 2365 488 2420 tuuc
518 2359 693 2438 sanguinem
723 2364 843 2438 praeter
874 2358 996 2436 exiguas
1026 2356 1175 2418 admodum

166 2445 246 2506 circa
269 2445 358 2507 corda
380 2453 492 2528 guttas,
519 2449 595 2508 miro
618 2466 708 2528 opere
736 2454 873 2529 naturae,
901 2447 978 2508 sicut
1004 2447 1038 2506 in
1065 2445 1174 2508 bomine

165 2535 225 2596 vim
252 2537 317 2598 eius
347 2536 383 2598 ad
412 2539 533 2598 ndninm
562 2545 712 2599 momenta
739 2537 863 2618 mutari,
892 2553 953 2597 non
981 2534 1073 2596 modo
1103 2545 1172 2598 tactu

97 2665 101 2674 ·
165 2627 281 2686 minore
304 2628 427 2687 materia
450 2627 569 2708 suffusi,
597 2645 700 2688 verum
724 2625 760 2687 ad
783 2624 915 2704 singidos
936 2625 1030 2686 animi
1057 2625 1172 2699 babitu,

159 2903 162 2910 -
237 2869 379 2924 toxotius
393 2883 514 2939 epoooo.
529 2870 581 2923 luc.
591 2872 677 2937 p.37.
706 2867 798 2922 exitiis
816 2873 850 2925 11.
877 2867 958 2923 exilis
976 2885 1023 2927 ro.
1097 2867 1171 2923 aira·

165 2938 251 2995 eundi
262 2944 324 2993 111).
349 2941 389 2995 -ia
406 2941 581 2996 odediunt.
605 2938 669 2994 -dns
682 2945 714 2994 n.
742 2939 791 2994 -da
809 2939 926 2996 edBus.
1001 2938 1171 2996 amulium

165 3015 221 3064 lto.
248 3010 313 3064 util-
331 3016 405 3066 ned.
431 3010 829 3080 ull-lt.ltertieporti01.
903 3017 935 3066 11
955 3011 1020 3068 dist.
1037 3027 1088 3082 cpo
1105 3011 1171 3067 atto

165 3097 226 3136 curo
239 3081 370 3138 reddet
383 3085 492 3139 reditui
502 3099 565 3139 eoo.
580 3083 633 3138 luo.
643 3097 674 3152 p.
685 3087 732 3141 32.
814 3088 846 3142 12
864 3099 983 3153 prorum
1001 3099 1018 3138 e
1034 3087 1069 3140 l
1097 3095 1170 3140 ...una

164 3158 199 3210 lt.
228 3153 350 3210 maxime
363 3157 476 3224 relat
493 3171 548 3226 epo.
576 3152 614 3209 ad
630 3158 693 3208 1111.
722 3153 818 3210 effla.
846 3171 943 3210 noro.
1017 3161 1051 3212 18
1070 3153 1169 3212 omnim

164 3242 222 3280 non
240 3241 295 3296 epo.
323 3226 430 3281 omnim
448 3243 516 3282 onos
534 3232 566 3280 Β.
600 3225 723 3282 omnium
742 3243 801 3285 non
816 3231 893 3282 Iro.
1002 3231 1038 3282 16
1060 3225 1169 3282 menbra

165 3300 222 3350 ld
259 3297 416 3370 malsmbus
437 3303 469 3354 Ι.
505 3297 620 3354 naribus
641 3313 687 3354 ru.
720 3297 771 3366 cfr.
796 3297 961 3368 Madsipiua
981 3297 1047 3354 uae.
1070 3299 1129 3356 crit.
1148 3296 1173 3346 ll

81 3385 83 3388 ·
163 3370 261 3432 p.526
279 3373 383 3425 ctoou
403 3371 455 3424 tuo.
470 3373 558 3437 1132.
668 3374 701 3423 lt
724 3369 773 3424 uel
791 3370 963 3438 utraquel.
989 3385 1047 3439 quc
1066 3385 1090 3426 r.
1117 3367 1168 3422 aliis

165 3436 326 3510 utraque-o.
400 3439 576 3494 raulcone.
650 3445 685 3494 20
703 3439 791 3494 etiam
805 3437 924 3498 excessit
937 3457 1042 3496 ennam
1059 3442 1169 3496 niteat.

237 3511 324 3563 2621
343 3511 422 3564 tectu
439 3510 546 3564 minore
565 3525 612 3578 epo
626 3525 687 3566 ocu.
702 3511 950 3580 teupernus.
977 3513 1060 3568 muto
1071 3511 1168 3568 minore

164 3573 370 3636 renuntiari.
397 3580 521 3636 bantoln
535 3580 683 3636 cremat.
713 3581 788 3652 (telis
800 3583 961 3652 minutum
976 3581 1008 3640 in
1026 3579 1169 3640 oreledd.

165 3646 229 3697 oete
239 3643 296 3702 Gal.
369 3655 402 3706 21
418 3649 515 3706 suffiasi
528 3654 583 3704 13
592 3651 651 3707 edd.
663 3651 721 3710 Gal.
747 3671 805 3710 -sus
818 3658 871 3713 na.
894 3671 938 3712 -ua
951 3673 969 3710 a
978 3651 1167 3712 eadmund.
