<?xml version="1.0" encoding="UTF-8"?>
<!DOCTYPE html PUBLIC "-//W3C//DTD XHTML 1.0 Transitional//EN"
    "http://www.w3.org/TR/xhtml1/DTD/xhtml1-transitional.dtd">
<html xmlns="http://www.w3.org/1999/xhtml" xml:lang="en" lang="en">
 <head>
  <title>
</title>
<meta http-equiv="Content-Type" content="text/html;charset=utf-8" />
  <meta name='ocr-system' content='tesseract 3.04.00' />
  <meta name='ocr-capabilities' content='ocr_page ocr_carea ocr_par ocr_line ocrx_word'/>
</head>
<body>
  <div class='ocr_page' id='page_1' title='image "./naturalishistor02plingoog_0582.png"; bbox 0 0 2364 3930; ppageno 0'>
   <div class='ocr_carea' id='block_1_1' title="bbox 160 123 832 195">
    <p class='ocr_par' dir='ltr' id='par_1_1' title="bbox 160 123 832 195">
     <span class='ocr_line' id='line_1_1' title="bbox 160 123 832 195; baseline -0.01 -10"><span class='ocrx_word' id='word_1_1' title='bbox 160 129 227 195; x_wconf 76' lang='grc'><strong>202</strong></span> <span class='ocrx_word' id='word_1_2' title='bbox 507 126 536 182; x_wconf 81' lang='grc'><strong>0.</strong></span> <span class='ocrx_word' id='word_1_3' title='bbox 554 126 655 182; x_wconf 86' lang='lat' dir='ltr'>PLINI</span> <span class='ocrx_word' id='word_1_4' title='bbox 675 123 832 182; x_wconf 70' lang='lat' dir='ltr'>SECUNDI</span> 
     </span>
    </p>
   </div>
   <div class='ocr_carea' id='block_1_2' title="bbox 109 271 1174 724">
    <p class='ocr_par' dir='ltr' id='par_1_2' title="bbox 160 271 1173 631">
     <span class='ocr_line' id='line_1_2' title="bbox 160 271 1172 360; baseline -0.011 -18"><span class='ocrx_word' id='word_1_5' title='bbox 160 297 296 360; x_wconf 90' lang='lat' dir='ltr'><strong>anseres,</strong></span> <span class='ocrx_word' id='word_1_6' title='bbox 319 295 406 360; x_wconf 90' lang='lat' dir='ltr'><strong>apros</strong></span> <span class='ocrx_word' id='word_1_7' title='bbox 429 295 499 338; x_wconf 86' lang='lat' dir='ltr'><strong>vero</strong></span> <span class='ocrx_word' id='word_1_8' title='bbox 523 277 606 338; x_wconf 87' lang='lat' dir='ltr'><strong>tarde</strong></span> <span class='ocrx_word' id='word_1_9' title='bbox 630 284 661 336; x_wconf 91' lang='lat' dir='ltr'><strong>et</strong></span> <span class='ocrx_word' id='word_1_10' title='bbox 688 293 792 336; x_wconf 85' lang='lat' dir='ltr'><strong>cervos</strong></span> <span class='ocrx_word' id='word_1_11' title='bbox 820 292 877 336; x_wconf 87' lang='lat' dir='ltr'><strong>nec</strong></span> <span class='ocrx_word' id='word_1_12' title='bbox 904 275 962 334; x_wconf 91' lang='lat' dir='ltr'><strong>nisi</strong></span> <span class='ocrx_word' id='word_1_13' title='bbox 990 271 1029 333; x_wconf 89' lang='lat' dir='ltr'><strong>ab</strong></span> <span class='ocrx_word' id='word_1_14' title='bbox 1059 273 1172 334; x_wconf 78' lang='lat' dir='ltr'><strong>imantia</strong></span> 
     </span>
     <span class='ocr_line' id='line_1_3' title="bbox 161 365 1173 445; baseline -0.011 -14"><span class='ocrx_word' id='word_1_15' title='bbox 161 369 302 432; x_wconf 80' lang='lat' dir='ltr'><strong>educatos</strong></span> <span class='ocrx_word' id='word_1_16' title='bbox 329 370 439 429; x_wconf 92' lang='lat' dir='ltr'><strong>mirum</strong></span> <span class='ocrx_word' id='word_1_17' title='bbox 467 373 521 428; x_wconf 87' lang='lat' dir='ltr'><strong>est.</strong></span> <span class='ocrx_word' id='word_1_18' title='bbox 567 365 784 445; x_wconf 73' lang='lat' dir='ltr'><strong>quadripedum</strong></span> <span class='ocrx_word' id='word_1_19' title='bbox 811 370 1009 444; x_wconf 66' lang='lat' dir='ltr'><strong>praegnantes</strong></span> <span class='ocrx_word' id='word_1_20' title='bbox 1040 379 1173 422; x_wconf 78' lang='lat' dir='ltr'><strong>renerent</strong></span> 
     </span>
     <span class='ocr_line' id='line_1_4' title="bbox 161 451 1173 540; baseline -0.011 -20"><span class='ocrx_word' id='word_1_21' title='bbox 161 467 264 522; x_wconf 81' lang='lat' dir='ltr'><strong>arcent</strong></span> <span class='ocrx_word' id='word_1_22' title='bbox 285 465 406 540; x_wconf 88' lang='lat' dir='ltr'><strong>praeter</strong></span> <span class='ocrx_word' id='word_1_23' title='bbox 428 473 535 537; x_wconf 90' lang='lat' dir='ltr'><strong>equam</strong></span> <span class='ocrx_word' id='word_1_24' title='bbox 559 463 589 516; x_wconf 90' lang='lat' dir='ltr'><strong>et</strong></span> <span class='ocrx_word' id='word_1_25' title='bbox 612 472 706 518; x_wconf 87' lang='lat' dir='ltr'><strong>suem.</strong></span> <span class='ocrx_word' id='word_1_26' title='bbox 752 455 805 515; x_wconf 89' lang='lat' dir='ltr'><strong>sed</strong></span> <span class='ocrx_word' id='word_1_27' title='bbox 834 453 1022 532; x_wconf 79' lang='lat' dir='ltr'><strong>superfetant</strong></span> <span class='ocrx_word' id='word_1_28' title='bbox 1052 451 1173 532; x_wconf 68' lang='lat' dir='ltr'><strong>dasypus</strong></span> 
     </span>
     <span class='ocr_line' id='line_1_5' title="bbox 162 551 447 631; baseline -0.004 -19"><span class='ocrx_word' id='word_1_29' title='bbox 162 559 192 612; x_wconf 90' lang='lat' dir='ltr'><strong>et</strong></span> <span class='ocrx_word' id='word_1_30' title='bbox 214 551 300 631; x_wconf 91' lang='lat' dir='ltr'><strong>lepus</strong></span> <span class='ocrx_word' id='word_1_31' title='bbox 323 558 447 614; x_wconf 87' lang='lat' dir='ltr'><strong>tantum.</strong></span> 
     </span>
    </p>

    <p class='ocr_par' dir='ltr' id='par_1_3' title="bbox 109 634 1174 724">
     <span class='ocr_line' id='line_1_6' title="bbox 109 634 1174 724; baseline 0.001 -25"><span class='ocrx_word' id='word_1_32' title='bbox 109 648 159 700; x_wconf 86' lang='lat'><strong>183</strong></span> <span class='ocrx_word' id='word_1_33' title='bbox 228 634 283 703; x_wconf 77' lang='grc'><strong>64.</strong></span> <span class='ocrx_word' id='word_1_34' title='bbox 302 634 377 724; x_wconf 87' lang='grc'>(84)</span> <span class='ocrx_word' id='word_1_35' title='bbox 396 641 608 721; x_wconf 82' lang='lat' dir='ltr'><strong>Quaecumque</strong></span> <span class='ocrx_word' id='word_1_36' title='bbox 626 641 733 702; x_wconf 89' lang='lat' dir='ltr'><strong>animal</strong></span> <span class='ocrx_word' id='word_1_37' title='bbox 750 644 873 722; x_wconf 80' lang='lat' dir='ltr'><strong>parirmt</strong></span> <span class='ocrx_word' id='word_1_38' title='bbox 889 643 920 703; x_wconf 92' lang='lat' dir='ltr'><strong>in</strong></span> <span class='ocrx_word' id='word_1_39' title='bbox 939 637 1041 723; x_wconf 90' lang='lat' dir='ltr'><strong>capita</strong></span> <span class='ocrx_word' id='word_1_40' title='bbox 1060 637 1174 722; x_wconf 84' lang='lat' dir='ltr'><strong>gignunt</strong></span> 
     </span>
    </p>
   </div>
   <div class='ocr_carea' id='block_1_3' title="bbox 105 730 1180 2776">
    <p class='ocr_par' dir='ltr' id='par_1_4' title="bbox 159 730 1174 991">
     <span class='ocr_line' id='line_1_7' title="bbox 160 730 1174 812; baseline 0 -22"><span class='ocrx_word' id='word_1_41' title='bbox 160 731 342 792; x_wconf 77' lang='lat' dir='ltr'><strong>oberrmaeto</strong></span> <span class='ocrx_word' id='word_1_42' title='bbox 365 732 428 791; x_wconf 90' lang='lat' dir='ltr'><strong>letn</strong></span> <span class='ocrx_word' id='word_1_43' title='bbox 447 730 502 792; x_wconf 88' lang='lat' dir='ltr'><strong>sub</strong></span> <span class='ocrx_word' id='word_1_44' title='bbox 522 733 652 812; x_wconf 82' lang='lat' dir='ltr'><strong>enixum,</strong></span> <span class='ocrx_word' id='word_1_45' title='bbox 676 731 747 793; x_wconf 82' lang='lat' dir='ltr'><strong>alias</strong></span> <span class='ocrx_word' id='word_1_46' title='bbox 765 733 796 792; x_wconf 91' lang='lat' dir='ltr'><strong>in</strong></span> <span class='ocrx_word' id='word_1_47' title='bbox 815 739 903 794; x_wconf 90' lang='lat' dir='ltr'><strong>utero</strong></span> <span class='ocrx_word' id='word_1_48' title='bbox 921 740 1077 812; x_wconf 85' lang='lat' dir='ltr'><strong>porrecto.</strong></span> <span class='ocrx_word' id='word_1_49' title='bbox 1114 750 1174 810; x_wconf 84' lang='lat' dir='ltr'><strong>qna·</strong></span> 
     </span>
     <span class='ocr_line' id='line_1_8' title="bbox 160 819 1173 902; baseline -0.001 -22"><span class='ocrx_word' id='word_1_50' title='bbox 160 819 299 898; x_wconf 91' lang='lat' dir='ltr'><strong>dripedes</strong></span> <span class='ocrx_word' id='word_1_51' title='bbox 328 827 484 898; x_wconf 81' lang='lat' dir='ltr'><strong>gestanttu</strong></span> <span class='ocrx_word' id='word_1_52' title='bbox 513 823 645 882; x_wconf 81' lang='lat' dir='ltr'><strong>extensis</strong></span> <span class='ocrx_word' id='word_1_53' title='bbox 673 821 709 882; x_wconf 90' lang='lat' dir='ltr'><strong>ad</strong></span> <span class='ocrx_word' id='word_1_54' title='bbox 736 820 954 902; x_wconf 82' lang='lat' dir='ltr'><strong>longitudinem</strong></span> <span class='ocrx_word' id='word_1_55' title='bbox 983 821 1128 883; x_wconf 89' lang='lat' dir='ltr'><strong>cruribus</strong></span> <span class='ocrx_word' id='word_1_56' title='bbox 1151 831 1173 880; x_wconf 79' lang='lat' dir='ltr'><strong>et</strong></span> 
     </span>
     <span class='ocr_line' id='line_1_9' title="bbox 159 908 1174 991; baseline -0.001 -23"><span class='ocrx_word' id='word_1_57' title='bbox 159 908 257 972; x_wconf 91' lang='lat' dir='ltr'><strong>alvum</strong></span> <span class='ocrx_word' id='word_1_58' title='bbox 279 927 364 970; x_wconf 91' lang='lat' dir='ltr'><strong>snam</strong></span> <span class='ocrx_word' id='word_1_59' title='bbox 385 909 551 990; x_wconf 87' lang='lat' dir='ltr'><strong>adplicatis‚</strong></span> <span class='ocrx_word' id='word_1_60' title='bbox 578 909 667 970; x_wconf 89' lang='lat' dir='ltr'><strong>homo</strong></span> <span class='ocrx_word' id='word_1_61' title='bbox 694 912 726 971; x_wconf 91' lang='lat' dir='ltr'><strong>in</strong></span> <span class='ocrx_word' id='word_1_62' title='bbox 754 918 850 972; x_wconf 89' lang='lat' dir='ltr'><strong>semet</strong></span> <span class='ocrx_word' id='word_1_63' title='bbox 877 909 1079 991; x_wconf 90' lang='lat' dir='ltr'><strong>conglobatus</strong></span> <span class='ocrx_word' id='word_1_64' title='bbox 1107 913 1174 970; x_wconf 84' lang='lat' dir='ltr'><strong>inter</strong></span> 
     </span>
    </p>

    <p class='ocr_par' dir='ltr' id='par_1_5' title="bbox 107 997 1174 1081">
     <span class='ocr_line' id='line_1_10' title="bbox 107 997 1174 1081; baseline -0.003 -20"><span class='ocrx_word' id='word_1_65' title='bbox 107 1011 158 1061; x_wconf 79' lang='lat'><strong>184</strong></span> <span class='ocrx_word' id='word_1_66' title='bbox 168 997 227 1060; x_wconf 76' lang='lat' dir='ltr'><strong>duro</strong></span> <span class='ocrx_word' id='word_1_67' title='bbox 255 1017 351 1078; x_wconf 88' lang='lat' dir='ltr'><strong>genua</strong></span> <span class='ocrx_word' id='word_1_68' title='bbox 374 998 496 1061; x_wconf 90' lang='lat' dir='ltr'><strong>naribus</strong></span> <span class='ocrx_word' id='word_1_69' title='bbox 519 1001 593 1060; x_wconf 90' lang='lat' dir='ltr'><strong>sitis.</strong></span> <span class='ocrx_word' id='word_1_70' title='bbox 634 998 736 1081; x_wconf 83' lang='lat' dir='ltr'><strong>molas,</strong></span> <span class='ocrx_word' id='word_1_71' title='bbox 759 1000 795 1061; x_wconf 92' lang='lat' dir='ltr'><strong>de</strong></span> <span class='ocrx_word' id='word_1_72' title='bbox 820 999 930 1080; x_wconf 88' lang='lat' dir='ltr'><strong>quibus</strong></span> <span class='ocrx_word' id='word_1_73' title='bbox 953 1008 1024 1062; x_wconf 89' lang='lat' dir='ltr'><strong>ante</strong></span> <span class='ocrx_word' id='word_1_74' title='bbox 1045 1000 1174 1076; x_wconf 71' lang='lat' dir='ltr'><strong>diximus,</strong></span> 
     </span>
    </p>

    <p class='ocr_par' dir='ltr' id='par_1_6' title="bbox 105 1079 1173 1614">
     <span class='ocr_line' id='line_1_11' title="bbox 105 1079 1172 1172; baseline -0.002 -24"><span class='ocrx_word' id='word_1_75' title='bbox 105 1079 247 1167; x_wconf 64' lang='lat' dir='ltr'><strong>&#39;&#39;⁶³gigni</strong></span> <span class='ocrx_word' id='word_1_76' title='bbox 270 1096 376 1169; x_wconf 86' lang='lat' dir='ltr'><strong>putant</strong></span> <span class='ocrx_word' id='word_1_77' title='bbox 401 1087 453 1150; x_wconf 93' lang='lat' dir='ltr'><strong>ubi</strong></span> <span class='ocrx_word' id='word_1_78' title='bbox 481 1087 588 1150; x_wconf 92' lang='lat' dir='ltr'><strong>mulier</strong></span> <span class='ocrx_word' id='word_1_79' title='bbox 611 1107 671 1150; x_wconf 92' lang='lat' dir='ltr'><strong>non</strong></span> <span class='ocrx_word' id='word_1_80' title='bbox 695 1107 732 1150; x_wconf 82' lang='lat' dir='ltr'><strong>cx</strong></span> <span class='ocrx_word' id='word_1_81' title='bbox 755 1107 851 1172; x_wconf 83' lang='lat' dir='ltr'><strong>mare,</strong></span> <span class='ocrx_word' id='word_1_82' title='bbox 880 1107 986 1150; x_wconf 87' lang='lat' dir='ltr'><strong>verum</strong></span> <span class='ocrx_word' id='word_1_83' title='bbox 1017 1107 1059 1150; x_wconf 84' lang='lat' dir='ltr'><strong>ex</strong></span> <span class='ocrx_word' id='word_1_84' title='bbox 1090 1099 1172 1148; x_wconf 85' lang='lat' dir='ltr'><strong>semet</strong></span> 
     </span>
     <span class='ocr_line' id='line_1_12' title="bbox 157 1179 1172 1269; baseline -0.002 -32"><span class='ocrx_word' id='word_1_85' title='bbox 157 1179 222 1257; x_wconf 93' lang='lat' dir='ltr'><strong>ipsa</strong></span> <span class='ocrx_word' id='word_1_86' title='bbox 244 1185 360 1240; x_wconf 90' lang='lat' dir='ltr'><strong>tantum</strong></span> <span class='ocrx_word' id='word_1_87' title='bbox 382 1180 562 1259; x_wconf 79' lang='lat' dir='ltr'><strong>conceperit.</strong></span> <span class='ocrx_word' id='word_1_88' title='bbox 608 1179 675 1240; x_wconf 91' lang='lat' dir='ltr'><strong>ideo</strong></span> <span class='ocrx_word' id='word_1_89' title='bbox 703 1196 759 1239; x_wconf 92' lang='lat' dir='ltr'><strong>nec</strong></span> <span class='ocrx_word' id='word_1_90' title='bbox 788 1181 925 1260; x_wconf 85' lang='lat' dir='ltr'><strong>animari,</strong></span> <span class='ocrx_word' id='word_1_91' title='bbox 952 1181 1026 1269; x_wconf 75' lang='lat' dir='ltr'><strong>quia</strong></span> <span class='ocrx_word' id='word_1_92' title='bbox 1057 1195 1118 1238; x_wconf 90' lang='lat' dir='ltr'><strong>nou</strong></span> <span class='ocrx_word' id='word_1_93' title='bbox 1144 1179 1172 1236; x_wconf 87' lang='lat' dir='ltr'><strong>sit</strong></span> 
     </span>
     <span class='ocr_line' id='line_1_13' title="bbox 159 1266 1173 1350; baseline -0.002 -24"><span class='ocrx_word' id='word_1_94' title='bbox 159 1285 194 1326; x_wconf 87' lang='lat' dir='ltr'><strong>ex</strong></span> <span class='ocrx_word' id='word_1_95' title='bbox 219 1266 350 1350; x_wconf 77' lang='lat' dir='ltr'><strong>duobus,</strong></span> <span class='ocrx_word' id='word_1_96' title='bbox 372 1268 566 1348; x_wconf 90' lang='lat' dir='ltr'><strong>altricemque</strong></span> <span class='ocrx_word' id='word_1_97' title='bbox 593 1267 704 1328; x_wconf 91' lang='lat' dir='ltr'><strong>babere</strong></span> <span class='ocrx_word' id='word_1_98' title='bbox 732 1286 788 1348; x_wconf 88' lang='lat' dir='ltr'><strong>per</strong></span> <span class='ocrx_word' id='word_1_99' title='bbox 815 1287 848 1328; x_wconf 90' lang='lat' dir='ltr'><strong>se</strong></span> <span class='ocrx_word' id='word_1_100' title='bbox 876 1270 965 1338; x_wconf 83' lang='lat' dir='ltr'><strong>vitam</strong></span> <span class='ocrx_word' id='word_1_101' title='bbox 992 1267 1082 1328; x_wconf 88' lang='lat' dir='ltr'><strong>illam</strong></span> <span class='ocrx_word' id='word_1_102' title='bbox 1109 1285 1173 1346; x_wconf 85' lang='lat' dir='ltr'><strong>quar</strong></span> 
     </span>
     <span class='ocr_line' id='line_1_14' title="bbox 158 1351 1172 1439; baseline 0.001 -23"><span class='ocrx_word' id='word_1_103' title='bbox 158 1358 230 1418; x_wconf 89' lang='lat' dir='ltr'><strong>satis</strong></span> <span class='ocrx_word' id='word_1_104' title='bbox 254 1355 469 1436; x_wconf 86' lang='lat' dir='ltr'><strong>arboribusque</strong></span> <span class='ocrx_word' id='word_1_105' title='bbox 493 1359 654 1436; x_wconf 88' lang='lat' dir='ltr'><strong>contingat.</strong></span> <span class='ocrx_word' id='word_1_106' title='bbox 692 1351 752 1420; x_wconf 80' lang='lat'><strong>65.</strong></span> <span class='ocrx_word' id='word_1_107' title='bbox 777 1377 814 1418; x_wconf 82' lang='lat' dir='ltr'><strong>ex</strong></span> <span class='ocrx_word' id='word_1_108' title='bbox 837 1356 984 1439; x_wconf 88' lang='lat' dir='ltr'><strong>omnibus,</strong></span> <span class='ocrx_word' id='word_1_109' title='bbox 1010 1375 1093 1438; x_wconf 92' lang='lat' dir='ltr'><strong>quae</strong></span> <span class='ocrx_word' id='word_1_110' title='bbox 1117 1375 1172 1438; x_wconf 87' lang='lat' dir='ltr'><strong>per·</strong></span> 
     </span>
     <span class='ocr_line' id='line_1_15' title="bbox 158 1444 1172 1527; baseline -0.002 -22"><span class='ocrx_word' id='word_1_111' title='bbox 158 1444 253 1506; x_wconf 86' lang='lat' dir='ltr'><strong>lectos</strong></span> <span class='ocrx_word' id='word_1_112' title='bbox 276 1446 363 1527; x_wconf 86' lang='lat' dir='ltr'><strong>letus,</strong></span> <span class='ocrx_word' id='word_1_113' title='bbox 386 1464 455 1506; x_wconf 84' lang='lat' dir='ltr'><strong>sues</strong></span> <span class='ocrx_word' id='word_1_114' title='bbox 473 1453 587 1507; x_wconf 88' lang='lat' dir='ltr'><strong>tantum</strong></span> <span class='ocrx_word' id='word_1_115' title='bbox 611 1454 641 1506; x_wconf 88' lang='lat' dir='ltr'><strong>et</strong></span> <span class='ocrx_word' id='word_1_116' title='bbox 660 1463 837 1508; x_wconf 90' lang='lat' dir='ltr'><strong>numerosos</strong></span> <span class='ocrx_word' id='word_1_117' title='bbox 856 1446 958 1526; x_wconf 88' lang='lat' dir='ltr'><strong>edunt,</strong></span> <span class='ocrx_word' id='word_1_118' title='bbox 981 1465 1062 1508; x_wconf 80' lang='lat' dir='ltr'><strong>nam</strong></span> <span class='ocrx_word' id='word_1_119' title='bbox 1081 1447 1172 1527; x_wconf 77' lang='lat' dir='ltr'><strong>plnres</strong></span> 
     </span>
     <span class='ocr_line' id='line_1_16' title="bbox 158 1533 933 1614; baseline 0.003 -20"><span class='ocrx_word' id='word_1_120' title='bbox 158 1542 262 1596; x_wconf 84' lang='lat' dir='ltr'><strong>contra</strong></span> <span class='ocrx_word' id='word_1_121' title='bbox 285 1542 421 1595; x_wconf 91' lang='lat' dir='ltr'><strong>naturam</strong></span> <span class='ocrx_word' id='word_1_122' title='bbox 444 1533 642 1614; x_wconf 90' lang='lat' dir='ltr'><strong>solidipedum</strong></span> <span class='ocrx_word' id='word_1_123' title='bbox 665 1543 716 1596; x_wconf 89' lang='lat' dir='ltr'><strong>aut</strong></span> <span class='ocrx_word' id='word_1_124' title='bbox 740 1535 933 1596; x_wconf 88' lang='lat' dir='ltr'><strong>bisulcorum.</strong></span> 
     </span>
    </p>

    <p class='ocr_par' dir='ltr' id='par_1_7' title="bbox 106 1617 1180 2154">
     <span class='ocr_line' id='line_1_17' title="bbox 106 1617 1180 1705; baseline -0.002 -19"><span class='ocrx_word' id='word_1_125' title='bbox 106 1636 156 1686; x_wconf 81' lang='lat'><strong>185</strong></span> <span class='ocrx_word' id='word_1_126' title='bbox 225 1617 300 1705; x_wconf 85' lang='lat'>(85)</span> <span class='ocrx_word' id='word_1_127' title='bbox 319 1623 416 1702; x_wconf 86' lang='lat' dir='ltr'><strong>Super</strong></span> <span class='ocrx_word' id='word_1_128' title='bbox 430 1631 537 1684; x_wconf 87' lang='lat' dir='ltr'><strong>cuncta</strong></span> <span class='ocrx_word' id='word_1_129' title='bbox 555 1631 602 1684; x_wconf 91' lang='lat' dir='ltr'><strong>est</strong></span> <span class='ocrx_word' id='word_1_130' title='bbox 620 1625 752 1685; x_wconf 92' lang='lat' dir='ltr'><strong>murium</strong></span> <span class='ocrx_word' id='word_1_131' title='bbox 767 1625 854 1704; x_wconf 87' lang='lat' dir='ltr'><strong>letus,</strong></span> <span class='ocrx_word' id='word_1_132' title='bbox 872 1623 951 1684; x_wconf 92' lang='lat' dir='ltr'><strong>baud</strong></span> <span class='ocrx_word' id='word_1_133' title='bbox 970 1625 1042 1684; x_wconf 89' lang='lat' dir='ltr'><strong>sine</strong></span> <span class='ocrx_word' id='word_1_134' title='bbox 1063 1633 1180 1684; x_wconf 74' lang='lat' dir='ltr'><strong>cuncta</strong></span> 
     </span>
     <span class='ocr_line' id='line_1_18' title="bbox 159 1707 1180 1792; baseline -0.002 -20"><span class='ocrx_word' id='word_1_135' title='bbox 159 1715 239 1773; x_wconf 90' lang='lat' dir='ltr'><strong>tione</strong></span> <span class='ocrx_word' id='word_1_136' title='bbox 270 1711 427 1791; x_wconf 89' lang='lat' dir='ltr'><strong>dicendus,</strong></span> <span class='ocrx_word' id='word_1_137' title='bbox 459 1729 638 1792; x_wconf 88' lang='lat' dir='ltr'><strong>quamquam</strong></span> <span class='ocrx_word' id='word_1_138' title='bbox 672 1711 729 1774; x_wconf 92' lang='lat' dir='ltr'><strong>sub</strong></span> <span class='ocrx_word' id='word_1_139' title='bbox 759 1719 881 1773; x_wconf 91' lang='lat' dir='ltr'><strong>anctore</strong></span> <span class='ocrx_word' id='word_1_140' title='bbox 913 1712 1120 1773; x_wconf 81' lang='lat' dir='ltr'><strong>Aristotele</strong></span> <span class='ocrx_word' id='word_1_141' title='bbox 1150 1707 1180 1770; x_wconf 65' lang='lat' dir='ltr'><strong>et&#39;</strong></span> 
     </span>
     <span class='ocr_line' id='line_1_19' title="bbox 157 1800 1172 1881; baseline -0.001 -20"><span class='ocrx_word' id='word_1_142' title='bbox 157 1801 351 1862; x_wconf 82' lang='lat' dir='ltr'><strong>Alexandri</strong></span> <span class='ocrx_word' id='word_1_143' title='bbox 369 1801 483 1880; x_wconf 85' lang='lat' dir='ltr'><strong>Magni</strong></span> <span class='ocrx_word' id='word_1_144' title='bbox 501 1800 689 1862; x_wconf 83' lang='lat' dir='ltr'><strong>militibus</strong></span> <span class='ocrx_word' id='word_1_145' title='bbox 721 1804 876 1881; x_wconf 88' lang='lat' dir='ltr'><strong>generatio</strong></span> <span class='ocrx_word' id='word_1_146' title='bbox 894 1817 1000 1862; x_wconf 88' lang='lat' dir='ltr'><strong>eorum</strong></span> <span class='ocrx_word' id='word_1_147' title='bbox 1021 1801 1172 1862; x_wconf 84' lang='lat' dir='ltr'><strong>lambendo</strong></span> 
     </span>
     <span class='ocr_line' id='line_1_20' title="bbox 158 1890 1172 1972; baseline -0.002 -21"><span class='ocrx_word' id='word_1_148' title='bbox 158 1899 308 1972; x_wconf 85' lang='lat' dir='ltr'><strong>constare,</strong></span> <span class='ocrx_word' id='word_1_149' title='bbox 331 1909 392 1950; x_wconf 90' lang='lat' dir='ltr'><strong>non</strong></span> <span class='ocrx_word' id='word_1_150' title='bbox 415 1892 509 1972; x_wconf 88' lang='lat' dir='ltr'><strong>coitu,</strong></span> <span class='ocrx_word' id='word_1_151' title='bbox 532 1890 651 1952; x_wconf 89' lang='lat' dir='ltr'><strong>dicitnr.</strong></span> <span class='ocrx_word' id='word_1_152' title='bbox 697 1908 734 1950; x_wconf 81' lang='lat' dir='ltr'><strong>ex</strong></span> <span class='ocrx_word' id='word_1_153' title='bbox 762 1909 821 1952; x_wconf 90' lang='lat' dir='ltr'><strong>nna</strong></span> <span class='ocrx_word' id='word_1_154' title='bbox 848 1892 965 1970; x_wconf 86' lang='lat' dir='ltr'><strong>genitos</strong></span> <span class='ocrx_word' id='word_1_155' title='bbox 989 1903 1071 1952; x_wconf 82' lang='lat' dir='ltr'><strong>cxx</strong></span> <span class='ocrx_word' id='word_1_156' title='bbox 1094 1891 1172 1951; x_wconf 86' lang='lat' dir='ltr'><strong>tradi·</strong></span> 
     </span>
     <span class='ocr_line' id='line_1_21' title="bbox 158 1979 1174 2063; baseline -0.002 -23"><span class='ocrx_word' id='word_1_157' title='bbox 158 1981 279 2063; x_wconf 87' lang='lat' dir='ltr'><strong>derunt,</strong></span> <span class='ocrx_word' id='word_1_158' title='bbox 306 1981 384 2060; x_wconf 89' lang='lat' dir='ltr'><strong>apud</strong></span> <span class='ocrx_word' id='word_1_159' title='bbox 406 1979 513 2040; x_wconf 88' lang='lat' dir='ltr'><strong>Persas</strong></span> <span class='ocrx_word' id='word_1_160' title='bbox 540 1998 610 2040; x_wconf 88' lang='lat' dir='ltr'><strong>vero</strong></span> <span class='ocrx_word' id='word_1_161' title='bbox 632 1987 833 2059; x_wconf 83' lang='lat' dir='ltr'><strong>praegnantes</strong></span> <span class='ocrx_word' id='word_1_162' title='bbox 855 1982 886 2040; x_wconf 93' lang='lat' dir='ltr'><strong>in</strong></span> <span class='ocrx_word' id='word_1_163' title='bbox 909 1987 1016 2040; x_wconf 87' lang='lat' dir='ltr'><strong>ventre</strong></span> <span class='ocrx_word' id='word_1_164' title='bbox 1048 1981 1174 2060; x_wconf 66' lang='lat' dir='ltr'><strong>parents</strong></span> 
     </span>
     <span class='ocr_line' id='line_1_22' title="bbox 157 2068 1179 2154; baseline -0.001 -25"><span class='ocrx_word' id='word_1_165' title='bbox 157 2079 300 2148; x_wconf 85' lang='lat' dir='ltr'><strong>repertas.</strong></span> <span class='ocrx_word' id='word_1_166' title='bbox 360 2078 390 2130; x_wconf 93' lang='lat' dir='ltr'><strong>et</strong></span> <span class='ocrx_word' id='word_1_167' title='bbox 422 2068 490 2130; x_wconf 91' lang='lat' dir='ltr'><strong>salis</strong></span> <span class='ocrx_word' id='word_1_168' title='bbox 522 2076 642 2148; x_wconf 88' lang='lat' dir='ltr'><strong>gustatu</strong></span> <span class='ocrx_word' id='word_1_169' title='bbox 674 2069 741 2130; x_wconf 85' lang='lat' dir='ltr'><strong>lieri</strong></span> <span class='ocrx_word' id='word_1_170' title='bbox 773 2077 970 2149; x_wconf 87' lang='lat' dir='ltr'><strong>praegnantes</strong></span> <span class='ocrx_word' id='word_1_171' title='bbox 1004 2073 1179 2154; x_wconf 70' lang='lat' dir='ltr'><strong>opimone</strong></span> 
     </span>
    </p>

    <p class='ocr_par' dir='ltr' id='par_1_8' title="bbox 105 2158 1179 2776">
     <span class='ocr_line' id='line_1_23' title="bbox 105 2158 1179 2240; baseline -0.001 -19"><span class='ocrx_word' id='word_1_172' title='bbox 105 2170 157 2221; x_wconf 75' lang='lat' dir='ltr'><strong>oto</strong></span> <span class='ocrx_word' id='word_1_173' title='bbox 167 2159 266 2238; x_wconf 91' lang='lat' dir='ltr'><strong>itaque</strong></span> <span class='ocrx_word' id='word_1_174' title='bbox 290 2159 529 2220; x_wconf 86' lang='lat' dir='ltr'><strong>desiuitmirum</strong></span> <span class='ocrx_word' id='word_1_175' title='bbox 558 2177 624 2220; x_wconf 89' lang='lat' dir='ltr'><strong>esse</strong></span> <span class='ocrx_word' id='word_1_176' title='bbox 652 2158 800 2220; x_wconf 87' lang='lat' dir='ltr'><strong>nuderis</strong></span> <span class='ocrx_word' id='word_1_177' title='bbox 828 2167 909 2220; x_wconf 88' lang='lat' dir='ltr'><strong>tanta</strong></span> <span class='ocrx_word' id='word_1_178' title='bbox 938 2177 1060 2220; x_wconf 87' lang='lat' dir='ltr'><strong>messes</strong></span> <span class='ocrx_word' id='word_1_179' title='bbox 1088 2179 1179 2240; x_wconf 55' lang='lat' dir='ltr'><strong>popu*</strong></span> 
     </span>
     <span class='ocr_line' id='line_1_24' title="bbox 157 2246 1173 2329; baseline 0.002 -22"><span class='ocrx_word' id='word_1_180' title='bbox 157 2247 236 2308; x_wconf 92' lang='lat' dir='ltr'><strong>letur</strong></span> <span class='ocrx_word' id='word_1_181' title='bbox 258 2249 389 2308; x_wconf 91' lang='lat' dir='ltr'><strong>murium</strong></span> <span class='ocrx_word' id='word_1_182' title='bbox 416 2249 592 2329; x_wconf 84' lang='lat' dir='ltr'><strong>agrestium,</strong></span> <span class='ocrx_word' id='word_1_183' title='bbox 622 2249 653 2309; x_wconf 89' lang='lat' dir='ltr'><strong>in</strong></span> <span class='ocrx_word' id='word_1_184' title='bbox 684 2246 794 2328; x_wconf 91' lang='lat' dir='ltr'><strong>quibus</strong></span> <span class='ocrx_word' id='word_1_185' title='bbox 823 2248 896 2309; x_wconf 93' lang='lat' dir='ltr'><strong>illud</strong></span> <span class='ocrx_word' id='word_1_186' title='bbox 926 2247 1026 2309; x_wconf 91' lang='lat' dir='ltr'><strong>adhuc</strong></span> <span class='ocrx_word' id='word_1_187' title='bbox 1061 2267 1173 2329; x_wconf 77' lang='lat' dir='ltr'><strong>quoque</strong></span> 
     </span>
     <span class='ocr_line' id='line_1_25' title="bbox 157 2335 1173 2419; baseline 0.001 -22"><span class='ocrx_word' id='word_1_188' title='bbox 157 2335 236 2419; x_wconf 88' lang='lat' dir='ltr'><strong>latet,</strong></span> <span class='ocrx_word' id='word_1_189' title='bbox 259 2355 388 2416; x_wconf 91' lang='lat' dir='ltr'><strong>quonam</strong></span> <span class='ocrx_word' id='word_1_190' title='bbox 411 2336 571 2398; x_wconf 89' lang='lat' dir='ltr'><strong>modo&#39;illa</strong></span> <span class='ocrx_word' id='word_1_191' title='bbox 594 2336 752 2399; x_wconf 88' lang='lat' dir='ltr'><strong>multitudo</strong></span> <span class='ocrx_word' id='word_1_192' title='bbox 782 2344 906 2418; x_wconf 90' lang='lat' dir='ltr'><strong>repente</strong></span> <span class='ocrx_word' id='word_1_193' title='bbox 934 2337 1066 2400; x_wconf 86' lang='lat' dir='ltr'><strong>occidat.</strong></span> <span class='ocrx_word' id='word_1_194' title='bbox 1115 2357 1173 2399; x_wconf 87' lang='lat' dir='ltr'><strong>nam</strong></span> 
     </span>
     <span class='ocr_line' id='line_1_26' title="bbox 157 2429 1172 2507; baseline -0.002 -21"><span class='ocrx_word' id='word_1_195' title='bbox 157 2444 212 2487; x_wconf 88' lang='lat' dir='ltr'><strong>neo</strong></span> <span class='ocrx_word' id='word_1_196' title='bbox 236 2429 385 2488; x_wconf 83' lang='lat' dir='ltr'><strong>exanimes</strong></span> <span class='ocrx_word' id='word_1_197' title='bbox 408 2429 601 2507; x_wconf 86' lang='lat' dir='ltr'><strong>reperiuntur</strong></span> <span class='ocrx_word' id='word_1_198' title='bbox 624 2445 721 2507; x_wconf 88' lang='lat' dir='ltr'><strong>neque</strong></span> <span class='ocrx_word' id='word_1_199' title='bbox 744 2433 842 2488; x_wconf 83' lang='lat' dir='ltr'><strong>exstat</strong></span> <span class='ocrx_word' id='word_1_200' title='bbox 864 2429 917 2506; x_wconf 90' lang='lat' dir='ltr'><strong>qni</strong></span> <span class='ocrx_word' id='word_1_201' title='bbox 939 2445 1062 2490; x_wconf 92' lang='lat' dir='ltr'><strong>murem</strong></span> <span class='ocrx_word' id='word_1_202' title='bbox 1083 2429 1172 2489; x_wconf 84' lang='lat' dir='ltr'><strong>bienn</strong></span> 
     </span>
     <span class='ocr_line' id='line_1_27' title="bbox 156 2515 1172 2599; baseline 0.002 -23"><span class='ocrx_word' id='word_1_203' title='bbox 156 2517 188 2576; x_wconf 92' lang='lat' dir='ltr'><strong>in</strong></span> <span class='ocrx_word' id='word_1_204' title='bbox 207 2534 277 2597; x_wconf 88' lang='lat' dir='ltr'><strong>agro</strong></span> <span class='ocrx_word' id='word_1_205' title='bbox 297 2515 440 2578; x_wconf 80' lang='lat' dir='ltr'><strong>effoderit.</strong></span> <span class='ocrx_word' id='word_1_206' title='bbox 466 2515 588 2596; x_wconf 86' lang='lat' dir='ltr'><strong>plurimi</strong></span> <span class='ocrx_word' id='word_1_207' title='bbox 605 2517 647 2577; x_wconf 89' lang='lat' dir='ltr'><strong>ita</strong></span> <span class='ocrx_word' id='word_1_208' title='bbox 665 2516 701 2577; x_wconf 94' lang='lat' dir='ltr'><strong>ad</strong></span> <span class='ocrx_word' id='word_1_209' title='bbox 715 2515 831 2577; x_wconf 84' lang='lat' dir='ltr'><strong>&#39;lroada</strong></span> <span class='ocrx_word' id='word_1_210' title='bbox 849 2517 1047 2599; x_wconf 85' lang='lat' dir='ltr'><strong>proveniunt,</strong></span> <span class='ocrx_word' id='word_1_211' title='bbox 1073 2527 1105 2578; x_wconf 92' lang='lat' dir='ltr'><strong>et</strong></span> <span class='ocrx_word' id='word_1_212' title='bbox 1123 2521 1172 2578; x_wconf 87' lang='lat' dir='ltr'><strong>iam</strong></span> 
     </span>
     <span class='ocr_line' id='line_1_28' title="bbox 156 2605 1171 2687; baseline -0.001 -22"><span class='ocrx_word' id='word_1_213' title='bbox 156 2605 225 2666; x_wconf 90' lang='lat' dir='ltr'><strong>inde</strong></span> <span class='ocrx_word' id='word_1_214' title='bbox 244 2606 421 2687; x_wconf 80' lang='lat' dir='ltr'><strong>fugaverunt</strong></span> <span class='ocrx_word' id='word_1_215' title='bbox 439 2605 559 2666; x_wconf 90' lang='lat' dir='ltr'><strong>incolas.</strong></span> <span class='ocrx_word' id='word_1_216' title='bbox 590 2613 753 2685; x_wconf 86' lang='lat' dir='ltr'><strong>proventus</strong></span> <span class='ocrx_word' id='word_1_217' title='bbox 773 2623 878 2666; x_wconf 90' lang='lat' dir='ltr'><strong>eorum</strong></span> <span class='ocrx_word' id='word_1_218' title='bbox 896 2606 1098 2668; x_wconf 88' lang='lat' dir='ltr'><strong>siccitatibus.</strong></span> <span class='ocrx_word' id='word_1_219' title='bbox 1122 2617 1171 2666; x_wconf 88' lang='lat' dir='ltr'><strong>tra·</strong></span> 
     </span>
     <span class='ocr_line' id='line_1_29' title="bbox 156 2694 1171 2776; baseline -0.001 -21"><span class='ocrx_word' id='word_1_220' title='bbox 156 2695 231 2757; x_wconf 92' lang='lat' dir='ltr'><strong>dunt</strong></span> <span class='ocrx_word' id='word_1_221' title='bbox 254 2698 343 2757; x_wconf 89' lang='lat' dir='ltr'><strong>etiam</strong></span> <span class='ocrx_word' id='word_1_222' title='bbox 361 2694 489 2756; x_wconf 89' lang='lat' dir='ltr'><strong>obituris</strong></span> <span class='ocrx_word' id='word_1_223' title='bbox 507 2694 702 2756; x_wconf 91' lang='lat' dir='ltr'><strong>vermiculum</strong></span> <span class='ocrx_word' id='word_1_224' title='bbox 724 2696 756 2756; x_wconf 90' lang='lat' dir='ltr'><strong>in</strong></span> <span class='ocrx_word' id='word_1_225' title='bbox 780 2697 876 2774; x_wconf 86' lang='lat' dir='ltr'><strong>eapite</strong></span> <span class='ocrx_word' id='word_1_226' title='bbox 899 2696 989 2774; x_wconf 86' lang='lat' dir='ltr'><strong>gigni.</strong></span> <span class='ocrx_word' id='word_1_227' title='bbox 1023 2695 1171 2776; x_wconf 69' lang='lat' dir='ltr'><strong>Aegypte</strong></span> 
     </span>
    </p>
   </div>
   <div class='ocr_carea' id='block_1_4' title="bbox 176 2845 370 2852">
    <p class='ocr_par' dir='ltr' id='par_1_9' title="bbox 176 2845 370 2852">
     <span class='ocr_line' id='line_1_30' title="bbox 176 2845 370 2852; baseline 0 0"><span class='ocrx_word' id='word_1_228' title='bbox 176 2845 370 2852; x_wconf 44' lang='grc' dir='ltr'><strong>.-εον-...-</strong></span> 
     </span>
    </p>
   </div>
   <div class='ocr_carea' id='block_1_5' title="bbox 151 2918 1177 3566">
    <p class='ocr_par' dir='ltr' id='par_1_10' title="bbox 151 2918 1177 3566">
     <span class='ocr_line' id='line_1_31' title="bbox 227 2918 1168 2988; baseline 0 -14"><span class='ocrx_word' id='word_1_229' title='bbox 227 2927 243 2974; x_wconf 83' lang='grc'><strong>6</strong></span> <span class='ocrx_word' id='word_1_230' title='bbox 261 2919 321 2974; x_wconf 83' lang='lat' dir='ltr'><strong>fetu</strong></span> <span class='ocrx_word' id='word_1_231' title='bbox 335 2936 386 2976; x_wconf 79' lang='lat' dir='ltr'><strong>orn.</strong></span> <span class='ocrx_word' id='word_1_232' title='bbox 399 2925 452 2974; x_wconf 75' lang='lat' dir='ltr'><strong>lid.</strong></span> <span class='ocrx_word' id='word_1_233' title='bbox 470 2920 473 2988; x_wconf 82' lang='lat' dir='ltr'><strong>l</strong></span> <span class='ocrx_word' id='word_1_234' title='bbox 495 2919 565 2974; x_wconf 84' lang='lat' dir='ltr'><strong>alias</strong></span> <span class='ocrx_word' id='word_1_235' title='bbox 578 2918 712 2988; x_wconf 78' lang='lat' dir='ltr'><strong>Barb.(?)</strong></span> <span class='ocrx_word' id='word_1_236' title='bbox 736 2920 776 2973; x_wconf 84' lang='lat' dir='ltr'><strong>-ia</strong></span> <span class='ocrx_word' id='word_1_237' title='bbox 790 2920 817 2975; x_wconf 90' lang='lat' dir='ltr'><strong>ll.</strong></span> <span class='ocrx_word' id='word_1_238' title='bbox 844 2918 992 2986; x_wconf 68' lang='lat' dir='ltr'><strong>escArid.</strong></span> <span class='ocrx_word' id='word_1_239' title='bbox 1006 2919 1035 2976; x_wconf 66' lang='grc' dir='ltr'><strong>ἢ.</strong></span> <span class='ocrx_word' id='word_1_240' title='bbox 1052 2938 1080 2976; x_wconf 86' lang='lat' dir='ltr'><strong>a.</strong></span> <span class='ocrx_word' id='word_1_241' title='bbox 1098 2923 1149 2973; x_wconf 89' lang='lat' dir='ltr'><strong>Vll</strong></span> <span class='ocrx_word' id='word_1_242' title='bbox 1159 2939 1168 2974; x_wconf 67' lang='lat' dir='ltr'><strong>s</strong></span> 
     </span>
     <span class='ocr_line' id='line_1_32' title="bbox 151 2989 1102 3061; baseline 0 -15"><span class='ocrx_word' id='word_1_243' title='bbox 151 3007 181 3059; x_wconf 80' lang='lat' dir='ltr'><strong>p.</strong></span> <span class='ocrx_word' id='word_1_244' title='bbox 192 2995 249 3046; x_wconf 84' lang='lat'><strong>586</strong></span> <span class='ocrx_word' id='word_1_245' title='bbox 257 2991 322 3058; x_wconf 83' lang='lat' dir='ltr'><strong>B‚o</strong></span> <span class='ocrx_word' id='word_1_246' title='bbox 336 2997 361 3046; x_wconf 82' lang='lat' dir='ltr'><strong>et</strong></span> <span class='ocrx_word' id='word_1_247' title='bbox 374 2993 410 3061; x_wconf 82' lang='lat' dir='ltr'><strong>A,</strong></span> <span class='ocrx_word' id='word_1_248' title='bbox 420 2996 465 3048; x_wconf 85' lang='lat'><strong>35.</strong></span> <span class='ocrx_word' id='word_1_249' title='bbox 492 2993 576 3046; x_wconf 83' lang='lat' dir='ltr'><strong>antea</strong></span> <span class='ocrx_word' id='word_1_250' title='bbox 593 2991 666 3045; x_wconf 84' lang='lat' dir='ltr'><strong>Detl.</strong></span> <span class='ocrx_word' id='word_1_251' title='bbox 683 2994 687 3058; x_wconf 79' lang='lat' dir='ltr'><strong>l</strong></span> <span class='ocrx_word' id='word_1_252' title='bbox 702 2991 832 3061; x_wconf 81' lang='lat' dir='ltr'><strong>porrecto</strong></span> <span class='ocrx_word' id='word_1_253' title='bbox 845 2989 981 3059; x_wconf 62' lang='lat' dir='ltr'><strong>Bartss)</strong></span> <span class='ocrx_word' id='word_1_254' title='bbox 1007 2993 1054 3046; x_wconf 82' lang='lat' dir='ltr'><strong>-ta</strong></span> <span class='ocrx_word' id='word_1_255' title='bbox 1073 2993 1102 3048; x_wconf 90' lang='lat' dir='ltr'><strong>ll.</strong></span> 
     </span>
     <span class='ocr_line' id='line_1_33' title="bbox 157 3061 1177 3118; baseline -0.001 -1"><span class='ocrx_word' id='word_1_256' title='bbox 157 3063 355 3117; x_wconf 74' lang='lat' dir='ltr'><strong>lextentislt.</strong></span> <span class='ocrx_word' id='word_1_257' title='bbox 428 3068 462 3117; x_wconf 90' lang='lat'><strong>10</strong></span> <span class='ocrx_word' id='word_1_258' title='bbox 481 3078 515 3118; x_wconf 86' lang='lat' dir='ltr'><strong>ex</strong></span> <span class='ocrx_word' id='word_1_259' title='bbox 533 3061 719 3118; x_wconf 69' lang='lat' dir='ltr'><strong>semeth’d.</strong></span> <span class='ocrx_word' id='word_1_260' title='bbox 743 3067 844 3116; x_wconf 76' lang='lat' dir='ltr'><strong>as-B.</strong></span> <span class='ocrx_word' id='word_1_261' title='bbox 872 3077 907 3117; x_wconf 85' lang='lat' dir='ltr'><strong>ea</strong></span> <span class='ocrx_word' id='word_1_262' title='bbox 920 3080 945 3116; x_wconf 83' lang='lat' dir='ltr'><strong>s·</strong></span> <span class='ocrx_word' id='word_1_263' title='bbox 958 3079 983 3117; x_wconf 82' lang='lat' dir='ltr'><strong>r.</strong></span> <span class='ocrx_word' id='word_1_264' title='bbox 1060 3069 1098 3118; x_wconf 77' lang='lat'><strong>14</strong></span> <span class='ocrx_word' id='word_1_265' title='bbox 1115 3067 1177 3116; x_wconf 62' lang='lat' dir='ltr'><strong>sorsl</strong></span> 
     </span>
     <span class='ocr_line' id='line_1_34' title="bbox 155 3133 1161 3202; baseline -0.002 -14"><span class='ocrx_word' id='word_1_266' title='bbox 155 3135 265 3188; x_wconf 80' lang='lat' dir='ltr'><strong>tantum</strong></span> <span class='ocrx_word' id='word_1_267' title='bbox 284 3133 341 3190; x_wconf 74' lang='lat' dir='ltr'><strong>Gal.</strong></span> <span class='ocrx_word' id='word_1_268' title='bbox 368 3151 416 3189; x_wconf 85' lang='lat' dir='ltr'><strong>sue</strong></span> <span class='ocrx_word' id='word_1_269' title='bbox 434 3136 529 3189; x_wconf 86' lang='lat' dir='ltr'><strong>tantus</strong></span> <span class='ocrx_word' id='word_1_270' title='bbox 547 3139 578 3188; x_wconf 74' lang='lat' dir='ltr'><strong>B.</strong></span> <span class='ocrx_word' id='word_1_271' title='bbox 601 3135 732 3188; x_wconf 79' lang='lat' dir='ltr'><strong>ostentus</strong></span> <span class='ocrx_word' id='word_1_272' title='bbox 751 3133 821 3190; x_wconf 64' lang='lat'><strong>111¹.</strong></span> <span class='ocrx_word' id='word_1_273' title='bbox 846 3135 903 3200; x_wconf 61' lang='lat' dir='ltr'><strong>tos</strong></span> <span class='ocrx_word' id='word_1_274' title='bbox 920 3150 943 3190; x_wconf 86' lang='lat' dir='ltr'><strong>r.</strong></span> <span class='ocrx_word' id='word_1_275' title='bbox 960 3135 965 3202; x_wconf 83' lang='grc' dir='ltr'>Ι</span> <span class='ocrx_word' id='word_1_276' title='bbox 980 3150 1118 3191; x_wconf 83' lang='lat' dir='ltr'><strong>numeros</strong></span> <span class='ocrx_word' id='word_1_277' title='bbox 1134 3135 1161 3186; x_wconf 71' lang='lat'><strong>1¹</strong></span> 
     </span>
     <span class='ocr_line' id='line_1_35' title="bbox 155 3205 1167 3277; baseline 0 -17"><span class='ocrx_word' id='word_1_278' title='bbox 155 3206 184 3260; x_wconf 89' lang='lat' dir='ltr'><strong>in</strong></span> <span class='ocrx_word' id='word_1_279' title='bbox 195 3206 361 3262; x_wconf 82' lang='lat' dir='ltr'><strong>humerosos</strong></span> <span class='ocrx_word' id='word_1_280' title='bbox 375 3206 412 3262; x_wconf 60' lang='lat' dir='ltr'><strong>ei.</strong></span> <span class='ocrx_word' id='word_1_281' title='bbox 430 3207 433 3274; x_wconf 89' lang='grc' dir='ltr'>Ι</span> <span class='ocrx_word' id='word_1_282' title='bbox 449 3222 516 3261; x_wconf 85' lang='lat' dir='ltr'><strong>nem</strong></span> <span class='ocrx_word' id='word_1_283' title='bbox 529 3221 584 3277; x_wconf 80' lang='lat' dir='ltr'><strong>epo.</strong></span> <span class='ocrx_word' id='word_1_284' title='bbox 612 3205 681 3259; x_wconf 84' lang='lat' dir='ltr'><strong>item</strong></span> <span class='ocrx_word' id='word_1_285' title='bbox 695 3206 753 3261; x_wconf 78' lang='lat' dir='ltr'><strong>llo.</strong></span> <span class='ocrx_word' id='word_1_286' title='bbox 775 3207 910 3260; x_wconf 75' lang='lat' dir='ltr'><strong>sententia</strong></span> <span class='ocrx_word' id='word_1_287' title='bbox 927 3209 978 3260; x_wconf 68' lang='lat' dir='ltr'><strong>este</strong></span> <span class='ocrx_word' id='word_1_288' title='bbox 996 3221 1068 3260; x_wconf 79' lang='lat' dir='ltr'><strong>nam</strong></span> <span class='ocrx_word' id='word_1_289' title='bbox 1081 3207 1167 3277; x_wconf 78' lang='lat' dir='ltr'><strong>plum·</strong></span> 
     </span>
     <span class='ocr_line' id='line_1_36' title="bbox 157 3276 1167 3348; baseline -0.002 -18"><span class='ocrx_word' id='word_1_290' title='bbox 157 3277 241 3346; x_wconf 80' lang='lat' dir='ltr'><strong>[fetus</strong></span> <span class='ocrx_word' id='word_1_291' title='bbox 265 3276 347 3332; x_wconf 88' lang='lat' dir='ltr'><strong>edere</strong></span> <span class='ocrx_word' id='word_1_292' title='bbox 370 3278 424 3347; x_wconf 85' lang='lat' dir='ltr'><strong>est]</strong></span> <span class='ocrx_word' id='word_1_293' title='bbox 449 3279 547 3332; x_wconf 85' lang='lat' dir='ltr'><strong>contra</strong></span> <span class='ocrx_word' id='word_1_294' title='bbox 569 3279 699 3330; x_wconf 82' lang='lat' dir='ltr'><strong>naturam</strong></span> <span class='ocrx_word' id='word_1_295' title='bbox 722 3282 769 3332; x_wconf 83' lang='lat' dir='ltr'><strong>cet.</strong></span> <span class='ocrx_word' id='word_1_296' title='bbox 810 3277 861 3344; x_wconf 76' lang='lat' dir='ltr'><strong>cfr.</strong></span> <span class='ocrx_word' id='word_1_297' title='bbox 880 3276 971 3348; x_wconf 75' lang='lat'><em>§176</em></span> <span class='ocrx_word' id='word_1_298' title='bbox 990 3281 1016 3332; x_wconf 82' lang='lat' dir='ltr'><strong>et</strong></span> <span class='ocrx_word' id='word_1_299' title='bbox 1033 3277 1124 3332; x_wconf 78' lang='lat' dir='ltr'><strong>Arist.</strong></span> <span class='ocrx_word' id='word_1_300' title='bbox 1140 3277 1167 3328; x_wconf 67' lang='lat' dir='ltr'><strong>p</strong></span> 
     </span>
     <span class='ocr_line' id='line_1_37' title="bbox 154 3347 1166 3418; baseline 0.002 -18"><span class='ocrx_word' id='word_1_301' title='bbox 154 3363 213 3416; x_wconf 77' lang='lat' dir='ltr'><strong>pen.</strong></span> <span class='ocrx_word' id='word_1_302' title='bbox 227 3365 273 3402; x_wconf 76' lang='lat' dir='ltr'><strong>oe.</strong></span> <span class='ocrx_word' id='word_1_303' title='bbox 288 3350 337 3400; x_wconf 88' lang='lat' dir='ltr'><strong>IV</strong></span> <span class='ocrx_word' id='word_1_304' title='bbox 346 3353 364 3404; x_wconf 91' lang='lat'><strong><em>6</em></strong></span> <span class='ocrx_word' id='word_1_305' title='bbox 382 3349 445 3403; x_wconf 79' lang='lat' dir='ltr'><strong>init.</strong></span> <span class='ocrx_word' id='word_1_306' title='bbox 522 3354 556 3401; x_wconf 80' lang='lat'><strong>20</strong></span> <span class='ocrx_word' id='word_1_307' title='bbox 574 3349 761 3418; x_wconf 81' lang='lat' dir='ltr'><strong>praegnantes</strong></span> <span class='ocrx_word' id='word_1_308' title='bbox 779 3347 809 3402; x_wconf 89' lang='lat' dir='ltr'><strong>in</strong></span> <span class='ocrx_word' id='word_1_309' title='bbox 825 3347 914 3404; x_wconf 81' lang='lat' dir='ltr'><strong>Barb.</strong></span> <span class='ocrx_word' id='word_1_310' title='bbox 942 3347 972 3402; x_wconf 87' lang='lat' dir='ltr'><strong>in</strong></span> <span class='ocrx_word' id='word_1_311' title='bbox 991 3349 1080 3403; x_wconf 83' lang='lat' dir='ltr'><strong>-antis</strong></span> <span class='ocrx_word' id='word_1_312' title='bbox 1099 3347 1166 3418; x_wconf 62' lang='lat' dir='ltr'><strong>pati·</strong></span> 
     </span>
     <span class='ocr_line' id='line_1_38' title="bbox 154 3417 1160 3490; baseline 0.003 -21"><span class='ocrx_word' id='word_1_313' title='bbox 154 3418 187 3484; x_wconf 74' lang='lat' dir='ltr'><strong>B)</strong></span> <span class='ocrx_word' id='word_1_314' title='bbox 207 3419 235 3472; x_wconf 85' lang='lat' dir='ltr'><strong>ll.</strong></span> <span class='ocrx_word' id='word_1_315' title='bbox 269 3420 274 3485; x_wconf 82' lang='grc' dir='ltr'>Ι</span> <span class='ocrx_word' id='word_1_316' title='bbox 311 3418 556 3474; x_wconf 70' lang='lat' dir='ltr'><strong>coercendam</strong></span> <span class='ocrx_word' id='word_1_317' title='bbox 573 3418 665 3475; x_wconf 69' lang='lat' dir='ltr'><strong>Hasd.</strong></span> <span class='ocrx_word' id='word_1_318' title='bbox 704 3422 708 3487; x_wconf 87' lang='grc'>1</span> <span class='ocrx_word' id='word_1_319' title='bbox 747 3417 872 3490; x_wconf 82' lang='lat' dir='ltr'><strong>parentis</strong></span> <span class='ocrx_word' id='word_1_320' title='bbox 889 3419 977 3476; x_wconf 84' lang='lat' dir='ltr'><strong>Barb.</strong></span> <span class='ocrx_word' id='word_1_321' title='bbox 1014 3420 1127 3476; x_wconf 56' lang='lat' dir='ltr'><strong>aientia</strong></span> <span class='ocrx_word' id='word_1_322' title='bbox 1143 3421 1160 3472; x_wconf 90' lang='lat' dir='ltr'><strong>ll</strong></span> 
     </span>
     <span class='ocr_line' id='line_1_39' title="bbox 155 3487 1176 3566; baseline 0.007 -26"><span class='ocrx_word' id='word_1_323' title='bbox 155 3488 205 3553; x_wconf 74' lang='lat' dir='ltr'><strong>cfr.</strong></span> <span class='ocrx_word' id='word_1_324' title='bbox 224 3487 311 3542; x_wconf 71' lang='lat' dir='ltr'><strong>Arist.</strong></span> <span class='ocrx_word' id='word_1_325' title='bbox 330 3490 356 3543; x_wconf 83' lang='lat' dir='ltr'><strong>b.</strong></span> <span class='ocrx_word' id='word_1_326' title='bbox 375 3507 402 3543; x_wconf 83' lang='lat' dir='ltr'><strong>a.</strong></span> <span class='ocrx_word' id='word_1_327' title='bbox 422 3492 465 3542; x_wconf 89' lang='lat' dir='ltr'><strong>VI</strong></span> <span class='ocrx_word' id='word_1_328' title='bbox 474 3493 511 3543; x_wconf 83' lang='lat'><strong>37</strong></span> <span class='ocrx_word' id='word_1_329' title='bbox 524 3490 669 3558; x_wconf 72' lang='lat' dir='ltr'><strong>poecis,</strong></span> <span class='ocrx_word' id='word_1_330' title='bbox 683 3495 720 3546; x_wconf 82' lang='lat'><strong>30</strong></span> <span class='ocrx_word' id='word_1_331' title='bbox 818 3497 852 3546; x_wconf 74' lang='lat'><strong>23</strong></span> <span class='ocrx_word' id='word_1_332' title='bbox 875 3490 968 3546; x_wconf 80' lang='lat' dir='ltr'><strong>adhuc</strong></span> <span class='ocrx_word' id='word_1_333' title='bbox 986 3507 1100 3562; x_wconf 86' lang='lat' dir='ltr'><strong>quoque</strong></span> <span class='ocrx_word' id='word_1_334' title='bbox 1117 3507 1176 3566; x_wconf 57' lang='lat' dir='ltr'><strong>epo„</strong></span> 
     </span>
    </p>
   </div>
   <div class='ocr_carea' id='block_1_6' title="bbox 154 3559 942 3700">
    <p class='ocr_par' dir='ltr' id='par_1_11' title="bbox 154 3559 1164 3700">
     <span class='ocr_line' id='line_1_40' title="bbox 154 3559 942 3700; baseline 0.015 -24"><span class='ocrx_word' id='word_1_335' title='bbox 154 3559 375 3682; x_wconf 71' lang='lat' dir='ltr'><strong>cresc</strong></span> <span class='ocrx_word' id='word_1_336' title='bbox 392 3561 507 3690; x_wconf 71' lang='lat' dir='ltr'><strong>aa..</strong></span> <span class='ocrx_word' id='word_1_337' title='bbox 536 3561 942 3700; x_wconf 71' lang='lat' dir='ltr'><strong>retar.·.urcrr</strong></span> 
     </span>
    </p>
   </div>
   <div class='ocr_carea' id='block_1_7' title="bbox 0 0 1186 3930">
    <p class='ocr_par' dir='ltr' id='par_1_12' title="bbox 0 0 1186 3930">
     <span class='ocr_line' id='line_1_41' title="bbox 0 0 1186 3930; baseline 0 0"><span class='ocrx_word' id='word_1_338' title='bbox 0 0 1186 3930; x_wconf 95' lang='lat' dir='ltr'><strong> </strong></span> 
     </span>
    </p>
   </div>
  </div>
 </body>
</html>
