2478 3936
182 160 235 208 XII
588 136 796 194 PRAEFATIO

183 287 400 364 spectationem
417 289 621 366 perturbetur,
640 288 832 348 referendum
850 290 898 348 est
917 287 957 346 ad
976 305 1043 348 eum
1060 288 1104 363 qui
1116 293 1171 364 post

181 376 273 436 Plinii
295 381 424 438 mortem
447 397 549 439 omnes
572 379 720 440 naturalis
738 377 885 438 historiae
907 377 1002 437 libros
1024 377 1119 436 leviter
1138 396 1172 436 re

182 464 300 526 censuit
323 471 354 528 et
376 469 408 527 in
430 487 523 528 unum
546 487 654 544 corpus
677 467 817 527 redactos
844 466 948 526 edidit.
994 466 1092 526 multis
1112 468 1172 526 enin

181 555 298 616 indiciis
317 547 473 633 probatur,
493 557 634 635 Plinium,
652 575 690 616 ne
705 559 872 616 extremam
889 574 1015 615 manum
1031 556 1092 632 ipse
1108 557 1174 632 operi

182 663 236 704 suc
260 645 442 722 admoveret,
468 647 569 707 subita
591 649 689 706 morte
712 645 892 722 impeditum
918 664 995 706 esse.
1039 649 1175 721 postquam

182 725 301 794 ‘electa’
324 754 380 796 sua
397 738 486 796 vasta
509 739 541 796 et
563 735 751 812 amplissima
772 737 805 794 in
827 735 966 794 ordinem
983 735 1107 810 digessit
1125 754 1176 810 pro

181 823 346 900 oemiisque
364 824 488 885 adiectis
512 825 653 885 continua
676 825 813 885 oratione
836 823 991 884 coniunxit
1015 827 1046 882 et
1067 824 1112 882 bic
1130 824 1177 882 illic

181 911 299 972 dicendi
321 915 505 974 ornamentis
527 915 708 992 illustravit,
736 932 840 975 omnes
863 913 993 990 denique
1016 913 1107 972 libros
1126 931 1176 972 con-

182 1001 316 1076 scripsit,
346 1021 442 1080 usquc
471 1004 510 1062 ad
539 1007 669 1064 mortem
699 1003 820 1063 videtur
850 1005 1016 1078 occupatus
1045 1001 1177 1061 tuissein

181 1108 273 1165 opere
296 1091 447 1152 adfinem
470 1093 614 1168 perducto
638 1092 831 1152 retractando
856 1095 887 1152 et
911 1088 1034 1152 assiduo
1059 1091 1123 1151 stilo
1143 1110 1177 1149 er-

99 1199 104 1207 ·
180 1179 329 1258 poliendo,
347 1183 413 1240 tum
428 1181 575 1242 librorum
589 1182 818 1260 dispositionem
830 1181 1005 1256 immutans,
1024 1183 1090 1239 tum
1102 1181 1178 1238 multa

180 1269 350 1343 emendans,
374 1275 440 1330 tum
458 1271 597 1347 pluribus
615 1273 690 1332 locis
714 1271 751 1331 ob
776 1271 948 1348 argumenti
972 1269 1178 1330 similitudinem

179 1375 258 1418 nova
290 1359 412 1420 addens.
468 1380 545 1437 quae
577 1360 798 1433 additamenta,
835 1359 889 1419 ubi
922 1359 1057 1436 spatium
1088 1359 1180 1430 deerat,

179 1447 312 1524 margini
330 1449 499 1526 adscripsit,
523 1450 554 1508 in
576 1451 644 1526 ipsa
663 1450 798 1509 oratione
821 1449 964 1509 continua
986 1448 1116 1508 fortasse
1136 1465 1180 1506 non

180 1533 321 1596 distincte
340 1557 409 1597 eum
426 1537 525 1597 locum
545 1533 726 1616 significans,
745 1538 777 1597 in
795 1557 854 1616 quo
872 1537 1026 1614 interponi
1045 1556 1081 1596 ea
1097 1538 1180 1609 uellet

179 1625 231 1685 ille
253 1645 325 1686 uero
345 1627 397 1704 qui
415 1646 490 1704 opus
509 1630 616 1704 postea
639 1627 787 1687 edendum
811 1627 944 1704 suscepit
965 1645 1029 1686 non
1046 1627 1179 1686 intellecto

170 1715 335 1792 scriptoris
364 1715 487 1776 consilio
515 1716 661 1776 adnotata
688 1715 823 1793 proximo
852 1735 970 1796 quoque
998 1717 1079 1794 loco,
1108 1735 1180 1793 quau·

178 1805 291 1864 tumvis
311 1807 517 1882 repugnarent
534 1806 614 1865 iusto
635 1807 854 1865 sententiarum
872 1806 979 1880 ordini,
1003 1806 1036 1864 in
1056 1807 1180 1866 orationis

179 1895 351 1954 contextum
382 1895 504 1970 recepit.
556 1895 659 1972 itaque
689 1914 725 1954 ea
755 1895 963 1956 additamenta
993 1895 1032 1954 ab
1065 1895 1180 1955 oratione

178 1983 319 2042 continua
338 1983 551 2060 distinguenda
570 1988 640 2044 sunt
659 1985 702 2058 et,
726 1985 752 2044 si
775 1984 926 2060 probabili
945 1985 1118 2044 coniectura
1132 1983 1180 2042 fieri

178 2071 299 2148 poterit,
322 2071 354 2130 in
377 2071 494 2148 aptiore
517 2075 582 2133 loco
606 2074 786 2150 reponenda.
832 2077 864 2132 et
886 2073 964 2132 hanc
988 2073 1112 2150 quidem
1134 2091 1180 2132 sen·

177 2161 315 2236 tentiam,
339 2179 406 2219 cum
429 2159 558 2240 primus,
581 2163 640 2222 nisi
661 2163 765 2237 fallor,
788 2161 938 2239 Bergkius
963 2181 1059 2222 exerc.
1084 2160 1180 2221 Plinl

177 2268 206 2324 p.
228 2252 244 2306 1
270 2249 490 2323 adumbrasset
515 2251 649 2312 studiose
668 2251 822 2328 amplexus
841 2251 1012 2312 Urlichsius
1036 2243 1104 2332 (cfr.
1122 2252 1181 2326 disp.

177 2338 243 2396 crit.
263 2337 300 2396 de
318 2357 399 2397 num.
419 2341 450 2398 et
468 2358 546 2399 nom.
566 2361 595 2416 p.
611 2343 660 2400 15.
685 2341 845 2400 chrestum
864 2339 942 2402 Plin.
957 2341 1053 2416 praef.
1068 2361 1097 2417 p.
1111 2332 1181 2418 xlv)

144 2483 151 2496 ,
177 2425 216 2484 ad
239 2427 314 2486 artis
338 2425 460 2488 criticae
483 2429 665 2489 exercendae
688 2430 855 2492 utilitatem
882 2431 915 2488 in
941 2429 1050 2506 primis
1080 2431 1181 2504 retulit

177 2515 353 2576 confirmata
371 2517 477 2577 eodem
490 2519 553 2578 fere
572 2523 707 2596 ternpore
726 2523 774 2578 est
787 2518 911 2578 Henrici
924 2519 1055 2577 Brumnii
1074 2519 1181 2596 egregia
1209 2587 1210 2602 χ

177 2603 214 2664 de
244 2611 402 2666 auctorum
432 2605 580 2667 indicibus
610 2607 756 2668 Plinianis
787 2607 991 2684 disputatione
1027 2627 1062 2667 ao
1091 2612 1182 2685 postea
1209 2615 1210 2638 ¹

175 2693 312 2754 Noltenii
336 2714 453 2774 quoque
477 2697 704 2774 quaestionibus
728 2697 884 2772 Plinianis‚
909 2697 1025 2774 quibus.
1042 2717 1121 2758 nova
1141 2697 1181 2754 ali-

176 2785 250 2859 quot
278 2785 504 2846 retractationis
534 2785 666 2864 vestigia
700 2785 866 2864 indagavit.
925 2787 1060 2852 editores
1095 2789 1181 2846 antem

175 2872 267 2932 Ianus
286 2893 414 2952 eumque
434 2873 554 2936 secutus
573 2875 766 2936 Detlefsenus
786 2875 1024 2952 transpositione
1042 2877 1181 2936 rarissime

174 2954 260 3042 usi*)
292 2963 469 3041 plerumque
499 2965 634 3024 contenti
662 2965 787 3024 fuerunt
816 2984 868 3024 eos
897 2965 993 3040 locos,
1024 2965 1058 3024 in
1086 2965 1180 3042 quibus

175 3051 320 3111 orationis
353 3053 583 3112 continuitatem
622 3054 721 3113 aliena
752 3053 903 3115 sententia
935 3054 1093 3115 discissam
1127 3071 1181 3114 esse

175 3142 315 3216 apertum
338 3143 394 3216 est,
417 3142 596 3202 lineolarum
619 3143 714 3219 signis
737 3161 756 3202 a
778 3143 896 3220 reliqua
914 3143 1051 3204 oratione
1075 3157 1180 3220 separa·

245 3379 271 3448 ¹¹²)
293 3383 416 3435 Auctore
437 3381 547 3451 Silligio
568 3382 702 3438 orationis
725 3384 883 3439 membrum
905 3387 1134 3456 transposuerunt
1148 3381 1178 3436 IX

173 3457 220 3516 37,
245 3451 294 3504 sed
317 3465 370 3520 ego
393 3451 553 3507 Aristotelis
576 3455 737 3510 testimonio
761 3455 854 3510 motus
878 3455 1006 3512 ordinem
1028 3458 1077 3526 qui
1098 3454 1177 3511 estin

174 3519 316 3574 codicibus
344 3521 455 3575 restitui
480 3525 509 3576 et
534 3523 724 3595 distinguendi
749 3525 858 3582 ratione
883 3525 1019 3597 indicavi,
1046 3528 1094 3598 qui
1117 3526 1177 3582 esset

174 3590 374 3645 senmntiarum
394 3607 522 3650 conexus.
