2392 3946
291 168 379 238 'unu
397 181 489 237 insu
509 182 574 238 xiv
595 191 664 240 1-2
685 186 775 255 (3-4)
981 183 1045 251 351
1086 173 1094 188 '

40 351 102 392 enm
124 331 252 394 Raeticis
281 335 364 413 prior
392 351 494 395 mensa
522 343 587 396 erat
614 353 630 396 e
657 334 734 396 villis
757 333 986 398 veroniensium
1013 339 1045 398 in

38 439 111 501 agro.
165 424 237 501 quin
269 431 299 484 et
331 441 347 483 a
378 425 521 503 patientia
550 442 659 486 nomen
696 425 789 485 acinis
821 425 908 486 datur
938 427 1043 504 passis.

38 511 200 572 conduntur
223 519 254 573 et
276 521 374 574 musto
398 531 471 574 uvae
498 515 639 594 ipsaeque
667 516 735 574 vino
764 532 818 575 suo
846 513 1041 576 inebriantur.
1060 520 1094 570 1⁷

18 599 103 686 aliae
133 601 257 663 decocto
287 604 319 662 in
348 609 447 663 musto
477 602 670 684 dulcescunt,
702 603 775 664 aliae
805 622 876 664 vero
907 602 1043 664 subolem

16 703 134 750 trovam
156 693 188 751 in
210 693 276 771 ipsa
298 699 392 752 matre
415 699 589 772 exspectant
611 693 773 754 tralucidae
796 695 882 775 vitro,
904 692 1045 772 additque

36 781 121 841 acinis
144 781 270 842 eandem
289 799 377 860 quam
398 783 430 841 in
453 781 539 843 doliis
562 782 748 862 amphorisve
767 781 948 843 duratricem
966 781 1046 842 illam

37 869 199 932 firmitatem
229 871 386 932 austeritas
415 873 490 951 picis
519 873 618 932 inlusa
645 871 791 952 pediculo.
840 874 900 932 iam
926 874 1046 932 inventa
1065 876 1098 926 18

36 961 96 1020 ritis
117 978 173 1040 per
197 979 229 1022 se
255 962 288 1021 in
310 962 378 1021 vino
406 963 503 1041 picem
530 963 692 1043 resipiens,
715 958 914 1023 Viennensem
942 979 1046 1042 agrum

36 1047 188 1110 nobilitans
210 1049 350 1110 Taburno
375 1049 544 1131 Sotanoque
573 1057 604 1111 et
625 1049 741 1111 llllinco
769 1051 938 1130 generibus.
985 1069 1045 1112 non

10 1151 26 1188 ¹⁰
36 1139 142 1216 pridem
155 1138 230 1200 haee
243 1138 401 1200 inlustrata
420 1147 508 1219 atque
522 1139 659 1220 Vergili
677 1142 752 1201 vatis
771 1149 866 1205 aetate
885 1142 1044 1222 incognita,

36 1230 152 1289 aculus
172 1227 256 1290 obitu
279 1240 326 1289 xc
350 1236 478 1308 aguntur
496 1231 574 1290 anni.
607 1229 678 1308 quid
702 1231 780 1309 quod
804 1232 916 1291 inserta
939 1231 1046 1290 eastris
1064 1235 1097 1284 19

36 1335 173 1378 summam
187 1335 290 1380 rerum
303 1319 522 1399 imperiumque
537 1321 671 1379 eontinet
684 1321 895 1380 centurionum
908 1321 940 1380 in
954 1337 1044 1380 manu

35 1408 102 1490 vitis,
125 1415 156 1469 et
180 1410 280 1488 opimo
302 1410 435 1488 praemio
458 1409 559 1469 tardos
583 1408 704 1468 ordines
727 1408 763 1468 ad
787 1408 882 1470 lentas
904 1409 1043 1488 perducit

36 1496 151 1578 aquilas,
182 1506 272 1577 atque
295 1499 385 1560 etiam
406 1500 438 1558 in
466 1498 584 1560 delictis
613 1516 739 1578 poenam
769 1500 865 1578 ipsam
893 1493 1043 1558 honorat?

10 1595 82 1646 onec
104 1605 166 1648 non
189 1589 292 1648 vineae
315 1589 569 1668 oppugnationum
592 1587 702 1648 dedere
725 1590 879 1648 rationem.
921 1589 1044 1648 namin

36 1676 272 1738 medicaminibus
296 1677 368 1738 adeo
392 1695 532 1756 magnum
555 1679 692 1757 optinent
713 1676 813 1737 locum
836 1685 870 1738 ut
892 1695 947 1756 per
975 1695 1041 1737 sese

36 1767 93 1825 rino
116 1769 184 1847 ipso
207 1767 338 1828 remedia
361 1767 428 1827 sint.

94 1850 127 1918 2.
148 1849 202 1939 (4)
221 1855 338 1917 Genera
355 1858 461 1917 vitium
479 1874 604 1916 numero
624 1855 836 1935 comprehendi
854 1873 943 1935 posse
962 1873 1042 1916 erneis
1060 1860 1095 1911 20

37 1947 205 2007 existimavit
236 1945 479 2027 Democritus,
517 1951 625 2006 cuneta
657 1943 714 2005 sibi
750 1943 891 2006 Graeciae
925 1946 1043 2028 cognita

11 2035 188 2111 nprotessus.
205 2037 315 2106 ¹ceteri
333 2037 491 2096 innumera
509 2041 597 2113 atque
617 2034 732 2094 infinita
751 2052 817 2096 esse
835 2034 1042 2115 prodiderunt,

36 2124 105 2200 quod
126 2126 229 2185 verius
252 2123 405 2204 apparebit
428 2143 464 2184 ex
487 2125 572 2184 vinis.
617 2141 674 2185 nec
697 2126 796 2185 omnia
819 2123 966 2205 dicentur,
989 2124 1042 2184 scd

36 2215 150 2275 maxime
180 2215 322 2296 insignia,
352 2216 462 2294 quippe
490 2213 617 2275 totidem
644 2231 739 2294 paene
770 2222 840 2275 sunt
870 2221 943 2293 quot
972 2215 1044 2294 agri,

37 2303 220 2379 quamobrem
239 2302 447 2364 celeberrimas
465 2305 570 2364 vitium
593 2311 645 2364 aut
667 2303 777 2382 quibus
800 2311 832 2365 et
854 2302 952 2382 aliqua
973 2320 1042 2382 pro·

36 2393 151 2469 prietate
174 2392 362 2474 miraculum,
385 2392 552 2454 ostendisse
576 2395 649 2453 satis
672 2395 738 2454 erit.

11 2487 27 2528 ¹⁵
93 2478 157 2563 <1>
199 2481 388 2563 Principatus
424 2481 511 2544 datur
546 2481 677 2541 Amineis
695 2535 698 2542 .
713 2482 883 2542 firmitatem
919 2488 1043 2560 propter
1062 2488 1096 2536 11

37 2573 169 2651 senioque
201 2572 408 2652 proficientem
439 2573 501 2633 vini
532 2573 596 2632 eius
628 2571 733 2649 utique
763 2572 860 2630 vitam.
911 2571 1043 2648 quinque

38 2675 129 2722 earum
151 2679 270 2741 genera.
316 2681 354 2722 ex
380 2661 427 2722 his
454 2677 595 2740 germana
622 2661 720 2721 minor
748 2660 832 2719 acino
860 2657 966 2719 melius
994 2658 1043 2719 de-

100 2907 269 2962 leIcmue,
303 2923 338 2961 ex
356 2906 428 2960 Detl.
462 2905 568 2960 etilo.
598 2905 603 2973 Ι
631 2903 709 2958 uillis
727 2904 770 2959 ill.
802 2903 869 2958 ullis
887 2903 1043 2958 redducit.

38 2975 90 3031 uvis
106 2977 194 3036 Borb.
215 2981 219 3046 l
238 2978 269 3032 in
287 2993 342 3048 epo.
361 2977 483 3032 orello.
556 2977 622 3030 iet
639 2993 657 3030 a.
674 2981 719 3030 do.
749 2978 778 3031 et
795 2993 817 3031 r.
890 2973 1044 3029 ddecooto

38 3051 81 3101 no.
106 3051 164 3106 teo
181 3067 226 3104 ro.
312 3047 482 3118 badditque
499 3047 607 3102 valed.
618 3047 676 3102 Get.
708 3046 837 3116 adsitque
855 3063 878 3101 r.
907 3045 1043 3114 offertque

38 3119 160 3176 aduena
169 3121 226 3177 θεῖ.
300 3127 316 3177 9
335 3121 442 3176 eburno
456 3119 576 3173 n¹s¹ed
598 3119 725 3174 Arverno
743 3136 767 3174 v.
785 3121 789 3187 Ι
806 3118 970 3186 Seeanoque
984 3118 1044 3172 edd.

39 3195 93 3246 aab
101 3192 190 3264 latqd.
218 3193 405 3262 Sequunoque
422 3193 462 3247 ed.
472 3191 564 3261 nequ.
584 3192 589 3260 Ι
609 3189 727 3246 Helvieo
745 3207 770 3245 o.
791 3195 795 3260 Ι
815 3191 877 3245 diet.
888 3189 964 3244 Detl.

40 3265 68 3313 10
83 3263 152 3319 haec
169 3265 242 3322 Detl.
270 3265 343 3320 hane
362 3265 390 3319 ll.
409 3279 498 3319 otuu.
515 3263 621 3332 totque
639 3262 710 3317 haee
728 3279 753 3317 o.
826 3267 859 3317 12
879 3259 1005 3315 continet
1017 3265 1045 3314 τ.

40 3337 109 3388 nent
125 3352 169 3390 ro.
241 3343 275 3392 13
293 3337 385 3392 lentas
404 3340 564 3405 coeptum
581 3335 697 3389 videtur.
771 3339 805 3388 14
820 3331 930 3387 delictis
942 3348 968 3386 o.
987 3331 1045 3386 del-

40 3402 71 3457 tis
84 3406 108 3462 ll.
182 3414 213 3464 15
233 3407 473 3479 oppugnationem
486 3411 529 3463 od.
547 3405 752 3476 tuederamo.
779 3405 814 3460 de
832 3421 855 3459 r.
872 3403 1002 3473 tratione
1020 3421 1045 3458 a.

103 3485 135 3534 17
152 3480 220 3535 trinit
236 3481 301 3552 ipssa
319 3499 343 3536 a.
434 3483 468 3534 ab
488 3477 605 3534 amineis
623 3477 797 3533 matidedi.
829 3475 888 3530 iam
904 3474 935 3529 in
951 3491 1003 3530 nos
1021 3479 1046 3528 u

42 3547 157 3605 annuos
174 3569 196 3608 r.
277 3558 311 3608 26
331 3551 464 3620 senioque
481 3549 682 3606 deodd.·Borb.
706 3548 765 3603 -nio
783 3562 895 3617 quoque
913 3546 972 3602 edd.
983 3551 1047 3600 ante

41 3617 118 3701 Burb.
140 3623 234 3694 mique
251 3631 300 3678 lto.
329 3623 445 3692 sineque
464 3641 489 3678 ι.
592 3627 627 3677 27
650 3619 795 3692 germania
811 3619 855 3674 θ’.
888 3617 976 3673 mina
994 3616 1044 3688 ⁸·l

41 3705 161 3749 minero.
188 3713 232 3750 -ra
248 3703 320 3751 neo.
348 3698 471 3751 morari.
580 3753 584 3761 ,
