2340 3934
150 148 192 212 98
497 147 525 202 C.
544 147 643 200 PLINI
658 145 819 200 'SECUNDI

150 317 246 378 ireque
266 298 428 378 quadrimis
447 299 577 358 minores
597 315 694 375 noque
709 295 891 356 decennibus
911 298 1034 368 nlaiores
1047 295 1138 373 legunt,

150 389 304 467 arcerique
333 394 493 466 utriumque
520 405 615 464 genus
643 385 679 446 ab
707 386 800 446 altero
828 393 950 446 narrant
977 385 1032 444 nisi
1055 387 1083 444 iu
1105 387 1137 442 in·

151 479 240 538 lautia
268 479 333 538 eius
361 479 480 556 generis
507 476 587 555 quod
613 479 694 536 ineat
719 475 797 536 lacte
821 475 936 536 hausto.
982 483 1139 553 quapropter

151 567 308 646 subreptos
336 565 432 646 pubes
460 567 490 626 in
518 565 651 642 tepebris
678 583 823 644 equarum
848 563 947 644 uberi,
980 565 1138 624 asinarumve

150 655 270 718 eculeos
300 657 462 716 admovent.
508 657 639 734 gignitur
669 662 769 714 autem
798 653 876 714 mula
906 660 936 714 et
963 671 999 713 ex
1025 671 1095 731 eqtio
1119 661 1158 711 eta

149 748 243 826 asina,
267 746 318 805 sed
342 747 464 805 effrenis
486 753 516 804 et
539 743 686 806 tarditatis
709 743 877 804 indomitae.
923 742 1021 804 lentae
1042 742 1140 800 omniuo

98 843 175 894 rrae
193 834 307 894 vetulis,
338 842 515 913 conceptum
538 853 575 894 ex
594 852 671 913 equo
695 839 821 894 secutus
840 833 914 892 asini
937 833 1035 892 coitus
1056 829 1142 892 abortu

148 925 282 1003 perimit,
313 941 372 982 non
399 925 472 983 item
500 925 574 983 asini
598 941 703 1001 equus.
748 923 873 982 feminas
901 929 1030 1000 apertu
1052 922 1141 1000 optime

149 1014 274 1091 septimo
305 1012 352 1072 die
382 1011 500 1091 impleri
529 1010 731 1092 observatum,
763 1029 861 1072 mares
890 1012 1029 1090 fatigatos
1057 1007 1145 1070 ineius

148 1100 280 1180 implere.
326 1119 401 1180 qitae
426 1120 484 1160 non
508 1104 593 1185 prius
621 1119 709 1180 quam
732 1101 837 1160 dentes
863 1119 937 1179 quos
960 1099 1088 1178 pullinos
1108 1117 1144 1176 ap-

147 1189 258 1270 pellant
281 1193 367 1252 iaciat
391 1192 563 1269 conceperit
591 1191 701 1250 sterilis
726 1189 920 1271 intellegitur,
949 1198 980 1250 et
1005 1205 1146 1268 quaeum

147 1282 243 1360 primo
275 1283 351 1340 initu
384 1297 527 1359 generare
565 1282 706 1358 coeperit.
758 1297 836 1359 equo
873 1287 902 1338 et
933 1280 1018 1339 asina
1049 1279 1147 1357 81111111

147 1388 245 1430 mares
273 1369 412 1429 hinnulos
442 1371 557 1448 antiqui
584 1368 740 1450 vocabant,
773 1377 934 1447 contraque
962 1367 1062 1428 mulos
1087 1383 1147 1446 quos

96 1465 146 1514 173
157 1461 232 1518 asini
255 1466 285 1518 et
303 1477 397 1537 equae
416 1466 602 1537 generarent.
636 1458 825 1520 observatum
847 1477 884 1518 ex
903 1457 1023 1518 duobus
1042 1458 1149 1517 diversis

147 1547 307 1625 generibus
331 1555 399 1608 nata
417 1549 498 1608 tertii
517 1550 636 1627 generis
654 1549 720 1608 fieri
742 1555 773 1608 et
790 1548 889 1609 neutri
907 1549 1079 1626 parentium
1097 1563 1149 1604 esse

147 1636 266 1718 similia,
299 1655 392 1716 eaque
421 1639 485 1716 ipsa
515 1655 590 1716 quae
620 1645 691 1698 sunt
719 1639 761 1698 ita
790 1645 858 1698 nata
889 1654 949 1696 non
980 1638 1102 1716 gignere
1128 1637 1150 1694 io

147 1728 228 1787 omni
251 1726 421 1786 animalium
444 1744 563 1809 genere,
585 1727 697 1787 idcirco
721 1726 815 1788 mulas
838 1744 898 1786 non
917 1743 1035 1804 parere.
1068 1733 1109 1786 est
1126 1725 1150 1782 iu

147 1815 337 1877 annalibus
365 1817 476 1876 nostris
503 1817 657 1896 peperisse
685 1833 786 1898 saepe,
818 1833 923 1876 verum
947 1815 1079 1894 prodigii
1099 1813 1151 1872 loco

146 1903 288 1966 habitum.
316 1905 588 1984 Theophrastus
611 1905 699 1984 vulgo
718 1923 823 1984 parere
846 1907 877 1964 in
897 1903 1085 1984 Cappadocia
1105 1911 1149 1962 tra·

146 1994 202 2075 dit,
226 1994 277 2054 sed
301 2013 367 2055 esse
390 1995 420 2056 id
444 1994 551 2056 animal
573 1993 615 2054 ibi
637 1997 685 2055 sui
708 1996 835 2072 generis.
872 1993 969 2054 mulae
992 1993 1153 2056 calcitratus

96 2091 146 2138 1⁷4
156 2082 309 2144 inhibetur
331 2085 392 2144 viui
415 2083 566 2144 crebriore
589 2092 671 2163 potu.
712 2085 743 2144 in
766 2083 923 2163 plurium
946 2082 1152 2144 Graecorum

146 2179 192 2232 est
215 2175 455 2234 monumentis
480 2191 553 2234 cum
575 2191 651 2252 equa
679 2172 753 2233 muli
776 2174 856 2234 coitu
884 2181 987 2234 natum
1012 2173 1094 2252 quod
1114 2188 1153 2230 ro

146 2263 278 2322 caverint
302 2264 443 2343 pinnum,
471 2262 502 2322 id
530 2269 576 2322 est
601 2279 726 2341 parvum
754 2261 875 2323 mulum.
922 2271 1106 2340 generantur
1126 2279 1155 2319 er

146 2368 221 2429 eqiia
244 2358 274 2412 et
297 2353 415 2431 onagris
438 2352 647 2412 mansuefactis
671 2351 768 2412 mulae
791 2351 908 2412 veloces
930 2354 961 2412 in
985 2369 1091 2432 cursu,
1111 2349 1154 2410 du·

144 2441 213 2500 ritia
227 2441 333 2501 eximia
346 2441 465 2522 pedum,
481 2459 586 2502 verum
599 2442 728 2520 strigoso
743 2459 878 2522 corpore,
896 2440 1044 2501 indomito
1059 2443 1155 2500 animo.

145 2529 197 2589 sed
227 2537 385 2609 generator
414 2547 525 2609 onagro
556 2537 586 2590 et
613 2531 695 2590 asina
722 2532 840 2609 genitus
870 2547 973 2590 omnes
1005 2529 1155 2590 antecellit.

144 2621 247 2698 onagri
265 2622 296 2680 iu
314 2619 441 2698 Phrygia
464 2627 495 2680 et
512 2617 658 2698 Lycaonia
676 2621 838 2699 praecipui.
865 2619 954 2698 pullis
976 2637 1087 2680 eorum
1110 2637 1155 2678 ceu

143 2708 363 2787 mactantibus
385 2725 496 2788 ,sapore
520 2707 618 2768 Africa
646 2708 799 2790 gloriatur,
830 2727 915 2788 quos
933 2707 1088 2770 lalisiones
1114 2727 1155 2785 ap·

93 2797 252 2876 1⁷5pellat.
295 2797 409 2858 mulum
432 2811 531 2858 Lxxx
554 2799 639 2857 annis
662 2799 770 2859 vixisse
794 2797 1072 2858 Atheniensium
1095 2815 1157 2857 mo-

144 2888 314 2960 nimentis
338 2893 468 2967 apparet.
498 2888 589 2966 gavisi
613 2905 754 2970 namque,
778 2905 847 2948 otim
870 2885 1015 2966 templum
1039 2889 1072 2947 iu
1097 2905 1156 2946 arce

214 3075 402 3132 bodmouenb
418 3076 460 3130 1².
488 3079 567 3132 -ueab
583 3094 607 3132 r.
630 3079 634 3146 Ι
659 3079 690 3132 eb
706 3077 779 3132 Detl.
798 3095 849 3132 om.
869 3079 896 3132 ll.
969 3075 1155 3132 delirenistt

144 3149 173 3201 et
194 3147 231 3202 fr-
253 3165 276 3202 r.
367 3155 423 3203 a?
446 3148 540 3205 lentae
563 3149 677 3204 omnino
700 3165 715 3204 e
738 3147 869 3220 eponae.
890 3151 942 3204 loc.
961 3165 993 3217 p.
1003 3153 1051 3204 98.
1086 3148 1157 3202 lenta

143 3219 238 3276 omnia
255 3221 361 3289 (omina
378 3221 405 3288 ι)
424 3236 484 3277 esse
504 3222 546 3289 (ee
564 3221 598 3288 a)
617 3221 645 3276 ll.
724 3220 919 3276 troitus—8
938 3236 1026 3288 equos
1044 3235 1099 3274 om.
1117 3219 1157 3270 13¹.

214 3291 311 3359 Sequi
323 3291 368 3346 12².
388 3308 449 3347 -uoa
465 3293 581 3360 (311111)
595 3309 619 3347 r.
669 3299 699 3346 11
720 3292 807 3348 iaciat
819 3309 844 3348 o.
863 3293 926 3346 -ant
937 3292 982 3345 κ’.
999 3291 1106 3348 incitat
1116 3289 1155 3342 11¹.

141 3360 254 3416 iactitat
270 3367 295 3416 d.
323 3361 465 3416 ienitate
527 3368 561 3415 14
580 3379 595 3416 e
613 3369 645 3416 11.
666 3366 671 3432 Ι
691 3363 808 3418 diuersis
827 3381 852 3418 c.
877 3381 950 3418 -sum
967 3379 991 3418 r.
1056 3367 1093 3416 15
1112 3377 1156 3414 na·

141 3432 205 3486 bura
222 3432 264 3486 Ρ.
344 3431 738 3500 1,oquae(a'nraa.)suntu.
766 3437 832 3490 sunt
849 3441 920 3504 quac
937 3451 960 3488 r.
1042 3439 1080 3490 23
1099 3433 1156 3502 gin·

141 3517 208 3556 num
228 3501 481 3558 umectabat.
500 3503 901 3574 h.ae.V124p.577B,21.
928 3505 1046 3567 bianum
1064 3509 1091 3558 a
1118 3505 1155 3556 in·

140 3587 209 3627 nam
225 3590 248 3625 r.
279 3575 283 3640 l
311 3589 443 3641 paruuma
466 3578 496 3626 u.
525 3589 587 3626 -uue
609 3575 672 3629 Ν.
702 3579 707 3642 Ι
735 3577 829 3632 medua
850 3577 915 3632 1³¹2.
942 3575 996 3632 -loa
1014 3578 1086 3630 W.

142 3645 178 3693 26
194 3645 342 3709 generator
360 3643 399 3696 ιι,
427 3645 486 3696 -at'o
503 3648 527 3695 B
544 3661 605 3698 cuer
623 3663 678 3702 ros.
697 3647 734 3708 112.
765 3649 769 3716 Ι
799 3649 952 3704 antecellet
967 3647 1088 3700 »1²¹ss
