2392 3946
104 235 108 246 .
176 177 244 242 404
526 179 555 235 C.
573 181 673 236 Ponti
692 179 850 236 suenum

176 327 299 407 Alpibus
322 330 456 406 proxima
484 347 556 390 uvas
583 329 647 390 sole
676 332 801 391 siccatas
830 330 913 389 iunci
940 329 1043 388 fasceis
1067 329 1162 389 insolvit

176 415 317 495 cadisque
344 417 478 478 conditas
505 436 597 499 gypso
624 417 759 480 includit.
810 417 868 478 boc
894 416 975 478 idem
1002 416 1098 478 Graeci
1120 417 1163 498 pla·

175 507 238 566 tani
261 505 339 566 foliis
362 515 414 568 aut
435 508 505 568 vitis
526 508 622 588 ipsius
645 514 697 568 aut
719 507 768 568 lici
791 525 852 568 uno
880 505 928 567 die
950 507 983 566 in
1004 505 1103 568 umbra
1124 509 1165 566 sic-

176 596 251 656 catis
273 601 362 674 atque
384 596 416 656 in
440 596 513 657 cado
535 597 666 657 vinaceis
688 597 884 677 interpositis,
920 613 980 675 quo
1003 613 1104 676 genere
1123 593 1166 657 Gor

175 701 232 744 uva
259 691 290 744 ct
316 682 435 764 berytia
463 692 633 766 serrantur,
665 685 778 746 nullius
809 687 946 746 suavitati
977 685 1184 764 postferendos

123 781 156 830 67
176 771 309 854 quidam,
336 781 371 834 ut
393 773 447 834 has
470 773 591 856 faciant,
619 777 651 835 in
673 777 775 835 cinere
801 773 891 834 lixivo
913 776 1033 854 tingunt
1057 777 1169 854 prolium

92 904 95 911 -
176 879 266 942 mam
288 861 445 924 detraxere
468 861 588 944 vitibus,
610 881 679 923 rnox
702 865 734 923 in
757 863 819 923 sole
833 861 958 924 'siccant
979 865 1169 943 passasquciu

175 967 252 1030 aqua
270 949 364 1011 calida
387 959 527 1032 mergunt
550 959 581 1013 et
602 953 714 1013 iterum
736 951 799 1012 sole
823 954 946 1035 siccant,
961 959 1035 1013 *tum
1052 941 1129 1030 foliis,
1146 961 1170 1010 ut

135 1054 162 1094 cc
176 1055 268 1118 supra
297 1039 411 1101 dictum
441 1047 500 1122 est,
532 1039 679 1102 involutas
709 1042 839 1102 vinaceis
871 1042 992 1121 stipant.
1045 1042 1170 1118 suntqui

174 1127 289 1189 malunt
315 1146 387 1190 uvas
414 1131 445 1189 in
473 1128 563 1190 scobe
591 1131 773 1192 ramentisve·
798 1129 917 1212 abietis,
944 1129 1061 1211 populi,
1087 1130 1190 1190 barinit

174 1235 303 1280 serrare.
349 1225 421 1278 sunt
442 1220 494 1297 qui
521 1219 665 1300 suspendi
691 1219 798 1299 procul
825 1217 910 1279 malis
937 1221 1128 1299 protinusque
1149 1217 1171 1277 iu

174 1308 320 1386 granariis
346 1307 482 1390 iubeant,
509 1310 650 1388 quoniam
677 1309 789 1388 optime
817 1309 857 1368 sit
876 1310 1072 1388 ‘operimento
1096 1306 1171 1387 pubis

173 1394 347 1476 pensilibus
398 1405 501 1458 contra
528 1415 634 1477 vespas
662 1396 795 1458 remedio
823 1403 870 1457 est
897 1397 963 1458 oleo
994 1398 1125 1478 adspergi
1146 1413 1171 1456 cr

121 1497 188 1551 1³‚89
202 1503 263 1547 ore.
309 1485 345 1546 de
368 1486 474 1565 palmis
497 1486 634 1548 diximus.

122 1581 156 1632 68
245 1567 303 1637 18.
327 1568 402 1657 (19)
429 1573 453 1634 E
472 1574 589 1654 reliquo
607 1593 718 1655 genere
736 1593 895 1654 pomorum
913 1575 992 1636 ficus
1016 1575 1187 1656 amplissima

175 1669 230 1745 est,
244 1662 448 1742 quaedamque
463 1671 493 1724 et
506 1665 580 1743 piris
595 1663 797 1744 magnitudine
812 1663 953 1724 aemulae.
984 1665 1023 1725 de
1037 1665 1172 1744 Aegyptiae

120 1747 185 1850 {³42}
193 1751 376 1832 Cypriaeque
391 1752 542 1813 miraculis
556 1752 714 1814 retulimus
727 1755 808 1813 inter
826 1759 974 1814 externas.
1003 1753 1090 1814 idaea
1105 1750 1171 1812 rubet

178 1840 271 1902 olivae
290 1841 502 1922 magnitudine,
521 1841 678 1902 rotundior
700 1849 826 1922 tantum,
849 1859 954 1922 sapore
975 1843 1102 1922 mespili.
1125 1840 1172 1900 lle·

172 1929 347 1992 nandrinam
364 1931 441 1992 hanc
459 1929 502 1991 ibi
523 1939 639 2013 vocant,
662 1930 860 1992 crassitudine
881 1929 1018 2014 cubitali,
1040 1947 1172 2004 ramesen,

174 2022 297 2082 materie
325 2020 462 2101 validam,
489 2019 614 2102 lentam,
641 2021 705 2080 sine
732 2019 823 2101 lacte,
851 2021 964 2080 cortice
996 2019 1098 2102 viridi,
1122 2018 1189 2080 folo:

172 2108 262 2192 tiliae,
286 2109 339 2170 sed
357 2108 454 2176 molli„
483 2107 717 2170 Onesicritus
735 2107 827 2169 tradit
844 2109 877 2168 in
895 2107 1048 2188 Hyrcania
1069 2107 1172 2170 multon

172 2200 285 2260 nostris
303 2215 369 2258 esse
384 2197 533 2260 dulciores
547 2196 777 2278 fertilioresque,
796 2204 830 2258 ut
848 2216 924 2276 quae
943 2198 1064 2260 modios
1078 2210 1173 2260 ccum

121 2293 155 2342 oo
175 2286 308 2366 singulae
332 2287 437 2348 ferant.
479 2286 515 2347 ad
538 2303 594 2347 nos
617 2304 654 2347 ex
677 2286 742 2347 aliis
764 2289 912 2348 transiere
935 2287 1088 2368 gentibus,
1110 2284 1173 2347 Chal-

174 2375 254 2457 cide,
284 2374 371 2456 chre,
401 2392 528 2454 quarm
554 2373 641 2454 plura
669 2393 788 2455 genera.
840 2375 990 2455 siquidem
1019 2385 1052 2437 et
1078 2374 1174 2456 lydiae,

173 2482 249 2544 quae
272 2472 343 2526 sunt
364 2480 548 2544 purpureae,
575 2471 606 2524 et
628 2464 811 2526 mamillanae
836 2464 1066 2526 similitudinem
1092 2480 1174 2524 eamn

171 2553 291 2635 habent,
314 2560 345 2614 et
363 2552 576 2616 callistruthiae
598 2555 708 2632 partim
731 2572 837 2635 sapore
854 2557 1102 2636 praestantiores,
1121 2553 1173 2612 lico·

172 2661 240 2704 rum
262 2645 396 2704 omnium
418 2641 635 2722 frigidissimae.
675 2660 745 2704 nam
767 2643 804 2705 de
827 2643 985 2724 Africanis,
1007 2661 1086 2724 quas
1108 2640 1173 2702 malti

241 2819 258 2868 5
278 2815 424 2868 seruantur
442 2818 488 2868 de.
516 2815 592 2868 -otur
609 2831 632 2868 r.
741 2820 991 2886 'ipsassusque-8
1011 2814 1137 2884 sicfomnt
1150 2811 1174 2863 n*

155 2885 232 2940 ,sut
251 2901 302 2940 om.
316 2901 361 2940 ro.
386 2887 391 2954 Ι
415 2883 558 2940 tumme.
588 2890 716 2940 eumad.
744 2902 852 2942 cuma
951 2891 986 2941 10
1003 2885 1116 2941 malunt
1130 2885 1172 2939 lic

171 2956 237 3012 -lint
248 2956 321 3012 Detl.
336 2972 398 3010 caua
411 2955 504 3011 Fciam
515 2973 545 3025 p.
554 2961 601 3012 18.
619 2955 665 3012 sed
678 2957 730 3024 cfr.
743 2973 805 3014 ooo.
820 2958 872 3012 lue.
885 2961 960 3026 12.ss
973 2973 1002 3011 o.
1011 2962 1061 3012 16.
1078 2959 1083 3027 Ι
1097 2957 1125 3010 in
1136 2969 1173 3010 ou.

171 3027 264 3084 Hasd.
288 3027 294 3096 Ι
320 3029 404 3083 scobe
422 3044 447 3082 v.
475 3027 573 3083 scrobe
591 3025 678 3082 tt'sd.
711 3043 777 3083 -oue
795 3029 839 3083 n1.
871 3044 970 3083 acrone
990 3045 1010 3082 o.
1039 3031 1044 3096 Ι
1071 3042 1174 3082 carmen

169 3099 242 3154 tisue
260 3103 285 3155 d
307 3100 311 3166 Ι
332 3098 448 3154 abiectis
466 3099 504 3153 (1¹.
613 3104 646 3154 11
665 3099 715 3168 qui
733 3116 784 3154 om.
798 3106 848 3156 lto.
957 3104 991 3154 12
1008 3098 1126 3154 iubeant
1140 3102 1172 3172 tr,

170 3170 251 3226 -bant
268 3177 318 3224 Ite.
346 3171 426 3225 -bent
443 3189 467 3225 o.
493 3171 497 3238 Ι
523 3169 560 3224 sit
578 3170 753 3240 operimento
766 3186 791 3226 c.
821 3171 861 3226 sic
880 3169 1068 3241 experimenti
1086 3169 1174 3240 (aiem

170 3243 242 3323 9)]ῑ.
315 3247 348 3296 16
368 3239 479 3352 oemulp
498 3241 716 3298 neutralibet.
744 3242 783 3297 ·le
801 3249 852 3298 lte.
879 3242 920 3296 -lo
937 3258 985 3296 oo.
1067 3248 1099 3296 19
1117 3241 1172 3320 bant

169 3311 286 3366 1b1ll.o.
314 3329 353 3367 aa
367 3312 466 3380 aliqui.
493 3314 624 3380 tramosa
638 3311 703 3366 Νι.
726 3359 730 3366 .
775 3312 1110 3369 consummemur.
1130 3323 1171 3362 -wt

169 3398 192 3435 r.
212 3381 314 3436 om.d¹.
343 3382 384 3436 -ia
401 3383 601 3452 eddanteGel.
685 3389 720 3439 22
738 3385 771 3439 ub
787 3401 861 3454 quae
879 3383 1013 3440 oodfitl.
1043 3387 1127 3454 utque
1142 3387 1172 3433 bt

169 3451 227 3504 edd.
238 3457 301 3506 atate
309 3450 365 3507 aet.
394 3454 478 3520 atque
492 3469 516 3506 a.
590 3459 633 3509 23.
643 3460 688 3510 24·
696 3455 824 3510 chalcide
838 3455 902 3512 chio
915 3455 1086 3511 dcodd.Gel.
1111 3451 1169 3508 chal-

169 3519 275 3575 cidccio
294 3537 317 3574 r.
346 3521 524 3578 Chalcidicae
534 3525 594 3580 edd.
604 3530 668 3581 ante
678 3525 735 3581 (aar.
836 3534 871 3583 26
889 3527 993 3598 partim
1009 3526 1169 3582 meddam!

168 3587 255 3642 Barb.
283 3607 382 3658 parram
400 3593 601 3650 aeouanaro.
633 3596 730 3652 lortim
746 3597 791 3652 1³¹.
822 3597 920 3653 fartim
938 3615 962 3654 r.
993 3597 1073 3652 haud
1089 3609 1166 3667 parum

169 3658 316 3712 coetbat.
336 3661 386 3726 cfr.
407 3662 464 3716 Uri.
478 3665 553 3720 efod.
568 3683 595 3720 a.
611 3671 677 3722 245,
750 3675 785 3723 27
804 3671 877 3738 quas
893 3673 940 3725 do.
967 3685 1053 3738 quam
1070 3684 1093 3722 r.
