2340 3934
174 193 217 258 62
521 187 551 244 C.
569 187 668 242 PLINI
687 185 845 242 SECUNDI

174 342 292 406 habeut.
337 341 449 421 palmas
472 339 651 399 excelsiores
674 337 773 397 fronte
796 343 1007 416 prosternunt,
1039 339 1168 413 atquem

174 433 335 492 iacentium
365 430 525 491 absumunt
552 429 692 488 fructum.
742 426 887 487 mandunt
916 444 982 506 ore,
1021 427 1160 504 spirante

164 520 281 588 ¹bibunt
304 520 526 598 odoranturque
548 517 628 576 haud
651 519 804 597 inproprie
828 514 972 595 appellata
995 533 1093 576 manu.
1124 519 1160 574 ani

175 609 295 670 malium
318 611 443 670 maxime
466 607 556 668 odere
575 625 705 686 murem,
728 613 759 665 et
777 608 803 666 si
820 605 963 685 pabulum
986 608 1019 664 in
1037 607 1156 684 praesepi

174 701 305 778 positum
335 701 439 777 attingi
468 697 505 757 ab
537 715 572 756 eo
601 696 715 776 videre,
748 696 911 756 fastidiunt.
965 697 1156 754 cruciatumi

175 795 248 867 potu
266 790 426 848 maximum
445 789 578 847 sentiunt
591 786 695 845 hausta
709 785 857 866 hirudine‚
876 803 966 864 quam
985 785 1168 864 sanguisugae

174 877 262 955 vulgo
286 880 420 956 coepisse
444 875 585 956 appellari
603 875 732 934 adverto.
767 874 840 935 baec
864 873 916 935 ubi
938 877 971 934 in
990 877 1059 954 ipso
1081 877 1158 933 anima

123 979 157 1024 30
176 965 270 1026 canali
288 985 320 1025 se
339 967 411 1046 fixit,
429 965 614 1026 intolerando
633 964 733 1024 adlicit
751 963 861 1024 dolore.
890 964 1086 1024 durissimum
1104 964 1157 1022 dor:

175 1062 291 1137 tergus,
313 1057 411 1115 ventri
433 1054 534 1134 molle,
558 1062 706 1114 saetarum
729 1053 845 1114 nullum
868 1055 1081 1134 tegimentum,
1101 1072 1133 1112 ue
1151 1055 1158 1110 i

177 1145 269 1204 cauda
292 1145 412 1223 quidem
435 1144 616 1224 praesidium
643 1143 787 1222 abigendo
811 1143 908 1204 taedio
935 1161 1120 1223 muscarum,

177 1252 302 1312 namque
326 1235 357 1294 id
380 1241 410 1294 et
428 1241 509 1294 tanta
527 1235 647 1293 vastitas
670 1235 774 1314 sentit,
794 1233 908 1293 -sed
931 1233 1095 1293 cancellata
1116 1235 1169 1292 euti

177 1330 207 1382 et
229 1325 356 1384 invitans
378 1323 408 1382 id
431 1341 525 1402 genus
549 1321 719 1382 animalium
742 1323 842 1382 odore.
893 1341 965 1402 ergo
989 1342 1063 1382 eum
1084 1331 1167 1382 extent

176 1430 317 1492 recepere
341 1415 487 1493 examina,
511 1413 612 1472 artatis
635 1414 667 1472 in
690 1429 780 1490 rugas
802 1419 926 1492 repente
949 1412 1095 1472 cancellis
1115 1431 1166 1471 mn

175 1501 338 1580 prehensas
369 1509 502 1562 enecant.
555 1500 612 1561 hoc
639 1503 677 1560 iis
703 1520 758 1580 pro
789 1501 894 1582 cauda,
926 1501 1013 1584 iuba,
1047 1501 1112 1561 villo
1136 1511 1168 1560 est

123 1601 156 1648 31
176 1590 315 1652 dentibus
342 1593 448 1670 ingens
469 1593 601 1670 pretium
629 1597 659 1650 et
684 1591 809 1651 deorum
836 1591 1005 1652 simulacris
1034 1591 1164 1652 lautissiu

177 1697 214 1739 ex
235 1681 283 1740 his
306 1682 436 1740 materia.
469 1681 581 1740 invenit
603 1679 721 1740 luxuria
744 1681 1037 1742 commendationem
1061 1689 1091 1742 et
1110 1681 1155 1740 alia

177 1772 300 1849 expetiti
322 1771 353 1830 in
372 1769 445 1830 callo
468 1787 573 1830 manus
594 1771 717 1850 saporis
740 1769 819 1831 haud
838 1770 893 1830 alia
916 1771 953 1830 de
972 1789 1078 1852 eausa,
1098 1769 1156 1830 cred

177 1876 265 1936 quam
289 1861 357 1938 quia
379 1861 478 1938 ipsum
502 1858 577 1919 ebur
600 1858 657 1919 sibi
684 1859 825 1920 mandere
849 1859 975 1920 videtur.
1025 1864 1169 1940 magnius

177 1947 311 2010 dentium
333 1947 450 2008 ridetur
474 1948 594 2027 quidem
616 1951 648 2008 in
671 1948 789 2029 templis
810 1951 984 2030 praecipua,
1021 1951 1077 2010 sed
1099 1959 1161 2010 tame

175 2039 207 2096 in
231 2040 371 2098 extremis
394 2037 524 2118 Africae,
550 2055 608 2116 qua
630 2039 755 2098 confinis
778 2039 950 2118 Aethiopiae
974 2047 1039 2121 est,
1068 2043 1169 2119 postio

176 2127 271 2187 vicem
294 2129 325 2187 in
343 2127 500 2188 domiciliis
517 2126 675 2209 praebere,
699 2146 862 2208 saepesque
880 2131 912 2188 in
929 2129 977 2188 his
1001 2138 1036 2190 et
1055 2147 1166 2209 pecore

177 2215 299 2277 stabulis
326 2235 381 2296 pro
408 2216 483 2296 palis
511 2214 736 2296 elephantorum
764 2217 902 2278 dentibus
929 2219 995 2278 fieri
1026 2219 1163 2299 Polybio

177 2305 298 2366 tradidit
320 2314 441 2367 auctore
465 2305 575 2366 Gulusa
599 2306 710 2386 regulo.
753 2345 757 2349 -

124 2403 157 2450 32
246 2389 298 2456 ll.
322 2389 396 2478 (11)
426 2395 606 2474 Elephantos
629 2396 689 2456 fert
711 2396 810 2456 Africa
833 2395 911 2457 ultra
935 2396 1074 2476 Syrticae
1097 2399 1169 2459 solie

133 2499 158 2536 2⁶
177 2483 261 2544 dines
289 2493 319 2544 et
345 2487 377 2545 in
404 2484 596 2566 Mauretania,
629 2485 731 2546 ierunt
757 2485 917 2566 Aethiopes
944 2494 974 2546 et
997 2487 1159 2568 Trogodyta

176 2581 211 2634 ut
238 2575 350 2636 dictum
378 2581 436 2654 est,
469 2572 521 2634 sed
548 2576 690 2635 maximos
718 2573 801 2636 ludia
828 2574 1036 2654 bellantesque
1067 2597 1130 2638 eum
1153 2579 1167 2590 “”

176 2674 321 2744 perpetua
344 2664 491 2726 discordia
520 2663 664 2725 dracones
692 2672 790 2725 tantae
819 2665 1034 2744 magnitudinis
1064 2675 1095 2728 et
1115 2670 1153 2745 ips

177 2761 211 2814 ut
234 2754 437 2833 circumplexu
460 2752 538 2814 facili
561 2752 691 2814 ambiant
713 2773 852 2834 nexuque
875 2754 944 2814 nodi
962 2760 1162 2835 praestringan

178 2846 371 2904 commoritur
390 2863 423 2904 ea
443 2842 640 2924 dimicatione,
661 2845 817 2924 victusque
837 2862 984 2906 conruens
1003 2847 1156 2926 complexu

177 2931 259 2992 elidit
282 2932 422 3012 pondere.

176 3127 388 3137 v-0-1——amw--m

246 3273 262 3321 2
287 3267 438 3322 adsumunt
459 3273 536 3320 ure.
628 3272 661 3320 12
686 3267 792 3322 extenti
810 3267 952 3322 Beidliu
970 3284 1026 3322 ros.
1057 3269 1161 3323 exiret

176 3339 294 3396 exirenti
311 3357 334 3394 r.
418 3345 450 3394 13
474 3353 591 3408 coepere
615 3337 657 3392 Ρ.
739 3343 774 3394 14
796 3339 863 3394 iuna.
880 3339 910 3394 ui
926 3339 977 3394 illo
994 3344 1027 3393 B.
1062 3341 1159 3394 inuam

176 3416 224 3466 du.
304 3418 338 3466 22
361 3410 475 3482 peliolis
492 3409 672 3479 Riiupelu's
690 3427 734 3464 re.
814 3417 852 3466 24
870 3409 971 3466 siuicas
987 3417 1018 3465 B.
1103 3415 1166 3464 niu

174 3483 300 3538 weit.
322 3483 353 3538 in
370 3501 393 3538 r.
413 3483 418 3551 Ι
438 3481 516 3536 facili
534 3498 595 3536 mou
612 3477 860 3538 rae.1²²e⁹d‘1iob.
883 3482 991 3538 faciunt
1007 3499 1030 3537 r.
1054 3481 1169 3538 fecillim

175 3555 245 3608 coni.
263 3571 310 3624 epo
329 3556 381 3610 luc.
399 3571 427 3624 p.
437 3559 502 3610 120.
581 3558 615 3606 29
634 3567 668 3606 ea
686 3570 737 3608 om.
755 3554 800 3608 Β).
825 3555 830 3624 Ι
855 3555 1054 3610 commoritura
1070 3553 1160 3608 3212,

176 3624 226 3676 -rii
242 3641 277 3678 eo
295 3625 332 3680 e¹.
367 3629 371 3696 1
405 3625 585 3680 dimicatione
609 3623 879 3682 Url.oiud.u.171.
908 3627 978 3682 -aiio
996 3643 1036 3680 ue·
1052 3626 1091 3680 α’.
1119 3623 1161 3678 -no'

175 3695 305 3748 ΜΒΨ.
334 3697 535 3752 addimicantes
553 3697 597 3750 3¹.
628 3697 632 3764 l
661 3697 808 3766 uictosque
825 3699 956 3752 Μ’Βαῑ.
