2364 3930
188 157 253 224 130
359 197 364 200 .
531 155 558 208 c.
578 151 679 208 rnnu
698 117 855 208 suenum

170 297 260 370 ¹num
283 309 367 368 nosci
389 305 571 366 uberrimam
599 322 664 364 esse
689 311 841 382 capturam
869 301 930 362 sole
953 309 1102 362 transeunte
1124 305 1151 380 pi·

177 399 284 458 ‘scium
307 399 432 475 signum.
740 387 742 389 ’

134 495 168 546 22
255 482 312 548 20.
337 479 411 570 (36)
434 484 617 544 Marinorum
635 481 684 542 alii
703 489 773 542 sunt
791 481 879 561 plani,
901 487 936 540 ut
954 479 1068 562 rhombi,
1087 480 1153 540 soleae

188 593 221 636 ac
244 593 396 656 passeres,
423 576 475 654 qui
497 571 533 632 ab
557 570 690 632 rhombis
714 573 773 632 situ
796 576 912 630 tantum
935 587 1081 648 corporum
1099 568 1153 628 dille·

188 673 273 745 runt,
296 665 401 725 dexter
422 661 471 723 hic
495 663 675 741 resupinatis
699 668 747 720 est
767 659 838 742 illis,
861 661 975 738 passeri
997 657 1091 718 laevus.
1125 659 1155 718 alii

187 753 277 836 longi,
299 761 334 814 ut
355 770 489 832 murena,
513 769 631 830 conger.

136 855 168 902 73
256 836 329 924 (37)
353 841 426 902 Item
444 843 603 920 pinnarum
622 857 741 918 quoque
760 839 836 898 fiunt
854 837 1032 918 discrimina,
1052 855 1112 914 quae
1126 856 1156 914 pe·

188 932 260 992 dum
282 933 345 991 vice
366 938 437 991 sunt
455 930 539 991 datae
558 927 700 1009 piscibus,
723 927 812 988 nullis
827 945 917 1006 supra
931 933 1087 1006 quaternas,
1106 923 1156 1002 [qni-

187 1021 313 1081 busdam
335 1017 461 1101 ternae]
486 1018 662 1099 quibusdam
685 1015 786 1098 binae,
809 1015 915 1095 aliquis
937 1015 1042 1076 nullae.
1081 1017 1106 1074 in
1122 1013 1157 1072 lo·

153 1137 157 1143 ⁴
189 1113 255 1170 eino
270 1117 385 1170 tantum
404 1109 471 1170 lacu
489 1109 580 1188 piscis
599 1113 646 1167 est
668 1107 719 1186 qui
737 1107 853 1166 octonis
867 1107 967 1185 pinnis
982 1111 1065 1165 natat.
1101 1103 1158 1162 binae

188 1201 309 1261 omnino
332 1197 428 1277 longis
457 1205 486 1258 et
508 1196 645 1276 lubricis,
673 1203 707 1256 ut
730 1193 866 1274 anguillis
890 1203 921 1256 et
943 1196 1070 1274 congris,
1093 1191 1159 1252 nullae

190 1286 250 1366 [ut]
274 1289 421 1368 menenio,
444 1285 553 1366 quibus
572 1304 627 1346 nec
646 1283 814 1346 branchiae.
851 1284 924 1344 baec
947 1285 1044 1344 omnia
1063 1282 1159 1342 flexuoso

189 1395 349 1456 corporum
367 1374 487 1456 inpulsu
501 1377 543 1436 ita
556 1377 631 1436 mari
645 1381 772 1436 utuntur
786 1380 820 1434 ut
834 1381 991 1453 serpentes
1006 1380 1090 1452 terra,
1108 1381 1129 1430 et
1152 1392 1156 1425 ι

189 1469 268 1527 sicco
292 1483 411 1545 qnoque
434 1471 553 1545 repunt,
575 1465 642 1524 ideo
663 1465 751 1524 etiam
773 1465 919 1523 vivaciora
937 1462 1014 1523 talia.
1052 1469 1078 1522 et
1096 1460 1159 1538 epla·

188 1558 235 1618 nis
258 1555 355 1634 aliqua
378 1571 438 1614 non
460 1552 572 1614 habent
589 1555 703 1634 pinnas,
726 1561 761 1612 ut
782 1555 949 1632 pastinacae
974 1585 1017 1594 -
1039 1553 1095 1631 ipsa
1109 1549 1151 1609 en'·

188 1644 343 1705 latitudine
367 1651 471 1704 natant
494 1675 535 1684 -—
560 1651 590 1703 et
611 1661 686 1722 quae
705 1640 803 1702 mollia
822 1641 1017 1722 appellantur,
1039 1649 1070 1701 ut
1087 1639 1156 1719 polypi

189 1735 329 1813 qrroniam
351 1733 443 1812 pedes
466 1731 524 1792 illis
547 1734 705 1811 pinnarum
728 1733 823 1792 vicem
845 1738 1007 1810 praestant.

137 1832 170 1882 74
257 1817 315 1885 21.
340 1815 415 1905 (38)
447 1821 600 1900 Anguillae
627 1823 743 1882 octonis
771 1822 873 1880 vivunt
899 1821 994 1882 annis.
1039 1819 1127 1880 durant
1143 1835 1160 1874 e

189 1915 253 1974 sine
277 1931 352 1991 aqna
375 1919 405 1972 et
428 1913 508 1972 senis
532 1910 636 1972 diebus
664 1909 801 1988 aquilone
832 1911 977 1990 spirante,
1008 1916 1099 1970 austro
1116 1921 1154 1984 pau

189 2000 329 2062 cioribns,
376 2008 405 2060 at
427 2000 555 2061 hiemem
574 1999 694 2060 eaedem
717 2001 749 2059 in
768 2001 872 2078 exigua
895 2017 970 2078 aqua
997 2017 1055 2059 non
1071 1995 1160 2056 toleru

189 2109 286 2170 neque
310 2091 340 2151 in
364 2088 492 2150 turbida.
537 2089 604 2149 ideo
633 2091 712 2149 cirea
734 2087 871 2167 vergilias
894 2091 1020 2148 maxime
1044 2087 1160 2166 capiunt=

189 2177 362 2240 fluminibus
393 2186 458 2239 tum
487 2181 647 2259 praecipue
677 2177 814 2238 turbidis
861 2186 1027 2256 pascuntur
1055 2173 1158 2236 noctibus

190 2271 339 2328 exanimes
362 2269 490 2347 piscium
513 2267 592 2328 solae
615 2285 676 2326 non
698 2265 824 2326 lluitant.

138 2365 171 2414 75
258 2352 315 2419 22.
339 2356 435 2418 Lacus
458 2364 505 2418 est
527 2355 625 2417 ltaliae
645 2355 780 2416 Benacus
803 2357 835 2416 in
853 2353 1018 2416 Veronensi
1040 2351 1143 2434 agrolli

77 2460 82 2480 ¹
117 2496 120 2502 .
190 2450 269 2508 cium
288 2464 405 2507 amnem
423 2448 600 2527 tramittens,
622 2446 658 2506 ad
681 2448 768 2506 cuins
787 2463 923 2506 emersus
942 2463 1040 2507 annuo
1058 2453 1158 2520 tempore

190 2535 312 2597 Octobri
335 2537 398 2596 lere
421 2553 541 2618 mense,
565 2535 727 2598 autumnali
750 2535 862 2616 sidere,
885 2543 918 2596 ut
940 2534 1035 2614 palam
1058 2540 1108 2614 est,
1124 2529 1152 2587 hi

260 2725 464 2796 bresupinatis
483 2731 560 2781 Ha.
589 2728 646 2778 -tus
664 2742 686 2779 r.
778 2725 911 2794 econgir
928 2743 952 2778 ι.
984 2724 1056 2795 -geri
1072 2727 1112 2775 22.

190 2804 204 2852 'I
224 2797 293 2852 item
311 2813 366 2867 epo.
394 2797 458 2852 ideo
476 2803 555 2851 nno.
580 2797 664 2908 ideop
682 2815 707 2850 a.
732 2795 848 2866 ideopro
867 2795 909 2850 1¹.
934 2795 1015 2907 Deip]
1031 2799 1054 2849 d.
1079 2791 1134 2846 Dein

189 2885 228 2922 aa
245 2883 405 2936 murenae,
425 2867 538 2938 congri.
566 2867 649 2922 Dein.
748 2869 933 2936 8quaternas
951 2871 1041 2936 d(.)o.
1067 2865 1144 2934 quattu

188 2938 260 2992 ΒΨ
277 2956 327 2994 om.
346 2957 368 2994 r.
448 2945 464 2994 8
483 2939 651 3009 quibusdam
670 2941 764 2994 ternae
782 2938 862 2993 W.
890 2938 1024 3008 quasdam
1041 2929 1159 2992 tormer

190 3011 303 3078 quidem
321 3012 419 3066 ternae
437 3029 461 3066 r.
480 3027 531 3066 om.
550 3016 575 3065 d.
644 3026 687 3065 cos
700 3013 787 3080 pessel
805 3027 866 3066 cum
883 3011 974 3066 Hard.
994 3011 1051 3065 coll.
1066 3007 1135 3062 Iret

189 3099 215 3136 a.
230 3083 252 3136 I
260 3087 277 3136 5
286 3099 318 3151 p.
328 3083 426 3150 48913,
435 3087 473 3140 24
482 3099 520 3152 sq.
538 3083 542 3152 l
558 3081 606 3151 qui
625 3081 724 3138 oudam
734 3081 793 3136 add.
822 3082 922 3150 qmbus
937 3098 1007 3150 quac
1022 3076 1157 3152 (quantit

263 3160 293 3208 11
313 3155 343 3208 cb
359 3153 475 3210 lubricis
488 3155 604 3225 Aloyoo.
619 3171 664 3222 ap.
679 3153 789 3209 Gesner.
803 3155 864 3208 bist.
879 3171 924 3208 aa.
939 3158 965 3220 4,
979 3157 1040 3208 591.
1062 3153 1091 3206 ut
1101 3149 1142 3202 lom

190 3225 289 3294 (lomb-
307 3225 353 3295 121)
373 3227 401 3281 ll.
488 3231 521 3280 12
540 3240 625 3280 oecos
638 3241 685 3294 epo
695 3227 787 3294 posci.
808 3243 847 3280 ao
855 3227 952 3294 potios
964 3224 1026 3280 aliis
1039 3222 1119 3277 nullae
1129 3226 1155 3268 m.

188 3298 238 3363 cfr.
258 3297 345 3351 Arist.
366 3299 383 3350 l.
403 3299 421 3351 l.
477 3303 510 3351 13
529 3299 604 3351 terra
624 3297 653 3350 eb
670 3297 743 3350 Dete.
768 3313 827 3351 rae
846 3298 873 3351 ll.
936 3302 968 3351 15
987 3292 1121 3366 aliquando
1133 3286 1156 3338 Ρ

261 3373 293 3421 19
313 3367 386 3421 senis
405 3373 451 3422 dv.
480 3369 509 3422 eb
527 3368 600 3420 senis
618 3385 641 3422 r.
678 3383 717 3422 an
735 3369 837 3423 wcidit
854 3367 967 3437 quinis?
1002 3357 1159 3435 cummi-

188 3455 214 3492 o.
235 3441 308 3490 VIII
316 3443 337 3494 2
346 3455 378 3506 p.
389 3443 447 3494 592
453 3439 532 3504 A,14
550 3439 654 3506 ἡμέρας
668 3441 714 3492 καὶ
727 3441 811 3495 πέντε
826 3441 870 3494 καὶ
884 3441 921 3496 ἕξ.
984 3445 1017 3494 20
1033 3437 1133 3493 hiemem
1145 3445 1159 3480 r·

184 3523 262 3560 -eme
281 3509 308 3562 ll.
335 3511 394 3563 coll.
409 3511 497 3562 Arist.
512 3509 530 3562 l.
545 3509 562 3564 l.
577 3526 601 3564 e.
615 3515 653 3564 16
667 3515 742 3566 et19
756 3513 931 3566 staturatdaom
944 3512 996 3566 crit
1008 3515 1054 3566 aot
1066 3503 1160 3562 excid*

188 3577 284 3644 aitqua
298 3585 348 3632 aot
359 3595 412 3646 pro
426 3579 519 3634 hieme
536 3581 709 3636 scribendum
725 3599 779 3636 esse
794 3583 888 3637 vivere
907 3585 948 3638 vel
961 3583 1013 3638 tole
1024 3580 1090 3651 qvid.
1103 3579 1107 3641 l
1119 3585 1159 3625 ΕΜ·

188 3643 250 3698 dem
270 3663 293 3701 o.
322 3649 387 3702 ead·
406 3651 433 3704 ll.
507 3655 540 3704 21
559 3665 611 3704 nee
629 3656 660 3704 a.
695 3653 699 3719 Ι
733 3652 862 3723 uirgilias
880 3659 934 3709 nd.
