2478 3936
438 181 646 236 PRAEFATIO
998 203 1047 251 xv

41 335 125 407 tabat,
147 334 179 393 in
196 333 301 410 plures
325 336 356 393 et
379 334 514 393 minores
537 335 641 409 partes
665 332 761 392 divisi.
799 333 878 409 quod
896 336 931 392 ut
948 333 1050 410 legen·

41 426 108 484 tium
130 422 278 484 commodi
299 439 392 482 causa
413 422 485 497 feci,
512 421 558 482 ite
579 421 685 482 eodem
707 422 832 504 consilio
860 425 1049 483 auctorum

41 534 56 573 a
73 513 163 572 Plinio
185 513 302 588 passim
325 512 491 572 allatorum
512 511 658 570 nomina
680 512 762 588 typis
780 513 873 572 latius
892 511 1049 588 dispositis

40 601 225 664 describenda
253 601 371 675 curavi,
402 620 461 678 quo
484 601 603 660 facilius
632 601 748 678 siquis
776 605 935 678 quaereret
962 603 1049 662 oculo

39 693 153 770 paginas
176 691 326 752 velociter
348 708 529 767 percurrens
552 691 688 750 invenire
710 695 824 769 posset.
860 692 893 751 iu
916 691 1049 768 singulo-

40 802 97 842 rum
126 781 354 841 enuntiatorum
385 779 533 857 principio
566 781 718 840 constanti
752 799 811 840 usu
842 781 954 857 ubique
985 781 1049 840 mi-

40 871 197 931 nusculas
221 870 377 930 litteras
399 869 489 947 posui
516 871 622 929 contra
648 887 739 946 quam
760 869 852 930 Ianus
880 873 912 930 et
934 868 1050 928 Detlef·

42 979 125 1034 senus,
149 960 202 1037 qui
225 960 397 1036 prorniscue
419 959 603 1018 maiusculas
627 977 744 1036 quoque
767 959 966 1033 admiserunt,
990 977 1051 1035 qua

41 1070 67 1110 re
83 1051 106 1110 si
122 1049 201 1110 forte
220 1049 372 1126 putebant
389 1041 436 1130 (id
454 1046 534 1124 quod
552 1043 667 1126 nescio)
688 1049 877 1125 singulorum
895 1051 1049 1125 excerpto-

42 1160 97 1198 rum
113 1139 328 1200 commissuras
352 1142 383 1198 et
406 1131 522 1196 ‘rerum
544 1141 575 1196 et
593 1137 791 1222 historiarum
814 1141 845 1197 et
864 1138 1049 1198 observatio·

42 1221 111 1288 num'
136 1247 282 1289 numeros
310 1231 381 1304 apte
409 1226 552 1304 indicari,
580 1245 660 1304 nego
688 1226 781 1286 Plinii
809 1227 905 1287 libros
932 1227 965 1286 in
992 1227 1049 1286 illa

43 1313 150 1394 ‘viginti
178 1318 268 1377 milia
296 1336 399 1376 rerum
427 1317 590 1393 dignarum
620 1310 708 1376 cura'
746 1308 792 1396 (v.
815 1316 910 1392 praef.
939 1314 959 1391 ξ
985 1308 1048 1398 17)

43 1407 226 1483 probabiliter
246 1406 344 1466 dissui
365 1425 384 1465 a
405 1405 494 1466 nobis
512 1423 610 1481 posse,
632 1407 693 1466 nisi
710 1407 819 1466 melius
838 1423 929 1482 quam
951 1405 1049 1466 adhuc

43 1498 218 1572 perspectum
256 1495 316 1556 erit
345 1514 405 1572 qua
434 1495 552 1554 ratione
581 1493 699 1555 Plinius
732 1497 765 1558 in
796 1495 970 1555 auctoribus
1001 1513 1049 1554 ex·

44 1584 181 1663 carpendis
208 1603 285 1645 usus
313 1584 363 1644 sit
412 1588 493 1644 certe
523 1601 600 1660 quae
630 1605 666 1644 ex
693 1584 859 1645 Aristotele
889 1584 1050 1660 desumpta

44 1694 89 1750 ego
108 1675 207 1735 inveni
237 1705 281 1716 -
309 1691 461 1751 perpauca
483 1676 592 1739 autem
614 1677 689 1751 puto
715 1693 764 1734 me
786 1674 982 1750 praeteriisse
1005 1705 1048 1715 -

45 1768 68 1822 et
83 1764 116 1823 ad
133 1761 366 1824 similitudinem
383 1762 638 1824 Mommsenianae
657 1763 754 1824 Solini
772 1763 913 1823 editionis
931 1763 963 1822 in
981 1781 1048 1822 meo

47 1854 190 1930 exemplari
212 1852 348 1912 Pliniani
369 1853 471 1913 textus
494 1854 627 1930 margini
650 1853 810 1930 adscripsi,
841 1871 878 1912 ea
899 1853 944 1912 ite
971 1870 1050 1912 com·

48 1946 135 2016 parata
153 1945 237 2017 sunt,
260 1941 399 2001 utnulla
419 1941 490 2001 inde
512 1943 665 2019 pertineat
687 1942 905 2002 commendatio
925 1941 964 2002 ad
982 1941 1049 2000 Iani

47 2031 114 2091 illum
133 2033 166 2092 in
188 2031 368 2092 maiusculis
392 2030 572 2092 adhibendis
595 2032 852 2092 consuetudinem.
888 2031 921 2090 in
942 2031 1049 2092 verbo·

46 2139 100 2178 rum
112 2121 307 2182 distinetione
322 2121 385 2182 sive
403 2121 706 2199 interpunctione
724 2119 964 2182 administranda
978 2124 1048 2180 ante

47 2209 130 2268 omnin
159 2211 191 2270 id
224 2211 277 2288 egi
308 2212 344 2294 ut
374 2211 586 2288 perspicuitati
618 2211 807 2272 consulerem
839 2211 871 2270 et
902 2210 1049 2270 orationis

48 2301 213 2359 structuram
233 2300 364 2377 quodam
381 2300 470 2360 modo
490 2302 690 2377 explanarem,
712 2300 744 2359 id
763 2299 842 2377 quod
860 2300 892 2358 in
910 2300 1050 2359 Pliniana

47 2387 196 2450 elocutione
220 2407 312 2466 saepe
334 2389 390 2448 illa
407 2389 529 2466 quidem
546 2389 693 2466 impedita
715 2394 746 2449 et
764 2390 902 2450 contorta
919 2389 969 2450 vel
987 2407 1049 2448 ma

46 2477 110 2537 rima
136 2479 342 2540 necessarium
371 2482 427 2539 est.
480 2480 584 2556 itaque
612 2497 650 2538 ne
679 2479 900 2539 inconstantiae
928 2478 1050 2555 quidem

47 2566 184 2628 cuiusdam
213 2569 470 2644 vituperationem
500 2568 620 2645 lugiens
649 2569 681 2627 in
710 2571 796 2628 textu
825 2586 845 2626 a
872 2567 946 2627 Iano
977 2567 1050 2628 olim

48 2653 171 2718 distincto
190 2660 342 2719 commata
359 2658 447 2718 modo
465 2658 563 2735 posui,
584 2658 673 2718 modo
693 2657 799 2735 delevi,
822 2658 909 2717 solon
932 2673 1050 2733 quoque

49 2746 151 2820 saepius
164 2748 274 2807 admisi
287 2765 384 2824 neque
400 2747 547 2823 semicolo‚
562 2747 642 2824 quod
654 2747 746 2807 Ianus
760 2747 880 2807 omnino
895 2747 1050 2820 reiecerat,

50 2833 173 2912 abstinui,
194 2837 250 2896 ubi
272 2837 389 2896 minuta
412 2837 557 2897 orationis
579 2837 724 2913 membra,
747 2855 824 2913 quae
846 2836 960 2896 artiore
984 2853 1049 2895 sen-

50 2923 197 2985 tertiarum
218 2927 338 2987 vinculo
362 2926 565 3003 continentur,
587 2945 649 2985 una
670 2925 833 2986 verborum
856 2925 1050 3042 comprehen-

52 3011 119 3072 sione
140 3015 322 3076 conectenda
344 3018 439 3075 erant.

104 3103 184 3163 Idem
215 3103 373 3166 consilium
406 3109 527 3166 secutus
562 3122 630 3165 sum
663 3105 695 3164 in
729 3104 820 3166 rebus
853 3105 1050 3182 orthogra-

52 3189 166 3270 phicis,
184 3211 261 3270 quae
280 3195 418 3254 omnibus
436 3195 489 3272 qui
506 3194 685 3254 Latinorum
704 3193 885 3270 scriptorum
903 3194 1049 3255 editiones

51 3276 126 3339 hodie
145 3281 260 3342 indunt
281 3283 406 3361 negotia
426 3283 576 3345 lacessere
598 3285 704 3344 solent.
751 3285 823 3344 sunt
845 3285 897 3361 qui
920 3283 1050 3360 aequali-

53 3367 114 3428 tatis
135 3372 260 3434 studiosi
277 3373 378 3432 omnia
394 3374 490 3434 verba
506 3375 727 3450 verborumque
745 3373 868 3450 formas,
892 3374 1050 3449 quantum·

53 3455 91 3515 vis
107 3460 235 3522 codicum
252 3481 342 3539 saepe
360 3465 511 3540 repugnet
528 3463 702 3537 astaritae,
720 3463 760 3522 ad
777 3481 870 3522 unam
887 3464 919 3522 et
936 3464 1050 3520 cartam

54 3547 185 3610 rationem
202 3553 366 3630 corrigant,
389 3569 480 3630 quam
499 3571 517 3612 a
536 3554 682 3632 scriptore
699 3553 766 3629 ipso
790 3552 839 3612 vel
862 3551 900 3610 ab
924 3549 1050 3610 homini·

55 3631 101 3695 bus
121 3639 198 3701 illius
220 3641 331 3702 saeculi
357 3644 529 3704 constanter
555 3643 723 3703 adhibitam
751 3659 817 3701 esse
844 3640 902 3700 sibi
928 3655 1050 3716 persua
