2396 3940
179 189 246 255 294
533 191 562 246 0.
581 189 680 246 PLINI
698 187 857 246 securim

180 339 325 402 derosius'.
352 339 431 420 qnod
449 341 481 400 iu
500 328 606 401 ar'hore
620 340 717 401 haesit
730 340 811 401 lerro
825 338 1003 421 depectitur,
1020 339 1085 400 ideo
1104 341 1185 399 corti·

126 438 160 488 te
180 447 292 492 cesum.
339 429 410 491 silva
438 430 530 492 divise
558 431 649 492 certis
675 428 865 510 portionibus
893 437 998 492 mutue
1025 429 1184 490 imrocentia

180 527 244 582 tuta
274 527 333 601 cst3
365 537 453 581 nemo
483 521 599 581 saucias
629 519 752 581 arbores
784 519 928 600 custodit,
960 535 1048 580 nemo
1077 519 1186 580 iuratur

180 609 274 671 alteri.
325 617 355 671 at
380 607 526 671 llerculos
553 609 762 692 Alexandriae,
790 608 843 672 uhi
870 615 939 670 tura
968 607 1186 688 interpolentur5

180 699 261 761 nulla
284 701 355 761 satis
379 699 510 761 custodit
532 699 685 781 diligentia
707 699 850 761 officinas.
895 696 1058 779 subligat-ie
1080 699 1186 778 signan-

179 797 230 851 tur
248 789 355 872 opifici,
377 807 506 869 persone
525 789 644 852 additur
667 789 923 871 capitidensnsve
946 787 1104 868 reticulos,
1126 787 1189 848 nudi

180 881 366 941 emittuntur.
404 886 487 941 tanto
506 881 605 942 nunus
622 878 693 941 ndei
711 878 790 960 apud
809 897 864 940 nos
886 895 983 958 poena
1006 893 1099 958 quam
1121 876 1188 958 apud

127 975 161 1025 60
180 968 246 1030 illos
265 968 355 1029 silvae
373 967 491 1031 habent.
529 977 673 1034 autumno
692 969 802 1049 legitur
820 967 856 1030 sb
875 969 986 1029 aestivo
1008 974 1110 1048 parter.
1142 967 1187 1027 hot

178 1059 386 1140 purissimum,
417 1057 584 1122 candidum.
630 1058 762 1122 secutula
789 1057 937 1120 vindemia
966 1065 1014 1118 est
1044 1075 1131 1138 vere,
1162 1057 1190 1116 ad

180 1165 244 1208 eam
267 1147 366 1209 hicme
390 1148 553 1211 corticibus
575 1151 688 1212 incisis.
733 1148 836 1211 mium
858 1147 915 1208 hoc
938 1148 1013 1228 exit,
1038 1165 1097 1209 nec
1121 1165 1190 1208 com·

179 1237 345 1318 perandum
373 1240 476 1318 priori.
521 1239 595 1302 illud
625 1239 813 1321 eennathan,
845 1237 902 1298 hcc
931 1236 1125 1299 dathiathum
1152 1255 1191 1295 so·

179 1336 255 1389 cant.
308 1327 441 1389 creditur
471 1337 501 1390 et
531 1329 663 1392 novellae
694 1329 809 1390 arboris
840 1327 994 1388 candidius
1030 1345 1118 1408 esse,
1149 1327 1191 1386 sed

178 1418 289 1479 veteris
318 1417 479 1480 odoratius.
534 1419 654 1500 quidem
684 1427 714 1480 et
743 1421 774 1480 in
808 1415 914 1479 insulis
948 1416 1059 1478 melius
1096 1425 1190 1498 putant

129 1513 160 1563 61
182 1509 275 1589 gigni,
302 1505 388 1568 lube
410 1510 441 1569 in
464 1508 570 1571 insulis
593 1517 682 1589 neget
705 1510 795 1570 russei.
840 1505 920 1586 qnod
943 1525 980 1568 es
1004 1525 1042 1568 eo
1066 1505 1191 1568 rotundi·

180 1605 240 1658 tate
268 1603 368 1676 guttae
397 1599 540 1679 pependit
567 1599 734 1662 masculum
760 1613 914 1678 vocemus,
941 1615 1012 1658 cum
1041 1596 1193 1658 aliusnon

179 1687 242 1747 iere
266 1705 329 1747 mas
352 1696 477 1750 vocetur
499 1688 552 1752 uhi
575 1705 635 1750 non
660 1691 698 1750 sit
721 1688 839 1750 femina.
885 1685 1023 1766 religioni
1051 1686 1192 1748 trihutun

179 1793 217 1836 ne
248 1795 338 1838 sexus
367 1775 443 1838 alter
472 1787 679 1860 erumperetur.
730 1777 895 1839 mesenhim
924 1775 1016 1856 aliqui
1046 1785 1156 1858 putant
1181 1793 1192 1834 ι

180 1867 279 1946 specie
303 1867 426 1928 testium
448 1867 569 1930 dictum.
607 1871 768 1950 praecipue
791 1875 890 1929 autem
912 1868 1005 1946 gratia
1025 1885 1193 1935 mammosa,

180 1973 249 2016 curn
276 1955 418 2018 haerente
448 1955 569 2019 lacrima
597 1961 700 2039 priore
729 1964 890 2019 consecuta
920 1956 975 2017 alia
1004 1958 1132 2018 miscuit
1160 1975 1193 2016 se.

179 2045 293 2125 singula
316 2043 389 2107 haec
419 2065 540 2109 menum
568 2048 683 2129 inplere
711 2047 797 2110 solite
824 2048 955 2127 hicesio,
983 2063 1057 2106 cum
1083 2049 1194 2106 minore

125 2139 159 2189 62
179 2133 345 2214 deripiendi
368 2135 507 2200 aviditate
529 2137 638 2200 lentius
662 2140 744 2199 nesci
762 2135 876 2198 liceret.
912 2133 1019 2197 Graeci
1043 2139 1193 2216 stagonian

178 2231 209 2284 et
232 2231 363 2285 amnium
386 2225 438 2287 tali
460 2228 550 2289 modo
572 2227 732 2310 appellent,
761 2229 909 2288 minorem
936 2233 1038 2288 antem
1065 2225 1192 2288 orchim.

178 2315 269 2374 micas
288 2331 437 2377 concussu
457 2316 544 2379 elisas
563 2335 701 2380 mennam
719 2333 870 2378 vocemus.
910 2317 1075 2377 etiamnum
1101 2323 1192 2377 tamen

177 2404 371 2466 inveniuntur
400 2413 502 2486 guttae
531 2425 607 2488 quoe
637 2409 757 2469 tertiam
785 2411 901 2487 partem
931 2421 1032 2486 mnae,
1064 2405 1126 2467 hoc
1156 2415 1192 2465 est

177 2505 294 2555 xxvlss
323 2493 516 2558 denariorum
543 2497 674 2580 pondus,
704 2503 842 2577 aetprent.
894 2493 1062 2556 Alexandro
1093 2495 1193 2574 llegno

177 2585 209 2643 in
232 2586 361 2664 pueritie
385 2587 449 2647 sine
472 2589 652 2667 parsimonie
675 2594 745 2648 ture
762 2587 911 2666 ingerenti
930 2586 991 2646 aris
1006 2584 1191 2665 paedagogus

177 2671 324 2736 Leonides
346 2673 473 2758 dixerat,
501 2685 535 2738 nt
562 2677 611 2738 illo
640 2676 741 2758 modo,
769 2693 840 2738 cuns
865 2675 1028 2736 devicisset
1056 2677 1193 2736 turiferas

177 2771 291 2846 gentes,
305 2759 504 2844 'supplicaret
550 2767 650 2828 atille
674 2765 798 2828 Archiae
821 2766 935 2846 potitus
956 2772 1025 2826 ture
1059 2771 1192 2826 onustam

123 2856 157 2906 63
177 2867 281 2913 nerem
299 2855 381 2914 misit
399 2862 429 2915 et
447 2855 620 2920 exhortatus
639 2865 685 2918 est
702 2863 738 2918 ut
759 2855 840 2936 large
865 2854 938 2916 deos
960 2852 1110 2916 adoraret
1152 2863 1192 2915 tus

178 2995 391 3004 u—--—--——-

247 3065 326 3118 eeu
343 3081 426 3120 nemo
445 3065 502 3121 cod.
517 3063 584 3120 Dal.
617 3065 660 3120 est
681 3065 819 3134 nequod.
851 3065 895 3119 est
915 3079 1006 3134 neque
1029 3063 1108 3118 ullus
1141 3063 1185 3118 cdd

176 3134 315 3191 ooteScll.
388 3143 435 3192 ιο
456 3136 590 3192 ific1n²o
616 3135 727 3208 opicis
801 3141 816 3192 't
856 3137 998 3192 cenatio
1024 3135 1185 3219 porcelleti

247 3198 417 3264 Sebdcod
468 3209 509 3280 iff.
479 3209 602 3280 μιν
631 3154 911 3264 ιιιιάιιαιιιιὲαιά.
984 3207 1182 3264 ltetinnd

176 3279 1042 3364 etc.18teshnmoterhlilgretie1.-tiaestrc
1118 3286 1186 3334 nee

175 3363 225 3402 ooo.
243 3353 279 3404 Ι
352 3355 387 3404 ιι
405 3349 582 3406 minorelto
606 3351 731 3422 inopcr.
809 3357 843 3406 21
862 3351 1020 3423 deripiendi
1033 3357 1121 3408 nnn
1144 3351 1189 3404 dir·

176 3435 220 3474 ιιι
247 3419 449 3500 tetragonium
466 3427 502 3478 Ι.
584 3427 619 3478 ιι
639 3422 757 3478 orobien
773 3425 835 3479 llll.
867 3440 927 3478 -am
922 3370 1059 3480 ΡΜ
1067 3429 1130 3479 cett
1140 3423 1188 3477 Gd

175 3489 302 3542 arabiam
320 3491 429 3548 ancre.
526 3498 561 3548 ιι
579 3495 694 3549 tertiam
713 3497 810 3550 Dedo.
843 3497 951 3551 certem
966 3499 1003 3550 1.
1028 3496 1143 3564 {mnne

174 3573 268 3612 mmee
281 3576 326 3614 ro
345 3562 395 3628 cfr.
409 3565 555 3620 xxlzee.
573 3567 696 3618 XXXV
701 3568 764 3622 107
833 3565 1058 3622 ccxxvmln.
1077 3497 1189 3620 mih

175 3625 254 3680 Peos
281 3632 427 3687 derecte?
500 3637 742 3692 sacrabimus.
772 3655 873 3693 nero
946 3639 1078 3692 ιιιιῑ
1106 3636 1191 3692 circ.

176 3693 245 3762 lest
262 3706 296 3751 ιι
316 3715 366 3754 oon
385 3721 429 3760 ι·.ιι
453 3707 458 3773 Ι
481 3705 674 3762 edoceretur.
704 3709 785 3765 odor·
803 3714 855 3766 nt.
884 3711 981 3766 οι-Ι.
