2286 3938
201 225 284 280 Nar.
303 225 396 281 uisu.
415 226 468 282 Vn
488 233 593 282 1o—1e
613 229 739 298 (ta-18)
935 228 975 292 19

10 392 100 452 quorun
125 393 245 456 corpora
275 378 340 438 eius
369 375 505 437 miraculi
532 380 626 456 gratia
656 380 687 438 in
718 377 884 440 conditorio
914 378 975 439 Sal·

8 461 158 528 lusitanorum
171 465 401 526 adservabantur
414 465 585 547 hortorum3
607 465 730 527 Pusioni
745 473 775 527 et
789 465 976 529 Secundillae

8 557 195 616 omniaomina.
225 555 330 616 eodem
352 555 487 635 praeside
511 555 652 616 minimus
674 555 763 616 homo
786 555 861 617 duos
884 558 976 637 pedes

8 651 26 700 ot
40 641 144 720 palmum
166 643 300 726 Conopas
328 647 446 706 nomine
475 646 506 704 in
530 643 644 706 deliciis
667 643 757 706 iuliae
784 649 883 727 neptis
911 649 976 707 eius

8 729 51 811 luit,
69 741 93 792 et
106 733 208 794 mulier
223 734 409 795 Andromeda
428 733 535 795 liberta
553 733 643 796 Iuliae
659 734 818 814 Augustae.
846 736 976 797 Manium

7 815 122 883 launum
139 831 168 884 et
185 823 223 884 bl.
237 823 367 885 Tullium
386 825 502 903 equites
516 823 665 884 Romanos
683 823 788 885 binum
806 825 977 886 cubitorum

7 909 67 970 luisse
86 921 179 973 auctor
203 921 250 974 est
268 913 303 974 M.
318 911 438 995 Varro,
463 921 493 974 et
515 915 572 993 ipsi
593 913 720 974 vidimus
743 916 774 974 in
797 911 903 974 loculis
927 913 975 974 ad·

7 1008 106 1062 serratos.
147 1001 368 1083 sesquipedales
391 1004 485 1085 gigni,
513 1004 656 1082 quosdam
678 1003 842 1086 longiores,
868 1005 900 1064 in
923 1004 975 1063 tri·

6 1097 58 1148 natu
74 1091 211 1170 inplentes
233 1095 310 1154 vitae
334 1110 469 1174 emaum,
492 1091 571 1152 baud
594 1093 728 1173 ignotum
751 1101 806 1154 cst.

47 1171 105 1262 (17)
126 1179 293 1242 Invenimus
311 1183 343 1242 in
362 1183 602 1243 monumentis
620 1181 766 1243 Salaudne
780 1179 974 1261 Euthymenis
994 1191 1028 1238 tc

6 1265 66 1326 bun
87 1272 114 1329 in
133 1273 189 1331 tn'a
218 1269 318 1332 cubita
341 1273 470 1332 triennio
499 1269 679 1354 adcrevisse,
706 1274 826 1332 incessu
849 1269 977 1353 tardum,

7 1355 65 1416 tenu
82 1357 224 1442 hebetem,
247 1359 393 1440 puberem
417 1362 506 1421 etiam
526 1360 650 1442 laetum,
672 1379 745 1421 voce
768 1359 904 1441 robusta,
927 1358 976 1420 ab·

7 1455 114 1525 emptum
135 1452 338 1510 contractione
358 1448 560 1511 membrorum
584 1449 682 1511 subita
700 1451 830 1510 triennio
849 1451 975 1510 circum·

8 1541 52 1594 toto.
72 1539 121 1615 ipsi
141 1557 202 1599 non
221 1538 338 1618 pridem
356 1539 483 1599 vidimus
506 1539 609 1600 eadem
627 1527 721 1600 terme
740 1541 838 1600 omnia
857 1546 977 1618 practer
1017 1573 1020 1580 ·

9 1623 146 1698 liberatem
168 1630 200 1688 in
224 1628 283 1689 tilio
308 1628 427 1688 Corneli
449 1627 543 1691 Taciti
566 1630 674 1708 equitis
697 1628 822 1689 Romani
841 1627 977 1708 Belgicae

10 1707 76 1773 lullae
99 1719 226 1778 rationes
252 1721 450 1798 procurantis,
496 1715 712 1794 ἐκτραπέλους
738 1717 842 1779 Graeci
868 1725 977 1779 uocant

10 1811 44 1881 os,
60 1806 85 1863 in
104 1803 183 1866 latio
207 1826 267 1867 non
291 1807 401 1868 habent
423 1825 542 1870 nomen.

11 1903 12 1908 ’
47 1885 91 1954 li.
131 1894 216 1966 Quod
240 1899 279 1958 sit
301 1895 414 1957 bomini
437 1899 565 1976 spatium
588 1915 604 1956 a
627 1897 751 1975 vestigio
775 1895 811 1956 ad
833 1897 976 1956 verticem
995 1902 1028 1952 77

11 1975 82 2042 lesse
93 1987 188 2062 pansis
207 1983 345 2046 manibus
364 1987 443 2046 inter
456 1985 644 2066 longissimos
659 1984 768 2064 digitos
786 1984 977 2046 observatum

12 2074 240 2148 murmures
263 2075 367 2134 dextra
390 2083 475 2154 parte
497 2077 639 2155 maioreS,
666 2073 844 2154 quibusdam
867 2077 977 2154 aequas

12 2163 104 2244 lupia,
133 2163 241 2242 aliquis
264 2163 345 2223 laeva
372 2181 461 2224 manu
484 2165 671 2244 praecipuas,
703 2181 759 2224 nec
782 2163 812 2224 id
835 2181 977 2243 umquam

12 2249 143 2312 olendnis.
195 2245 271 2336 (18)
304 2271 401 2313 mares
427 2261 580 2332 praestare
607 2251 768 2334 pondere,'
784 2260 814 2312 et
837 2251 977 2315 defuncta

13 2333 127 2400 bentibus
149 2359 277 2421 corpora
300 2344 433 2402 omnium
456 2339 634 2423 animalium,
658 2349 688 2402 et
710 2341 887 2403 dormientia
905 2344 976 2421 vigi-

13 2426 100 2510 libus
116 2431 251 2492 virorum
264 2431 405 2491 cadavera
419 2433 525 2510 supina
538 2430 664 2512 fluitare,
683 2430 861 2492 seminarum
874 2449 978 2511 prona,

14 2511 54 2573 alut
70 2518 167 2596 pudori
192 2521 403 2581 defunctarum
425 2528 566 2599 parcente
589 2527 703 2580 natura.

44 2599 86 2668 18.
113 2607 267 2670 Concretis
286 2609 429 2689 quosdam
448 2609 565 2670 ossibus
584 2627 618 2669 ac
638 2610 702 2670 sine
721 2607 857 2669 medullis
876 2610 975 2688 vivere
996 2612 1030 2664 ⁷8

14 2695 129 2770 rupinus.
157 2701 277 2778 signum
295 2717 400 2759 eorum
418 2717 484 2759 esse
503 2717 559 2759 nec
578 2699 659 2758 sitim
677 2699 790 2758 sentire
813 2714 869 2756 neo
888 2696 975 2757 sudo·

14 2787 188 2870 monitione,
213 2805 392 2867 quamquam
411 2795 441 2848 et
458 2787 609 2848 voluntate
633 2788 743 2847 scimus
763 2788 843 2846 sitim
861 2788 977 2868 victam,

13 2873 150 2954 mitemque
164 2876 332 2938 Romanum
346 2875 453 2938 lulium
462 2876 612 2938 Viatorem
631 2874 870 2936 eVocontiorum
888 2882 977 2955 gente

13 2957 112 3024 tolerata
136 2967 168 3026 in
190 2965 388 3046 pupillaribus
415 2967 501 3026 annis
524 2983 617 3046 aquae
643 2962 747 3026 subter
770 2973 870 3026 cutem
893 2965 977 3026 lusae

14 3048 74 3109 torio
92 3054 272 3133 prohibitum
298 3073 403 3116 umore
426 3075 443 3116 a
466 3054 589 3116 medicis
616 3061 753 3115 naturam
775 3055 883 3115 fecisse
907 3073 976 3115 con·

14 3139 148 3204 utrilinen
174 3152 264 3224 atque
291 3147 323 3205 in
346 3153 466 3206 senecta
494 3147 625 3206 caruisse
648 3152 730 3223 potu.
753 3162 831 3228 ¹neo
859 3162 919 3205 non
946 3151 976 3205 et

13 3219 36 3282 lii
51 3231 125 3292 multa
147 3233 203 3295 sibi
227 3237 419 3314 imperavere.
738 3247 741 3256 ’

14 3325 170 3346 “N

52 3368 177 3434 lpnsioni
195 3371 233 3424 ι’.
253 3370 340 3426 Solio.
359 3376 386 3438 1,
405 3375 453 3424 88.
479 3369 590 3439 poaioni
607 3386 631 3423 r.
695 3375 861 3438 tmeropas
880 3368 922 3422 1².

12 3433 28 3480 11
44 3435 176 3496 adereuisse
198 3441 291 3496 3²12.
320 3457 395 3497 acor·
418 3439 487 3496 Roo.
516 3440 689 3495 ador-1¹11.
718 3439 796 3494 edol-
819 3443 864 3495 do.
942 3445 976 3493 16

12 3507 120 3575 dantes
136 3518 164 3567 n.
190 3516 220 3568 et
236 3515 312 3583 trap-
331 3513 373 3568 1².
398 3515 491 3584 octap-
509 3517 540 3566 a.
564 3513 654 3582 otiap-
673 3527 695 3566 r.
739 3527 742 3534 ⁴
771 3517 803 3565 19
822 3527 860 3564 cu
877 3508 976 3564 idem?

51 3582 75 3632 ll
91 3583 233 3655 accipimus
246 3591 278 3638 a.
302 3601 399 3654 accep·
417 3601 441 3640 r.
465 3584 516 3652 cfr.
531 3583 605 3639 Folo.
621 3600 651 3654 p.
662 3587 700 3638 66
713 3599 742 3636 a.
752 3587 778 3637 1.
833 3586 867 3636 30
886 3595 976 3650 aquae

12 3639 36 3694 ²¹·
51 3665 92 3715 tua
106 3655 145 3708 1³¹.
167 3673 240 3726 aqua
257 3673 281 3711 r.
303 3659 307 3725 Ι
328 3655 388 3711 fuse
406 3656 491 3711 mic
507 3671 563 3711 rae.
586 3654 665 3709 lurae
684 3654 748 3707 net
771 3652 832 3707 fure
846 3653 890 3706 13¹.
913 3651 977 3706 fusa

12 3713 37 3766 Ψ·
54 3718 109 3777 fulc
124 3725 159 3781 ι’.
180 3728 290 3782 futurae
309 3732 334 3781 d.
406 3734 448 3782 31.
460 3733 494 3782 32
514 3724 714 3782 consuetudine
732 3723 809 3778 ΒΨ.

778 3811 815 3866 2*
