2286 3938
149 169 213 237 234
500 185 530 234 c.
548 187 644 234 rnrur
665 181 827 234 secuunr

150 361 279 406 mensum
294 350 429 422 tempore
448 342 565 402 inbutus
583 341 724 440 adloquio
737 341 927 420 percontandi
944 351 1046 421 postea
1060 360 1138 402 narra

97 439 132 491 85
150 429 201 488 vit.
233 420 382 487 Romanos
393 435 424 488 et
437 424 593 486 Caesarem
603 427 705 485 mirum
716 427 745 486 iu
764 425 877 487 modum
891 425 1055 486 inauditos
1048 429 1134 485 rustili

149 512 201 572 ille
220 513 371 590 suspexit,
390 511 468 590 quod
490 529 577 590 paras
601 510 732 609 pondere
754 511 865 571 denarii
881 520 983 570 esseut
1002 512 1032 570 in
1046 512 1126 588 captiv

149 597 290 676 pecunia,
308 615 372 656 cum
393 596 553 657 diversae
544 596 684 674 rmagiues
700 595 861 656 indicarent
876 613 892 655 a
906 595 1037 674 pluribus
1054 595 1132 654 iactos

149 689 181 742 et
202 680 260 742 boc
280 683 402 742 maxime
429 680 602 740 sollicitatus
623 679 659 742 ad
686 680 840 740 amicitiam
864 678 978 756 legatos
1003 677 1060 740 llll
1080 681 1139 738 misi

148 767 282 844 principe
297 783 399 826 eorum
414 763 531 824 Rachia.
561 782 599 824 ex
613 763 658 824 bis
673 763 855 841 cognitumD
872 782 940 824 esse
957 763 1075 843 oppida,
1089 781 1132 840 por

149 859 207 909 tum
222 857 324 910 contra
339 849 488 909 meridiem
499 848 662 927 adpositum
674 849 783 926 oppido
795 847 1019 912 Palaesimundo
1036 850 1138 906 omniu·

95 941 131 994 86
149 933 188 992 ibi
205 932 367 992 clarissimo
382 952 416 994 ac
430 935 532 1010 regiae
546 929 595 992 CC
606 929 636 991 Μ
650 932 754 1010 plebis.
785 941 917 1010 stagnum
931 934 1010 992 intus
1027 931 1136 1009 Megisb

149 1013 331 1078 CCCLXXV
346 1016 375 1076 Μ
391 1035 527 1096 passuum
538 1017 662 1090 ambitu,
681 1016 788 1076 insudas
806 1015 902 1095 pabuli
920 1025 1030 1076 tantum
1045 1015 1139 1076 lertila

147 1100 329 1180 conplexum.
373 1121 412 1162 er
433 1119 471 1162 eo
495 1101 568 1162 duos
591 1119 689 1160 amnes
711 1119 883 1180 erumpere,
910 1100 1139 1162 Palaesimuudu

147 1185 226 1246 iuxta
246 1186 384 1264 oppidum
407 1185 537 1247 eiusdem
556 1186 680 1245 nominis
702 1183 870 1244 induentem
885 1186 915 1244 in
928 1192 1049 1263 portum
1064 1183 1102 1244 lll
1115 1183 1136 1244 al

145 1271 227 1346 veis‘,
254 1269 281 1330 V
303 1270 461 1332 stadiorum
484 1271 648 1347 artissimo,
674 1267 730 1330 XV
752 1269 946 1348 amplissimo,
973 1269 1098 1330 alterum
1119 1286 1139 1326 ιι

146 1355 366 1432 septentriones
384 1353 550 1432 Indiamque
565 1372 692 1428 versum,
710 1352 821 1430 Cydara
839 1355 971 1414 nomine„
995 1355 1139 1433 proximu

146 1456 215 1498 esse
229 1437 329 1498 Indiae
345 1439 573 1518 promunturium
596 1439 673 1516 quod
690 1447 812 1498 vocetur
827 1435 991 1514 Coliacum,
1016 1437 1124 1517 quatrid

92 1528 127 1581 87
146 1522 350 1600 nauigatione,
371 1521 467 1583 medio
488 1523 518 1582 in
540 1541 626 1582 cursu
648 1521 724 1582 Solis
748 1523 842 1582 insula
865 1531 1052 1582 occurrente.
1082 1539 1139 1580 mar

144 1605 173 1666 id
193 1605 295 1666 colore
318 1606 477 1686 perviridi,
504 1615 660 1685 practerea
683 1607 854 1666 fruticosum
877 1603 1056 1681 arboribus,
1078 1605 1136 1665 iuba

144 1708 242 1750 earum
255 1690 460 1768 gubernaculis
473 1690 683 1751 deterentibus.
715 1690 942 1768 Septentriones
957 1691 1133 1769 vergiliasqu

143 1773 219 1852 apud
239 1792 294 1834 nos
317 1775 407 1836 veluti
430 1792 507 1836 novo
531 1773 614 1834 caelo
643 1775 839 1850 mirabantur,
863 1794 901 1835 ne
925 1775 1024 1834 lunam
1047 1773 1126 1853 quide

143 1857 217 1936 apud
237 1861 319 1938 ipsos
338 1861 394 1920 nisi
416 1859 451 1920 ab
473 1867 575 1919 octava
594 1860 624 1918 in
643 1857 723 1918 XVl.
746 1877 834 1937 supra
858 1868 965 1919 terram
984 1858 1100 1938 adspici
1117 1858 1134 1916 l:

142 1949 257 2020 tentes,
278 1939 428 2022 Canopum
450 1945 551 2004 lucere
574 1943 728 2020 noctibus,
747 1943 833 2016 sidus
856 1944 960 2021 ingens
983 1951 1019 2003 et
1041 1943 1127 2002 claru

143 2026 196 2088 sed
214 2029 337 2088 maxime
358 2029 459 2088 mirum
480 2029 516 2088 iis
540 2035 604 2088 erat
628 2027 743 2088 umbras
766 2045 833 2088 suas
849 2029 879 2088 in
899 2035 1034 2088 nostrum
1051 2026 1111 2087 cael
1134 2054 1138 2075 ι

142 2109 268 2187 cadere,
290 2129 348 2172 non
369 2113 399 2171 in
414 2131 512 2189 suum,
533 2112 685 2190 solemque
706 2130 722 2172 a
744 2111 827 2172 laeva
844 2113 914 2172 oriri
931 2121 962 2171 et
977 2113 1011 2172 in
1029 2112 1126 2172 dextra

89 2201 125 2255 88
143 2195 279 2256 occidere
302 2197 399 2274 potius
420 2214 502 2275 quam
525 2216 542 2256 e
562 2196 692 2256 diverso.
730 2195 821 2256 lidem
839 2215 998 2258 narravere
1022 2195 1099 2256 latus
1118 2214 1136 2252 ιι

142 2278 224 2338 sulae
247 2279 325 2357 quod
340 2280 585 2358 praetenderetur
600 2279 701 2340 lndiae
720 2279 792 2340 xm
807 2281 879 2341 stad.
903 2298 971 2340 csse
989 2280 1028 2340 ab
1047 2282 1135 2339 oriem

141 2362 276 2422 hiberno.
314 2363 389 2424 ultra
408 2372 522 2424 montes
539 2363 687 2424 Hemodos
708 2365 795 2424 Seras
821 2383 937 2444 quoque
960 2363 998 2424 ab
1022 2365 1126 2443 ipsias

139 2448 215 2525 spici
231 2456 318 2508 notos
335 2451 422 2508 etiam
435 2451 629 2525 commercio,
645 2458 757 2526 patrem
768 2447 896 2520 Rachiae
914 2466 1092 2508 commeasse
1111 2468 1135 2505 er

140 2531 262 2593 advenis
279 2533 320 2592 ibi
335 2532 423 2593 Seras
442 2551 609 2594 occursare.
647 2535 730 2612 ipsos
750 2550 823 2592 vero
841 2533 988 2593 excedere
1011 2533 1128 2594 hominu

139 2617 375 2694 magnitudinem,
391 2617 485 2676 rutilis
502 2619 605 2694 comis,
623 2617 768 2678 caeruleis
784 2617 886 2694 oculis,
902 2619 962 2676 oris
977 2634 1059 2678 sono
1076 2626 1133 2676 truc

139 2701 219 2760 nullo
235 2703 412 2762 commercio
428 2702 556 2779 linguae.
585 2702 803 2762 cetera-eadem
819 2720 894 2780 quae
911 2703 1006 2761 nostri
1022 2703 1139 2778 negoti

139 2793 231 2848 tores.
267 2783 392 2846 lluminis
416 2786 558 2846 ulteriore
580 2788 643 2864 ripa
666 2804 780 2846 meroes
805 2788 917 2864 positas
937 2787 1021 2845 iuxta
1045 2784 1136 2845 venali

139 2868 203 2928 tolli
219 2869 255 2930 ab
274 2869 337 2947 bis,
358 2871 383 2930 si
405 2870 517 2950 placeat
535 2871 727 2948 permutatio,
748 2887 807 2929 non
829 2870 916 2930 aliter
934 2869 1004 2930 odio
1030 2871 1135 2930 iustior

138 2951 273 3013 luxuriae
292 2971 376 3031 quam
400 2953 580 3032 superducta
601 2973 683 3014 mens
704 2953 774 3014 illuc
790 2973 883 3032 usque
901 2956 1017 3030 cogitet
1034 2954 1107 3033 quid

88 3041 123 3095 89
139 3053 197 3113 quo
213 3045 331 3116 petatur
349 3048 378 3098 et
400 3056 501 3118 quare.
535 3038 593 3098 Sed
614 3058 652 3098 ne
672 3037 846 3116 Taprobane
869 3037 1002 3116 quidem,
1022 3056 1138 3117 quami:

140 3129 223 3180 extra
244 3121 347 3181 orbem
369 3131 502 3182 aratura
524 3122 673 3201 relegata,
700 3125 808 3182 nostris
825 3125 905 3182 vitiis
921 3129 1013 3182 caret.
1057 3139 1136 3181 auru·

139 3213 350 3283 argentumque
363 3215 393 3266 et
407 3207 448 3266 ibi
462 3207 491 3264 in
505 3209 611 3285 pretio.
640 3224 766 3265 marmor
781 3207 935 3266 testudinis
950 3205 1066 3282 simile,
1086 3224 1138 3262 ma.

137 3291 251 3365 garitae
265 3300 456 3367 gemmaeque
469 3291 498 3350 iu
513 3290 627 3351 honore
641 3289 750 3366 multo,
766 3293 999 3368 praestantiores
1015 3298 1047 3350 et
1065 3291 1137 3347 totiu

137 3372 269 3434 luxuriae
294 3381 412 3434 nostrae
435 3374 574 3436 cumulus.
614 3374 747 3453 ipsorum
772 3391 846 3452 opes
870 3377 995 3434 maiores
1017 3393 1093 3434 esse
1118 3371 1133 3430 d

137 3457 259 3536 cebant,
275 3458 330 3519 sed
344 3458 419 3538 apud
433 3475 488 3518 nos
503 3459 672 3538 opulentiae
686 3460 826 3520 maiorem
842 3476 931 3518 usum
963 3475 1087 3518 servom
1107 3477 1139 3516 n·
