2340 3934
173 156 214 220 88
519 155 547 210 c.
567 155 666 210 romu
686 153 842 209 suenum

173 307 308 370 curulem
340 325 428 368 ursos
457 305 629 367 Numidicos
650 313 783 380 ‘centum
816 313 845 366 et
875 303 999 366 totidem
1027 315 1149 365 venatores

76 469 79 474 Ι
172 397 331 478 Aethiopas
363 399 394 456 in
427 397 507 456 circo
537 394 663 455 dedisse.
716 397 808 454 miror
838 393 986 455 adiectum
1013 393 1149 456 Numidica

173 489 279 567 luisse,
302 504 371 547 cnm
394 487 425 546 in
448 485 547 544 Africa
569 501 675 544 ursum
699 502 757 544 non
781 485 862 562 gigni
885 491 1008 544 constet.

120 591 171 642 132
241 571 300 638 37.
331 569 405 658 (55)
450 573 626 635 Condantur
648 572 747 634 hieme
770 580 800 634 et
822 571 940 634 Pontici
961 571 1069 655 mures,
1091 573 1150 634 dun-

173 675 253 728 taxat
271 665 337 747 alhi,
358 681 487 744 quorum
504 663 635 742 palatum
652 664 685 723 in
703 670 793 741 gustu
811 664 1032 742 sagacissimum
1048 671 1152 724 auctores

174 773 303 835 quonam
331 753 418 814 modo
446 752 648 814 intellexerint
674 754 777 813 miror.
829 751 1000 814 conduntur
1026 762 1053 814 et
1076 753 1152 832 llpini

174 844 283 925 quibus
306 843 477 922 magnitudo
501 841 622 903 melium
646 850 704 923 est,
728 840 780 902 sed
799 841 831 902 hi
848 841 956 922 pabudo
980 851 1045 904 ante
1066 845 1151 922 inspe-

175 953 228 996 cus
252 939 403 993 convecto.
433 940 496 992 tum
519 931 784 1010 qnidam'narrant
807 931 936 993 alternos
959 951 1068 993 marem
1087 950 1113 992 ac
1127 933 1152 990 ie·

175 1026 284 1084 minam
308 1021 450 1083 subrosae
474 1020 643 1100 complexos
667 1022 777 1082 fascem
800 1021 909 1082 herbae
933 1025 1067 1102 supinos,
1089 1021 1153 1082 cauda

175 1113 327 1174 mordicus
355 1111 552 1192 adprehensa,
580 1112 709 1171 invicem
736 1110 852 1172 detrahi
880 1111 916 1171 ad
944 1130 1077 1192 specum,
1101 1111 1148 1170 ideo

176 1220 234 1282 que
257 1201 307 1262 illo
326 1209 460 1280 tempore
483 1199 593 1261 detrito
617 1219 683 1260 esse
707 1199 805 1260 dorso.
835 1209 906 1262 sunt
928 1199 976 1262 his
998 1219 1081 1282 pares
1099 1203 1144 1260 eti

176 1293 321 1372 Aegypto,
345 1289 540 1368 similiterque
563 1290 697 1350 resident
712 1291 751 1362 ,in
775 1289 878 1352 clunes
901 1292 987 1351 etin
1010 1289 1083 1351 binis
1101 1287 1155 1368 ped

176 1380 232 1442 hus
256 1380 431 1460 gradiuntur
454 1377 665 1458 prioribusque
688 1387 722 1439 nt
745 1377 881 1440 manibus
904 1387 1040 1441 utuntur.

124 1483 175 1531 133
244 1462 318 1552 (56)
364 1469 544 1548 Praeparant
571 1467 662 1528 hiemi
690 1476 719 1528 et
741 1470 873 1530 irenacei
900 1466 989 1530 cibos
1012 1487 1046 1530 ac
1070 1467 1150 1528 volutat

178 1577 267 1640 snpra
289 1561 414 1619 iacentia
438 1576 525 1637 poma
547 1557 642 1618 adfixa
665 1559 772 1638 spinis,
795 1576 889 1619 unium
911 1557 1040 1638 amplius
1057 1471 1156 1722 ml

177 1668 243 1730 ore,
274 1656 395 1729 portant
421 1650 452 1708 in
481 1665 565 1707 cavas
593 1646 724 1707 arbores.
772 1647 863 1708 iidem
889 1649 1082 1709 mutationem
1104 1647 1151 1724 aqui

177 1740 254 1800 lonis
276 1741 308 1798 in
331 1745 466 1798 austrum
489 1735 652 1797 condentes
675 1739 762 1797 sein
785 1736 883 1798 cubile
905 1739 1100 1817 praesagiunt.
1127 1723 1156 1810 ull

177 1847 248 1888 vero
276 1845 398 1888 sensere
426 1834 594 1906 venantem,
627 1833 779 1887 contracto
808 1835 839 1888 et
866 1845 918 1888 ore
945 1827 1119 1907 pedibusque
1139 1841 1156 1884 at

177 1925 262 1997 parte
289 1918 370 1977 omni
393 1915 549 1995 inferiore,
581 1932 639 1993 qua
662 1933 760 1975 raram
788 1924 817 1976 et
839 1919 1001 1978 innocuam
1024 1916 1121 1978 habent
1136 1913 1156 1972 la

178 2009 333 2087 nuginem,
365 2004 581 2066 convolvuntur
611 2006 642 2064 in
670 2005 795 2066 formam
822 2005 912 2086 pilae,
944 2025 984 2067 ne
1016 2007 1083 2087 quid
1108 2021 1153 2065 oon

125 2105 178 2154 134
187 2095 333 2175 prehendi
363 2097 458 2175 possit
489 2102 609 2175 praeter
641 2094 768 2156 aovrleos.
821 2097 852 2156 in
885 2095 1090 2176 desperatione
1116 2111 1155 2150 vro

178 2187 295 2245 aruinam
323 2177 358 2245 ¹in
391 2203 423 2244 se
455 2183 586 2244 reddunt
617 2183 776 2265 tabificam,
809 2187 921 2263 tergori
954 2205 1012 2246 suo
1043 2187 1151 2265 spinisqu

178 2277 308 2354 noxiam,
330 2281 453 2353 propter
475 2273 533 2334 hoc
556 2292 589 2332 se
612 2276 678 2353 capi
700 2275 793 2354 gnari.
830 2274 1027 2353 quamohrem
1049 2273 1157 2335 erripuit

178 2366 262 2442 prius
285 2365 372 2424 urina
394 2365 497 2423 venari
518 2381 567 2423 ars
591 2371 644 2424 est.
676 2371 705 2424 et
728 2371 792 2424 tum
814 2367 975 2444 praecipua
999 2364 1053 2425 dos
1074 2361 1157 2440 tergori

179 2452 250 2512 alias
287 2460 441 2532 corrupto,
479 2451 588 2534 fragili,
624 2452 763 2532 putribus
799 2455 892 2532 spinis
928 2461 1020 2534 atque
1054 2451 1157 2513 decidui<

180 2543 295 2600 etiamsi
322 2543 399 2600 vivat
426 2541 597 2602 subtractus
625 2542 702 2622 luga.
749 2541 787 2602 ob
814 2543 843 2602 id
872 2561 932 2604 non
959 2546 1018 2604 nisi
1046 2546 1074 2604 in
1095 2541 1154 2602 novis

180 2631 254 2688 sima
281 2648 333 2708 spe
361 2630 505 2690 maleficio
535 2649 570 2690 eo
597 2631 802 2713 perfunditur,
835 2635 945 2713 quippe
973 2641 1004 2694 et
1027 2635 1082 2714 ipsi
1100 2631 1157 2689 odeo

181 2735 269 2776 suum
296 2719 485 2801 veneficium,
514 2722 554 2780 ita
578 2729 736 2800 parcentes
763 2721 820 2782 sibi
843 2723 1065 2802 terminumque
1089 2736 1154 2798 supra

180 2822 263 2864 mum
281 2809 470 2883 opperientes
494 2817 527 2870 ut
545 2809 639 2870 ferme
659 2818 728 2871 ante
747 2813 901 2890 captivitas
920 2819 1056 2892 occupet.
1084 2807 1157 2870 calda

180 2900 284 2970 postea
307 2911 399 2970 aquae
423 2896 566 2975 adspersu
590 2899 750 2960 resolvitur
768 2900 836 2981 pila,
860 2901 1113 2982 adprehensusque
1129 2913 1157 2975 pc

181 2979 255 3039 alter
278 2998 294 3037 e
317 2983 534 3057 posterioribus
562 2989 759 3069 suspendiosa
782 2990 858 3050 fame
887 2999 981 3052 necat.
1030 2989 1107 3050 aliter
1125 3001 1157 3044 nu

247 3225 268 3301 ,5
288 3220 346 3274 albi
364 3221 401 3276 ⁸².
428 3224 497 3280 alibi
515 3233 544 3282 r.
570 3231 647 3303 sssibi
666 3237 690 3287 d.
719 3233 777 3288 aibi
794 3251 818 3288 r.
891 3236 987 3288 titum
1004 3249 1058 3304 ego.
1083 3248 1132 3286 cnm
1145 3227 1157 3278 l'

181 3292 187 3362 l
207 3290 321 3359 qffldffm
334 3292 398 3347 Ἑά.
422 3295 498 3351 -dem
516 3316 540 3354 r.
562 3303 565 3368 Ι
586 3307 702 3360 narrent
718 3305 778 3359 rld.
833 3311 850 3360 9
870 3305 1029 3376 complexos
1046 3304 1085 3358 Ρ.
1103 3301 1156 3354 uvi

182 3379 228 3444 :xo
246 3379 273 3444 r.¹
334 3365 507 3422 151atentie
524 3376 556 3426 R.
619 3376 893 3448 19.201ennginem
912 3377 949 3432 el.
977 3377 1121 3447 lanuginem
1134 3372 1155 3420 i¹

180 3448 340 3534 ranagrnerp
357 3441 387 3488 1).
412 3436 626 3520 imassslaginem
639 3453 670 3503 n.
693 3449 848 3519 imaginem
866 3450 924 3504 ⁸¹11.
948 3449 1099 3519 lanuginem
1114 3443 1157 3523 ine

181 3509 334 3568 ganemr.
408 3513 441 3560 22
461 3526 491 3562 m
510 3529 540 3566 se
558 3521 661 3574 Dran.
691 3537 725 3574 ex
744 3537 773 3575 se
792 3525 817 3576 d.
846 3537 928 3576 exre
946 3525 977 3575 R.
1047 3525 1077 3573 23
1095 3529 1157 3570 enm

180 3571 241 3624 nita
258 3573 292 3624 r²
309 3575 341 3628 irc
358 3593 414 3631 ros.
433 3579 470 3632 αἳ.
498 3584 609 3642 »nitatis
628 3593 665 3646 αἱ.
695 3593 809 3648 -nitates
832 3599 890 3647 ΒΕ.
919 3593 1035 3647 -nientes
1052 3595 1094 3643 il.

182 3645 215 3691 31
234 3646 349 3696 necatur
366 3653 419 3700 Rd.
468 3699 472 3710 ,
