2340 3934
163 128 206 192 74
511 125 540 183 C.
559 125 658 180 PLINI
678 125 836 182 suenum

106 291 142 340 75
163 280 279 341 feritate
309 295 427 358 semper
456 279 617 338 intereunt.
669 274 746 356 apud
777 275 897 338 eosdem
927 276 1008 336 nasci
1033 274 1146 336 Ctesias

163 368 267 430 scribit
289 385 379 447 quam
401 365 605 428 mantichoran
632 365 760 446 appellat
782 364 892 444 triplici
916 365 1047 426 dentium
1066 365 1145 424 ordine

161 460 335 538 pectinatim
362 459 547 536 coeuntium,
579 456 654 516 facie
682 464 713 516 et
740 455 882 516 auriculis
908 453 1047 536 bominis,
1076 454 1146 514 acub

162 549 289 629 glaucis,
306 546 405 607 colore
428 547 599 628 sanguineo,
623 563 749 625 corpore
767 545 872 626 leonis,
895 543 989 604 cauda
1011 545 1147 622 scorpionis

162 637 249 698 modo
273 635 386 716 spicula
408 635 593 717 infigentem,
616 637 697 696 vocis
720 641 754 696 ut
777 637 803 696 si
825 636 986 695 misceatur
1009 632 1111 694 fistulae
1128 643 1148 692 et

162 726 251 788 tubae
275 733 452 806 concentus,
480 725 643 786 velocitatis
666 741 803 806 magnae,
830 724 951 786 humani
974 724 1100 802 corporis
1117 721 1148 782 rel

107 829 143 877 rc
161 818 321 896 praecipue
346 815 542 894 adpetentem.
573 807 647 896 (31)
670 816 702 874 in
725 813 808 876 lndia
830 821 861 874 et
882 812 975 873 boves
999 812 1093 874 solidis
1111 831 1149 872 nn·

162 905 252 990 guliS,
276 907 449 985 unicornes,
472 909 503 964 et
521 903 615 964 feram
637 905 757 964 nomine
781 905 848 964 axio
868 901 984 964 binulei
1002 901 1086 982 pelle,
1104 902 1148 980 plu·

162 992 246 1054 ribus
266 991 545 1072 candidioribusque
564 992 700 1074 maculis,
724 1009 877 1054 sacrorum
895 991 999 1052 Liberi
1016 993 1110 1072 patris3
1122 1024 1150 1032 —

163 1076 283 1165 (Orsaei
305 1083 371 1144 Indi
399 1084 498 1142 simias
526 1082 687 1143 candentes
710 1089 773 1142 toto
801 1099 927 1162 corpore
949 1074 1103 1160 venantur)
1123 1113 1150 1120 -

162 1175 356 1252 asperrimam
388 1179 487 1232 autem
514 1172 607 1232 feram
634 1179 869 1252 monocerotem,
902 1171 1021 1250 reliquo
1052 1185 1151 1249 corpori

163 1279 241 1340 equo
261 1260 395 1343 similem,
419 1263 514 1340 capite
534 1279 630 1342 cervo,
653 1259 779 1341 pedibus
798 1261 964 1342 elephanto,
988 1259 1078 1322 cauda
1093 1277 1153 1337 apro,

162 1353 277 1430 mugitu
306 1353 399 1432 gravi,
431 1369 492 1410 uno
520 1367 616 1412 cornu
643 1352 728 1430 nigro
758 1350 855 1412 media
882 1351 981 1410 fronte
1010 1348 1153 1410 cubitorum

163 1441 255 1501 duum
278 1443 435 1502 eminente.
481 1438 558 1500 hanc
581 1441 675 1500 feram
696 1441 792 1500 vivam
814 1446 924 1519 negant
945 1441 1022 1520 capi.

106 1541 143 1590 vt
230 1523 308 1612 (32)
349 1529 435 1609 Apud
462 1527 624 1609 Hesperios
652 1528 812 1609 Aethiopas
839 1530 905 1589 lons
934 1536 982 1590 est
1004 1513 1108 1608 Nigris,
1132 1535 1153 1586 nt

104 1617 296 1698 s,52plerique
321 1620 536 1700 existimavere,
559 1617 618 1679 Nili
637 1627 734 1700 caput,
757 1626 792 1680 ut
814 1625 989 1698 argumenta
1014 1635 1086 1698 quae
1101 1617 1154 1676 diri·

162 1726 228 1768 mus
258 1708 447 1788 persuadent.
496 1710 579 1770 iuxta
605 1708 686 1769 huuc
716 1709 779 1768 fera
808 1707 973 1788 appellatur
1003 1707 1155 1784 catoblepas¹

162 1797 278 1858 modica
307 1795 417 1876 alioqui
448 1795 616 1878 ceterisque
646 1797 788 1858 membris
818 1799 914 1879 iners,
947 1806 1039 1877 caput
1064 1805 1154 1858 notun

161 1905 321 1967 praegrave
350 1905 437 1966 aegre
465 1887 573 1948 ferens.
619 1887 649 1948 id
678 1887 827 1948 deiectum
855 1903 974 1967 semper
1002 1889 1034 1948 in
1060 1895 1158 1968 terranq

162 1977 233 2038 alias
256 1979 413 2038 internicio
439 1975 561 2038 humani
583 1979 726 2058 geberic,
746 1975 884 2038 omnibus
907 1978 958 2056 qui
983 1975 1085 2062 oqulos
1108 1976 1155 2033 ains

162 2066 261 2126 videre
286 2067 443 2127 confestim
466 2066 694 2146 exspirantibus.

105 2164 142 2214 78
230 2148 303 2238 (33)
346 2154 457 2216 Eadem
481 2163 511 2216 et
532 2155 663 2217 basilisci
686 2159 835 2236 serpentis
859 2163 905 2217 est
926 2158 980 2218 vic.
1020 2155 1156 2236 Cyrenaica

161 2243 241 2305 hunc
265 2253 387 2324 generat
409 2247 573 2326 provincia,
603 2245 762 2306 duodecim
784 2263 844 2306 nou
867 2245 995 2326 amplius
1019 2246 1156 2324 digitorum

162 2333 378 2416 magnitudine,
408 2335 531 2396 candida
555 2337 587 2395 in
611 2336 706 2414 capite
730 2335 845 2396 macula
871 2343 906 2396 ut
929 2335 1059 2414 quodam
1080 2333 1156 2394 diade

161 2431 239 2484 mate
266 2425 421 2502 insignem.
468 2423 553 2484 sibilo
581 2441 684 2484 omnes
710 2425 793 2504 fugat
820 2432 991 2505 serpentes,
1022 2443 1077 2484 nec
1096 2424 1155 2482 lleru

134 2563 136 2566 .
161 2510 318 2592 multiplici
340 2521 374 2574 ut
392 2512 524 2594 reliquae
544 2532 653 2594 corpus
671 2513 795 2595 inpellit,
819 2514 872 2576 sed
892 2513 991 2574 celsus
1010 2522 1042 2574 et
1060 2521 1156 2574 ereum

160 2603 192 2662 in
220 2602 318 2663 medio
345 2602 496 2664 incedens,
542 2611 628 2664 necat
651 2603 789 2686 frutices,
818 2622 880 2664 non
908 2611 1063 2667 contactos
1089 2599 1155 2662 molo

132 2753 134 2756 .
161 2709 271 2752 verum·
294 2697 324 2750 et
346 2691 481 2774 adflatos,
512 2694 610 2752 exurit
632 2691 754 2773 herbas,
786 2695 899 2773 rumpit
921 2711 998 2753 saxa.
1045 2693 1107 2753 talis
1125 2693 1155 2748 v'a

161 2781 246 2841 malo.
293 2788 340 2841 est
367 2781 514 2842 creditum
537 2780 686 2860 quondam
714 2797 751 2842 ex
774 2801 851 2861 equo
879 2784 1013 2843 occisum
1037 2782 1114 2842 hasta
1135 2790 1154 2836 u

160 2887 215 2948 per
239 2887 304 2929 eam
327 2868 475 2931 subeunte
498 2871 526 2931 vi
549 2888 609 2930 non
633 2872 765 2950 equitem
787 2871 875 2932 modo
899 2871 951 2932 sed
970 2889 1081 2951 equum
1102 2887 1153 2948 quo·

105 2968 142 3016 'te
162 2976 219 3037 que
243 2958 440 3038 absumptum.
483 2968 572 3040 atque
595 2958 665 3020 huic
687 2959 740 3020 tali
762 2968 895 3022 monstro
919 2995 961 3004 —-
986 2980 1075 3042 saepe
1096 2961 1154 3019 erin

162 3055 301 3109 enectum
328 3051 525 3129 concupivere
553 3067 639 3129 reges
666 3049 767 3111 videre
795 3083 838 3094 -
868 3049 1072 3112 mustellarum
1093 3052 1154 3108 11111

232 3281 387 3345 dmagnae
405 3275 503 3330 11111111.
532 3275 574 3330 -ni
591 3293 614 3330 r.
687 3276 827 3332 llnsidia
843 3281 875 3331 a.
903 3276 933 3330 in
949 3275 1043 3346 psidie
1060 3280 1104 3328 dt.

158 3351 177 3400 8
196 3346 262 3402 axin
279 3347 356 3401 rial.
382 3347 443 3402 asin
460 3365 483 3402 r.
504 3349 508 3417 Ι
528 3347 656 3402 hinnulei
673 3363 698 3402 c.
721 3348 853 3420 fisinullci
870 3347 912 3402 2¹.
934 3347 1005 3402 inuli
1022 3347 1061 3401 ι’.
1083 3343 1148 3399 leit

233 3423 266 3473 10
285 3435 369 3474 uncos
382 3420 468 3488 posci
486 3435 541 3488 epo.
624 3421 750 3474 1611111.
774 3437 824 3476 cm.
843 3436 867 3475 r.
947 3425 982 3474 22
1005 3420 1037 3473 et
1056 3415 1146 3472 rand

159 3491 191 3542 et
208 3490 247 3544 de
260 3506 283 3544 r.
307 3491 311 3558 Ι
335 3490 460 3544 basilisci
477 3489 626 3545 otwino.
655 3490 729 3546 -liois
747 3492 789 3546 1¹.
817 3491 905 3546 -liscis
922 3507 946 3546 r.
971 3493 975 3560 Ι
1000 3487 1153 3560 serpentibus

157 3559 226 3612 Rld.
282 3565 316 3614 at
334 3561 459 3629 reliquae
478 3561 582 3615 221t0o.
606 3579 674 3630 -qua
687 3579 710 3616 r.
765 3562 1010 3619 detonantem
1024 3567 1049 3616 d
1072 3559 1147 3615 aliisr

232 3635 266 3687 29
285 3631 368 3685 malo.
388 3633 431 3684 est
449 3633 511 3688 dist.
530 3637 554 3684 s
567 3631 637 3688 Rob.
709 3640 743 3688 31
766 3636 850 3704 atque
868 3633 970 3690 atnoe.
993 3651 1044 3690 ota.
1061 3650 1082 3688 r.
