2390 3938
188 209 225 256 w
592 183 801 240 PRAEFATIO

186 339 297 397 natura
319 337 466 413 positum,
493 339 542 413 ut,
571 336 686 412 siquis
713 354 807 395 novae
835 336 1020 396 recensionis
1047 353 1166 410 operosm

186 427 323 486 laborem
341 426 373 484 in
392 444 424 486 se
442 425 599 502 receperit,
622 425 712 484 nimis
732 426 871 504 angustis
889 425 1002 485 finibus
1025 425 1135 483 coerceri
1150 437 1166 483 e

186 516 294 576 alienis
308 515 409 591 potius
428 515 597 575 rationibus
611 533 718 590 parere
733 534 824 592 qnam
841 515 939 575 libero
959 516 991 574 et
1010 532 1061 574 suo
1077 513 1166 572 arbitrii

1143 603 1147 614 ⁴
1162 603 1166 616 Ι

187 607 234 664 uti
257 605 342 664 nolit.
376 623 469 682 quare
482 605 517 663 B.
534 604 569 664 G.
584 603 760 663 Teubnerus
783 603 872 664 facile
896 604 1053 680 concessit,
1073 605 1104 660 ut
1121 604 1167 662 mhi

186 696 308 772 integra
326 695 426 754 omnia
445 689 546 754 essent
570 711 605 752 ec
626 692 723 752 libera
746 695 777 753 et
799 695 919 753 mutata
942 694 1036 753 etiam
1056 691 1167 751 formet

187 765 383 860 dispositione
412 783 552 843 editionis
581 783 771 859 singidarum
797 783 983 860 paginarum
1011 782 1044 840 in
1070 783 1167 858 margine

187 873 407 950 scripturarum
425 873 662 949 discrepantium
684 891 754 931 euni
776 871 928 932 delectum
951 871 1116 945 subicerem
1134 890 1167 946 ιιι

186 962 225 1020 ad
243 962 448 1022 recensionem
466 963 549 1021 recte
568 961 759 1020 iudicandam
778 980 853 1038 opus
873 980 940 1022 esse
959 961 1113 1021 videretur.
1135 947 1179 1022 iti-i

187 1071 245 1128 que
273 1069 455 1128 quemquem
481 1051 574 1112 Ianus
602 1052 747 1127 quattuor
773 1051 868 1112 libros
895 1051 1011 1135 iteruin
1037 1050 1167 1126 recognitos

187 1160 351 1218 eorumque
381 1141 549 1218 scripturae
579 1141 813 1218 discrepantiam
843 1158 899 1200 sua
928 1158 1022 1199 manu
1053 1141 1166 1198 examen

186 1231 365 1308 reliquerat,
388 1231 491 1290 tamen
513 1249 531 1289 a
552 1230 613 1288 VH
635 1225 731 1307 usque
753 1229 793 1288 ad
814 1227 871 1288 XV
893 1229 1009 1289 librum
1032 1229 1119 1288 totum
1138 1245 1166 1284 io-

186 1321 291 1380 lumen
312 1321 377 1397 ipse
395 1320 464 1396 plus
488 1319 581 1380 semel
597 1318 784 1396 pertractavi
806 1337 841 1378 ac
863 1320 984 1379 textum
1007 1320 1040 1377 et
1061 1335 1166 1376 connisi-

186 1409 301 1468 teiium
323 1409 461 1470 criticum
483 1429 550 1468 meo
573 1409 685 1468 iudicio
708 1408 861 1484 constitui,
884 1409 920 1466 ut
943 1425 1124 1484 quaecunque
1140 1405 1167 1462 iel

187 1498 435 1575 reprehendenda
448 1499 497 1559 vel
510 1498 667 1574 probanda
682 1498 744 1556 sint
762 1497 801 1556 ad
813 1516 862 1556 me
880 1516 976 1556 unuin
990 1489 1166 1572 pertinenti·

259 1649 284 1720 *)
308 1650 351 1705 Ex
372 1651 408 1706 iis
426 1666 498 1720 quae
516 1650 675 1706 Ludovicus
698 1649 782 1704 Ianus
805 1649 921 1718 reliquit
942 1649 1073 1720 possideo
1092 1649 1167 1718 praetii

186 1721 275 1777 libros
302 1721 412 1792 aliquot
443 1724 472 1778 et
503 1722 754 1776 commentationes·
786 1721 822 1775 ad
853 1723 1024 1792 apparatum
1050 1716 1166 1774 Plinieim

186 1793 359 1864 pertinentes
386 1792 517 1849 editionis
543 1793 602 1848 eius
628 1793 778 1848 voluminis
808 1791 924 1847 alterius
954 1791 1095 1862 exemplar
1116 1787 1166 1850 tiit

155 1919 160 1928 ,
188 1865 266 1920 euius
284 1863 429 1936 plagulas,
453 1865 478 1920 si
496 1881 593 1920 omnes
615 1864 719 1920 iterum
740 1879 942 1947 recognoscere
965 1863 1098 1928 licuisset,
1115 1865 1165 1930 type

186 1937 284 1992 thetae
301 1936 456 1992 traditurus
475 1936 548 2004 erat,
568 1938 598 1991 et
614 1935 751 1992 tredecim
769 1935 851 2003 folia,
873 1935 904 1990 in
927 1933 1030 2004 quibus
1053 1934 1165 2002 scriptum

187 2007 405 2077 discrepantiam
424 2024 475 2062 sua
487 2024 573 2062 manu
586 2008 758 2062 exaraverat.
786 2006 909 2062 absolvit
926 2008 1025 2061 autem
1041 2002 1165 2074 recogniti

186 2095 252 2132 nem
274 2079 408 2148 quattuor
430 2077 566 2134 librorum
591 2081 621 2133 et
647 2080 780 2148 quattuor
806 2094 929 2148 paragra
948 2078 1052 2134 horum
1067 2075 1120 2131 libri
1135 2071 1163 2134 it

186 2149 319 2204 ultimum
336 2149 448 2218 folium,
470 2150 548 2220 quod
566 2146 603 2204 ad
620 2149 741 2219 primam
759 2149 914 2204 sectionem
949 2149 1004 2204 'bri
1021 2149 1060 2203 XI
1075 2145 1164 2218 pertinit

188 2219 374 2304 Calendarum
388 2221 552 2303 Martiarum
567 2238 591 2276 a.
608 2225 677 2303 1869
692 2220 928 2291 significationem
940 2220 1039 2288 habet,
1055 2236 1103 2289 quo
1113 2211 1164 2297 sinii

187 2291 512 2431 resistatis
523 2309 582 2432 {lt
598 2290 1164 2439 mensuetudinis

187 2435 238 2488 est.
270 2436 418 2504 praeterea
436 2433 551 2490 Carolus
570 2435 653 2488 Ianus
667 2433 698 2488 L.
712 2433 731 2490 f.
750 2433 951 2506 benignissime
970 2434 1042 2490 inihi
1057 2431 1164 2502 inspiciu-

187 2505 254 2559 dum
276 2505 406 2576 permisit
429 2505 555 2561 eiusdem
576 2505 728 2560 voluminis
750 2505 781 2559 id
803 2505 960 2576 exemplar,
990 2506 1021 2560 in
1043 2501 1164 2576 quondm

186 2576 308 2632 tationes
326 2580 408 2649 peter
426 2577 601 2632 conscribere
621 2577 738 2632 solebat.
769 2577 800 2630 in
817 2577 862 2631 his
881 2577 1012 2633 omnibus
1025 2593 1090 2647 ques
1104 2574 1165 2627 inim

188 2649 363 2706 coniecturas
380 2648 531 2705 nonnullas
548 2647 723 2718 recipiendas
742 2647 821 2718 duxi,
844 2647 995 2718 plerasque
1017 2649 1046 2704 in
1067 2657 1164 2702 comuni·

186 2720 260 2776 tario
279 2719 444 2792 significavi,
463 2735 560 2776 omnes
579 2719 699 2788 denique
716 2717 746 2774 iii
764 2737 851 2774 unuin
869 2719 1034 2776 coniunctas
1051 2727 1164 2794 proponet·t

186 2792 242 2847 hoc
264 2792 328 2848 loco
367 2792 449 2848 lacet.
479 2792 656 2846 sentientem
674 2790 797 2846 sedecim
814 2791 881 2846 hae:
899 2791 953 2846 VH
967 2797 1003 2847 54
1020 2809 1069 2863 pro
1080 2789 1164 2844 nnn

187 2863 295 2933 recepit
307 2811 387 2946 nodet
399 2865 433 2931 is,
447 2863 497 2918 sed
510 2861 671 2917 dubitanter
683 2862 797 2932 recepit,
811 2877 878 2917 nain
891 2863 921 2918 in
937 2863 1086 2946 scripturae
1097 2859 1163 2912 obei-

187 2935 286 3004 pantla
304 2932 425 2989 addidit:
447 2935 501 2989 ‘air
517 2933 630 2989 babenti
646 2933 759 2988 snnm?'
786 2931 839 2989 VH
854 2940 887 2990 62
908 2935 1022 3004 scripsit
1038 2951 1051 2988 c
1067 2928 1162 2988 Gorndit

187 3006 301 3062 auctore
320 3004 482 3061 Deileiseno
501 3004 551 3074 qui
567 3006 701 3086 posuerat
718 3021 751 3060 ec
770 3003 907 3061 Cornelia.
949 3005 1017 3060 VH]
1034 3009 1067 3060 44
1086 3018 1126 3073 pro
1141 2995 1162 3050 d·

186 3077 283 3131 acaria
297 3075 418 3131 coniecit
431 3077 549 3142 alcano,
567 3075 673 3131 ibidem
687 3081 739 3132 182
753 3078 831 3148 eripi,
851 3082 902 3132 198
917 3077 1024 3132 sesnin
1050 3077 1073 3130 i'e
1088 3071 1177 3142 pislis¹

187 3145 227 3200 IX
242 3153 275 3202 16
293 3147 457 3215 reddituros,
477 3145 670 3216 611116ῑηῖ,
691 3153 742 3203 133
798 3165 849 3203 nae
867 3150 897 3203 et
915 3149 1037 3218 aequali,
1057 3151 1100 3200 113
1112 3153 1162 3216 pisi·

187 3217 305 3272 trutinis.
342 3217 369 3270 X
383 3223 417 3273 26
435 3218 672 3288 prolatamque,
690 3219 766 3288 quod
810 3219 937 3274 henanus
956 3211 1162 3285 coniecturalis

187 3289 357 3358 intertinctae,
372 3293 406 3342 59
420 3289 524 3356 decern
540 3294 573 3344 16
588 3289 652 3346 lilii
663 3306 715 3360 pro
728 3290 802 3360 mes,
822 3296 875 3346 166
888 3291 1025 3346 libroruin
1038 3287 1161 3358 seriptum

188 3364 283 3414 centra
295 3359 416 3416 munivit
429 3360 516 3415 citato
531 3359 754 3431 Geoponioorum
769 3361 843 3418 loco:
868 3361 909 3418 XI
922 3367 974 3417 122
990 3359 1100 3418 coniecit
1108 3365 1160 3425 pei·

188 3431 286 3511 ltnnnn
298 3429 385 3510 dotem
398 3431 445 3485 iel
453 3433 596 3500 peculiare
608 3433 752 3502 quiddam
767 3433 832 3488 XIV
841 3439 884 3502 96,
898 3434 948 3489 ubi
962 3450 1015 3505 ego
1027 3449 1076 3488 nio
1086 3425 1161 3484 iconii

190 3515 301 3569 scripsi,
319 3499 431 3570 Lipsius
449 3502 531 3574 epist
544 3505 652 3574 quaest.
671 3503 733 3558 110
752 3505 912 3560 coniecerat
928 3521 981 3560 aaa
999 3502 1118 3564 menone
1130 3507 1159 3572 ΡΨ

263 3587 325 3624 um
338 3569 459 3627 lectione
472 3589 526 3628 ena
538 3575 570 3628 in
587 3590 680 3628 innisa
698 3574 876 3630 scribendum
893 3575 1007 3646 putavit
1023 3590 1068 3631 nio
1083 3583 1131 3627 ont
1143 3579 1160 3616 11

302 3641 346 3696 vel
359 3645 527 3714 prosapiem
539 3644 598 3699 -XV
617 3650 669 3699 114
686 3646 795 3714 pennino
812 3653 987 3717 ponerentur.
