2408 3934
164 218 225 283 174
506 229 537 280 c.
559 227 655 278 amm
678 228 828 278 securas

161 389 241 450 lacus
262 386 361 465 Buges
384 386 465 447 fossa
488 385 612 446 emissus
635 386 664 444 in
684 403 774 446 mare.
810 383 879 464 lpse
900 383 999 463 Buges
1022 400 1040 444 a
1059 380 1148 446 coram

160 471 296 534 lllaeotae
313 472 412 532 lacuus
431 471 495 530 sinu
509 477 632 549 petroso
647 467 817 530 discluditur
830 469 934 530 dorso·
953 469 1059 548 recipit
1072 487 1149 530 amnes

160 557 282 636 Bugem,
298 553 451 632 Gerrhum,
465 552 618 632 Hypanim,
630 571 668 614 ex
678 552 797 614 diverso
811 555 967 615 uenientes
982 561 1083 614 tractu
1103 571 1150 614 nan

161 637 291 702 Gerrhus
305 639 465 702 Basiliadas
480 647 511 700 et
520 636 667 699 Nomadas
678 647 807 716 separat,
822 636 953 718 Hypanis
963 656 1019 717 per
1029 637 1150 698 Nomadas

161 735 192 787 et
203 724 332 802 Hylaeos
351 723 412 784 duit
429 723 605 784 manufacto
623 721 710 784 alveo
729 726 758 784 in
768 725 885 800 Bugen,
900 722 1025 784 naturali
1039 723 1069 782 in
1080 719 1173 782 (lore-s

110 817 144 872 85
160 819 228 870 tum.
252 809 337 887 regin
350 807 487 884 Scythiae
500 806 615 868 Sindica
631 807 802 868 nominatur.
830 806 890 868 Sed
905 825 922 868 a
938 804 1085 868 Carcinite
1096 805 1151 866 Tan·

160 896 221 954 rica
242 895 343 972 incipit
364 892 506 972 quondam
529 893 600 953 mari
623 892 794 954 circumfusa
823 893 941 970 etipsa
965 907 1082 970 numne
1096 908 1151 950 nunc

161 979 369 1058 campiiacent.
393 977 461 1038 dein
473 978 562 1037 rasti
574 975 717 1036 attollitur
733 977 818 1053 iugis.
843 973 975 1055 Triginta
994 983 1152 1037 sunteorun

160 1062 272 1142 populi.
297 1081 335 1122 ex
349 1063 388 1122 iis
402 1063 607 1123 mediterranei
619 1059 726 1136 XXIII,
742 1060 784 1121 vl
801 1061 907 1140 oppida
919 1059 1080 1138 Orgocyni,
1097 1055 1151 1120 cla
1195 1117 1196 1152 ,

159 1149 276 1225 raceui,
300 1146 461 1223 Assyrani,
488 1145 628 1224 Stactari,
654 1144 865 1224 Arsilachitae,
894 1142 1035 1205 Caliordi.
1075 1145 1196 1221 ingruat

159 1233 253 1311 ipsum
277 1229 463 1309 Scythotauri
485 1237 594 1291 tenent.
630 1229 782 1290 cluduntur
802 1229 839 1292 ah
864 1230 1020 1290 occidente
1048 1227 1151 1290 Cherro-

159 1333 233 1377 neso
249 1315 329 1394 Nea,
345 1316 381 1376 alt
398 1324 464 1376 orm
479 1313 596 1390 Scythis
613 1313 755 1374 Sataucis.
779 1313 878 1375 lnora
895 1312 1050 1374 allarcine
1066 1313 1152 1392 oppida

160 1399 311 1479 Taphrae,
328 1401 358 1460 in
371 1401 446 1479 ipsis
461 1399 602 1476 angustiis
617 1397 824 1478 paeninsulae,
840 1417 910 1460 mox
922 1397 1068 1460 Heraclea
1082 1396 1152 1457 (lher-

158 1501 285 1548 ronesas
300 1483 439 1545 lihertate
455 1483 621 1544 aliomanis
636 1483 781 1544 donatura
813 1482 981 1562 Megaricae
996 1483 1153 1544 vocabantur

157 1577 261 1646 antea,
277 1570 427 1649 praecipui
441 1569 546 1628 nitoris
562 1569 592 1628 in
608 1575 671 1628 toto
687 1585 725 1628 eo
741 1575 836 1629 tractu
857 1567 1013 1629 custoditis
1029 1567 1178 1629 Graeciano

107 1657 142 1716 86
158 1653 305 1732 moribus,
327 1655 454 1733 quinque
470 1653 548 1714 milia
569 1670 647 1732 pass.
670 1652 816 1714 ambiente
837 1669 929 1714 muro.
965 1651 1036 1713 lude
1054 1650 1153 1712 Parthe-

158 1740 235 1800 nium
248 1739 487 1818 promunturium,
503 1736 662 1797 laaromm
672 1738 776 1798 civitas
790 1736 899 1815 Placia,
918 1736 1086 1814 Symholum
1102 1753 1155 1815 pnr-

158 1831 223 1902 tus,
247 1823 473 1903 promunturium
493 1820 704 1901 Criumetopon
723 1822 875 1883 adversum
891 1819 1064 1883 Carambico
1079 1821 1154 1881 Asiae

157 1909 371 1987 promunturio,
386 1922 441 1986 por
451 1907 575 1968 medium
586 1906 729 1967 Euxinum
747 1923 924 1985 procurrens
937 1904 1042 1968 clxx
1052 1904 1081 1966 Μ
1091 1923 1153 1984 pass.
1194 1933 1195 1962 r

156 1992 332 2069 intervallo,
347 2007 421 2070 quas
436 1993 558 2052 maxime
573 1993 648 2052 ratio
665 1990 793 2068 Scythici
812 2009 915 2054 arcuus
934 1992 1056 2052 formam
1070 1990 1178 2051 elicita

157 2076 193 2136 ah
209 2093 246 2136 eo
262 2075 421 2136 'laarnrum
438 2083 560 2152 portuus
575 2075 655 2134 multi
671 2083 701 2136 et
715 2075 824 2136 laeuus.
851 2076 988 2155 oppidum
1003 2075 1154 2136 Theodosia

157 2170 184 2220 a·
196 2157 387 2238 Criumetopo
408 2157 516 2220 CXXV
537 2158 566 2219 Μ
583 2177 679 2238 pass,
697 2178 713 2220 a
729 2157 917 2222 Cherroneso
932 2179 1007 2222 vero
1024 2157 1155 2222 ouxvrt

156 2259 236 2323 pass.
272 2241 355 2304 Ultra
372 2244 457 2304 haere
479 2244 585 2323 oppida
600 2242 711 2322 Cytae,
734 2242 926 2323 zephyrium,
947 2245 1061 2324 Acrae,
1081 2243 1155 2322 Nym·

104 2335 138 2389 87
156 2327 296 2407 pheacum,
316 2327 378 2388 Bia.
414 2337 508 2389 restat
529 2327 619 2406 longe
635 2329 841 2389 validissimum
854 2331 884 2390 in
898 2332 965 2409 ipso
979 2329 1104 2407 Bospori
1123 2331 1155 2388 in·

156 2413 246 2472 troitu
266 2412 489 2492 Panticapaeum
504 2409 703 2490 llilesiorum,
726 2432 743 2473 a
767 2411 935 2476 Theodosia
955 2411 1117 2475 LXXXVII
1134 2411 1180 2472 tls

154 2495 181 2555 D
197 2513 286 2576 pass,
302 2514 319 2557 a
335 2495 490 2558 cimmerio
506 2515 578 2559 vero
594 2497 704 2575 oppido
720 2506 798 2558 trans
816 2499 923 2560 fretum
937 2499 995 2560 sito
1011 2497 1070 2558 ΜΜ
1082 2497 1118 2575 c,
1132 2507 1156 2557 nt

120 2605 143 2640 ra
156 2581 293 2658 diximus,
314 2599 393 2662 pass.
429 2582 510 2643 llaec
531 2582 571 2642 ihi
587 2582 707 2642 latitudo
724 2581 826 2644 Asiam
842 2582 879 2643 alt
894 2581 1015 2662 Europa
1037 2591 1155 2661 separat,

155 2684 249 2746 eaque
265 2668 329 2745 ipsa
341 2667 465 2744 pedihus
477 2666 648 2746 plerumque
660 2668 763 2747 pervia
779 2666 906 2745 glaciato
925 2667 1016 2728 freto.
1039 2667 1154 2746 Bospori

155 2748 300 2811 Cimmerii
313 2751 434 2812 latitudo
446 2749 500 2812 Xll
517 2749 582 2810 tan
595 2769 739 2829 passuum.
759 2752 865 2831 oppida
881 2751 970 2812 hahet
980 2751 1154 2828 Hermisium,

153 2833 347 2911 llyrmecium¹
358 2843 388 2896 et
411 2838 488 2896 intus
507 2835 628 2895 insulam
644 2835 808 2914 Alopecen.
846 2853 901 2914 per
915 2834 1057 2898 llaectim
1072 2846 1177 2900 auena

153 2919 188 2977 ab
202 2927 334 2979 extremo
346 2919 464 2998 isthmo,
480 2921 529 2998 qui
543 2920 626 2979 locus
638 2918 771 2998 Taphrae
786 2929 919 2998 vocatur,
938 2921 974 2982 ad
991 2939 1026 2983 os
1037 2920 1153 3001 Bospori

101 3009 136 3062 88
153 2999 252 3063 GGLX
269 3001 298 3063 Μ
313 3021 389 3083 pass.
406 3003 559 3081 longitudo
575 3003 731 3082 colligitur.
762 3003 790 3066 A
806 3002 929 3084 Taphris
945 3023 1003 3085 per
1015 3009 1154 3068 coutinen-

152 3095 210 3148 tem
232 3089 377 3148 introrsus
403 3097 504 3149 tenent
525 3086 678 3150 Auchetae
703 3089 779 3167 apud
804 3107 878 3168 quos
901 3087 1033 3169 Hypanis
1060 3093 1153 3166 oritur,

150 3170 356 3251 Neuroeapud
369 3189 443 3250 quos
454 3171 666 3250 Borysthenes,
678 3172 795 3251 Geloni,
814 3172 1032 3252 Thyssagetae,
1050 3173 1153 3250 Budini,

88 3319 92 3326 ,
149 3255 293 3318 Basilidae
312 3265 343 3316 et
360 3256 497 3317 caeruleo
513 3257 619 3336 capillo
636 3257 808 3336 Agathyrsi.
831 3276 921 3338 super
936 3276 991 3320 eos
1004 3259 1176 3332 Nomadeat

150 3340 255 3401 deinde
271 3339 533 3420 Anthropophagi,
557 3360 573 3402 a
593 3342 676 3420 Buge
696 3359 770 3403 vero
792 3361 883 3422 super
902 3341 1041 3406 Maeotim
1057 3343 1152 3405 Sauro

116 3493 122 3502 Ι
149 3433 243 3484 matae
262 3433 292 3484 et
305 3422 486 3488 Essedones.
509 3435 538 3486 at
553 3445 702 3505 peroram
716 3425 751 3486 ad
770 3425 886 3488 Tanaim
903 3445 1000 3508 usque
1014 3427 1151 3504 Maeotae,

151 3526 167 3567 a
184 3508 287 3582 quihus
304 3507 384 3569 lacus
400 3527 505 3572 nomen
520 3515 650 3591 accepit,
672 3511 823 3590 ultimique
841 3530 858 3574 a
873 3519 961 3592 tergo
978 3531 1082 3576 eorum
1095 3513 1150 3574 Ari·

530 3851 588 3902 N
