2590 3934
412 143 496 199 nir.
515 143 607 198 uisu.
627 145 666 198 ni
685 149 700 198 e
721 148 812 216 (r-e>
1061 146 1123 212 119

106 301 143 356 ut
170 297 278 356 iniuria
305 296 424 375 fugatus
451 314 507 375 per
534 294 646 374 aliquot
672 313 804 376 menses,
834 313 902 356 mox
930 313 1069 358 reversus
1092 299 1124 360 in

107 383 214 445 eodem
237 384 380 447 mIraonlo
404 385 470 445 luit.
506 385 632 445 iniuriae
652 391 835 464 potestatum
857 386 888 444 in
907 385 1068 466 hospitales
1087 386 1123 447 ad

106 473 264 535 visendum
281 476 463 548 ¹venientium
481 471 689 553 Hipponenses
709 475 740 534 in
760 491 866 534 necem
884 476 949 535 eius
973 475 1122 556 compule-

106 571 189 624 runt.
235 572 301 624 ante
332 563 405 624 haec
436 561 542 624 similia
572 563 608 624 de
634 581 729 642 puero
759 564 790 622 in
813 562 878 623 Iaso
906 563 981 625 urbe
1011 583 1121 625 memo·
1141 571 1175 622 21

77 666 92 706 s
108 660 224 735 rantur,
239 655 324 714 cuins
339 671 438 714 amore
453 659 605 732 spectatus
618 652 706 732 longo
721 660 865 733 tempore,
880 652 951 714 dum
965 651 1123 714 abeuntem

106 743 139 800 in
167 741 238 804 litus
266 742 348 802 avide
380 743 525 823 sequitur,
557 743 588 802 in
620 741 761 802 harenam
790 743 925 802 invectus
955 745 1123 822 exspiravit.

106 849 237 910 puerum
264 831 430 892 Alexander
456 830 580 910 Magnus
607 829 755 911 Babylone
779 829 928 911 Neptunia
957 832 1123 892 sacerdotio

107 921 252 998 praefecit
275 939 407 980 amorem
429 919 512 981 illum
535 922 667 981 numinis
689 921 811 1001 propitii
829 920 922 981 luisse
945 922 1122 1001 interpreta-

108 1016 167 1070 tus.
185 1006 187 1010 ’
204 1011 235 1069 in
259 1010 362 1070 eadem
384 1008 459 1070 urbe
482 1009 547 1070 Iaso
570 1008 829 1089 Hegesidemus
853 1008 957 1070 scribit
980 1017 1010 1070 et
1033 1009 1123 1070 alium

64 1113 93 1153 ro
106 1117 237 1178 puerum
263 1097 405 1160 Hermian
435 1101 555 1160 nomine
585 1098 722 1160 similiter
752 1100 844 1159 maria
875 1100 1123 1180 perequitantem‚

107 1206 178 1248 cum
200 1190 373 1268 repentinae
397 1187 543 1267 procellae
567 1187 708 1250 lluctibus
732 1189 916 1249 exanimatus
935 1195 1024 1270 esset,
1047 1186 1122 1248 rela-

106 1285 181 1359 tum,
204 1277 435 1359 delphinumque
457 1295 576 1339 causam
598 1277 651 1338 leti
669 1278 811 1339 latentem
834 1295 894 1338 non
913 1295 1068 1338 reversum
1090 1279 1122 1337 io

107 1369 200 1427 maria
228 1374 315 1446 atque
343 1369 374 1427 in
402 1368 481 1428 sicco
510 1368 689 1446 exspirasse.
734 1366 791 1427 hoc
818 1366 898 1426 idem
926 1374 956 1426 et
979 1365 1123 1446 Naupacti
1141 1371 1175 1420 28

108 1455 251 1517 accidisse
275 1455 547 1535 Theophrastus
570 1455 669 1516 tradit.
706 1474 762 1516 nec
785 1455 891 1517 modus
910 1455 1122 1534 exemplorum.

67 1560 94 1600 15
109 1545 213 1606 eadem
245 1544 431 1625 Amphilochi
464 1552 493 1605 et
525 1544 679 1606 Tarentini
711 1545 747 1605 de
779 1546 882 1624 pueris
915 1543 1122 1623 delphinisque

107 1642 239 1696 narrant.
285 1653 360 1714 quae
381 1634 493 1694 iaciunt
515 1641 549 1694 ut
572 1633 711 1694 credatur
729 1634 870 1694 Arionem
888 1651 1007 1712 quoque
1031 1632 1122 1693 citha·

107 1725 245 1785 roedicae
277 1725 363 1805 artis,
392 1723 561 1784 interficere
592 1725 690 1784 nautis
719 1725 751 1783 in
780 1724 855 1782 mari
883 1721 1058 1802 parantibus
1082 1721 1123 1796 *ad

109 1813 342 1894 intercipiendos
366 1813 430 1873 eius
454 1819 609 1892 quaestus,
634 1810 817 1873 eblanditum
839 1819 873 1872 ut
894 1813 979 1890 prius
1003 1818 1123 1871 caneret

110 1903 222 1964 cithara
251 1903 438 1982 congregatis
468 1907 558 1962 cantu
589 1900 750 1982 delphinis,
782 1919 851 1961 cum
881 1918 913 1960 se
943 1901 1063 1961 iecisset
1091 1901 1123 1960 in

69 2007 97 2046 20
110 2011 201 2074 mare,
224 2000 382 2072 exceptum
405 1989 442 2050 ab
465 2008 525 2052 uno
549 1989 771 2051 Taenarumin
793 1989 864 2050 litus
886 1996 1069 2069 pervectum.

176 2075 228 2164 (9)
252 2080 306 2143 Est
319 2081 488 2160 provinciae
502 2077 704 2140 Narbonensis
729 2088 759 2140 et
776 2080 808 2139 in
821 2077 1028 2140 Nemausiensi
1052 2095 1122 2156 agro
1141 2093 1175 2143 22

109 2179 247 2250 stagnum
264 2169 392 2231 Laterna
415 2167 601 2251 appellatum,
624 2168 676 2231 ubi
695 2186 764 2230 cum
782 2167 902 2228 homine
921 2165 1054 2247 delphini
1076 2185 1122 2227 so-

110 2263 216 2321 cietate
243 2261 405 2340 piscantur.
449 2260 607 2319 innumera
634 2260 679 2319 vis
711 2257 855 2338 mugilum
885 2264 961 2318 stato
988 2264 1123 2336 tempore

83 2377 84 2382 κ
111 2351 244 2428 angustis
267 2347 402 2408 faucibus
422 2349 518 2427 stagni
541 2349 572 2408 in
591 2366 672 2408 mare
697 2349 827 2426 erumpit
850 2344 1006 2407 observata
1024 2353 1124 2406 aestus

71 2451 98 2493 ss
111 2439 357 2518 reciprocatione.
403 2454 461 2515 qua
484 2435 519 2496 de
544 2454 632 2496 causa
654 2435 810 2516 praetendi
832 2453 892 2495 non
912 2442 1026 2514 queunt
1048 2436 1124 2495 retia

110 2546 208 2607 neque
238 2525 331 2587 moles
360 2525 501 2605 ponderis
530 2523 590 2585 ullo
621 2519 708 2585 modo
738 2524 893 2604 toleretur,
923 2525 1037 2584 etiamsi
1063 2541 1124 2583 non

112 2616 242 2678 sollertia
268 2613 427 2676 insidietur
454 2615 590 2693 tempori.
637 2613 725 2674 simili
748 2615 862 2674 ratione
886 2614 917 2672 in
941 2610 1033 2673 altum
1055 2630 1123 2690 pro-

111 2709 191 2768 tinus
214 2704 341 2766 tendunt
355 2703 435 2783 quod
448 2705 545 2763 vicino
558 2704 675 2782 gurgite
694 2701 832 2782 efficitur,
855 2700 1013 2780 locumque
1028 2699 1124 2760 solum

111 2796 273 2876 pandendis
300 2792 416 2854 retibus
443 2791 571 2853 habilem
598 2793 729 2871 elingere
757 2791 908 2852 festinant.
962 2788 1042 2868 quod
1071 2787 1123 2850 ubi
1142 2798 1188 2854 ὅθ’

72 2899 99 2940 so
112 2884 345 2946 animadvertere
377 2884 527 2964 piscantes
565 2914 606 2924 -
645 2881 798 2942 concurrit
831 2887 930 2940 autem
966 2877 1125 2939 multitudo

5 3041 15 3076 ᾧ
182 3075 390 3143 apotesiatum
412 3089 437 3127 u.
469 3074 540 3127 -lem
563 3073 590 3127 ll.
701 3076 733 3124 12
753 3085 866 3124 eausam
889 3084 914 3123 o.
946 3084 990 3122 -sa
1007 3068 1036 3128 ll.

115 3150 147 3199 13
166 3145 320 3214 exspirasse
342 3161 368 3199 o.
400 3143 470 3214 spir·
493 3144 520 3199 u.
595 3146 628 3197 15
653 3142 807 3210 eademque
829 3143 854 3193 d.
873 3155 913 3194 aa
930 3138 1030 3194 ssadem
1047 3155 1125 3192 nam-

112 3214 451 3286 queoelenimiletii.
470 3216 611 3270 inuras.
630 3229 681 3269 mn.
700 3231 723 3268 r.
798 3217 830 3266 ir
849 3209 941 3265 initi.
960 3226 1011 3266 om.
1030 3227 1053 3264 r.
1148 3247 1150 3251 ,

113 3293 145 3342 21
165 3286 353 3342 nemausiensi
370 3291 416 3342 du.
444 3303 486 3341 -se
504 3291 582 3342 lira.
610 3284 786 3342 nemusiense
804 3288 836 3338 R.
886 3286 920 3338 22
939 3280 1049 3336 laterna
1067 3279 1125 3336 αὐ.
1151 3333 1154 3336 .

114 3375 188 3414 -erra
206 3358 243 3412 (12.
281 3374 341 3412 -era
362 3375 407 3414 re.
515 3363 549 3413 26
571 3373 663 3426 neque
689 3371 744 3426 eqo.
777 3369 866 3423 aeque
889 3353 917 3408 ll.
951 3354 973 3421 l,
989 3352 1077 3407 moles
1101 3370 1126 3406 a.

114 3447 170 3486 -em
187 3447 211 3486 r.
232 3432 236 3500 l
256 3429 315 3485 ullo
334 3445 388 3499 ego.
413 3429 491 3483 nullo
511 3429 539 3483 ll.
557 3446 581 3484 o.
610 3446 649 3482 on
666 3422 946 3495 namque..nullo?
967 3423 1128 3492 {toleretur

114 3504 183 3560 ocni.
197 3501 259 3558 Sili.
288 3500 403 3556 tolletur
415 3506 447 3554 n.
465 3501 621 3555 toleratura
639 3499 669 3552 s²
682 3500 715 3552 ia
727 3514 782 3553 ras.
805 3497 928 3552 tolerent
940 3496 977 3550 (1¹.
1002 3495 1075 3549 holer
1088 3494 1126 3550 d'.
1287 3527 1288 3540 ι

113 3575 259 3632 tolleretur
276 3590 299 3628 r.
368 3571 665 3626 subsidiandum.
734 3574 767 3624 28
786 3586 842 3638 quo
860 3573 937 3622 Mc.
1005 3572 1127 3636 291221-
1287 3577 1288 3649 p

114 3647 211 3704 dandis
229 3651 253 3700 d.
283 3645 331 3698 -lis
349 3649 428 3699 lilla.
458 3645 511 3698 -tes
530 3641 793 3715 r.lrebus1t1‘1i¹.
