2590 3934
313 143 397 197 NA'r.
416 144 508 198 HIST.
527 145 592 198 Vtri
611 152 715 198 oe-aa
737 145 862 214 (aa-er)
1034 146 1095 208 109

80 293 277 374 distinguere,
309 293 378 354 luna
407 311 476 354 cava
503 296 605 356 tristes
633 313 699 356 esse
728 295 836 374 quibus
864 297 895 356 in
923 315 958 356 eo
986 315 1095 375 genere

80 382 173 442 cauda
197 384 248 463 sit,
281 401 385 443 novam
409 383 605 444 exsultatione
629 383 754 444 adorari.
794 403 861 446 nam
885 385 1035 446 desectum
1058 389 1095 446 si-

79 472 185 532 derum
216 480 246 532 et
273 481 390 534 ceterae
417 481 525 552 pavent
553 473 758 552 quadripedes.
805 477 958 541 simiarum
985 478 1088 553 generi
1098 483 1149 530 216

78 564 238 641 praecipua
262 581 331 640 erga
354 563 448 624 letum
472 563 607 624 adlectio.
640 570 757 642 gestant
780 563 893 626 catulos
909 583 991 642 quae
1013 579 1095 627 inarr-

49 651 228 711 ssuelactae
266 653 343 711 intra
380 652 483 712 domos
520 671 679 733 peperere,
718 652 856 714 omnibus
893 653 1096 714 demonstrant

79 742 259 818 tractarique
283 741 424 822 gaudent,
455 741 682 820 gratulationem
709 741 952 822 intellegentibus
976 743 1096 804 similes,

78 831 178 908 itaque
210 847 314 907 magua
345 849 380 890 ex
411 840 494 909 parte
525 831 748 910 complectendo
779 839 894 892 necant.
947 833 1098 892 efferatior

80 918 287 998 cynocephalis
320 928 423 980 natura
457 923 534 980 sicut
567 923 721 982 unitissima
754 923 868 1000 satyris,
918 921 1097 982 callitriches

79 1014 142 1068 toto
170 1027 263 1086 paene
294 1017 416 1087 aspectu
445 1009 598 1089 differunt,
630 1009 721 1070 barba
750 1018 795 1070 est
825 1013 856 1070 in
884 1011 971 1090 sanie,
1004 1011 1104 1070 cauda.

34 1112 64 1151 10
79 1095 138 1158 late
157 1097 221 1156 lusa
241 1099 365 1176 primori
385 1106 477 1176 parte,
510 1099 566 1158 boc
590 1099 696 1158 animal
720 1108 845 1177 negatur
864 1101 961 1160 virere
986 1102 1015 1159 in
1040 1099 1096 1160 alio

79 1204 168 1264 quam
191 1187 363 1265 Aethiopiae
389 1203 447 1265 qno
471 1189 602 1266 gignitur
626 1189 715 1248 caelo.

147 1269 204 1338 bb.
229 1269 303 1358 (81)
334 1275 372 1336 Et
394 1276 530 1356 leporum
554 1276 639 1356 plura
663 1286 733 1338 sunt
755 1296 872 1355 genera.
910 1280 940 1343 iu
964 1276 1087 1357 Alpibus
1097 1285 1149 1332 217

79 1365 197 1426 candidi
225 1365 333 1444 quibus
362 1365 495 1426 bibernis
523 1366 676 1428 mensibus
704 1385 758 1446 pro
783 1367 882 1426 cibatu
910 1369 1007 1428 niveur
1033 1385 1096 1428 cre·

79 1455 154 1514 dunt
177 1473 252 1516 esse.
283 1463 364 1516 certe
383 1455 566 1534 liquescente
591 1475 625 1518 ea
644 1455 822 1516 rutilescunt
846 1458 930 1516 anuis
950 1455 1096 1537 omnibus,
1181 1456 1184 1463 “

34 1561 63 1600 15
80 1553 110 1604 et
130 1553 175 1604 est
193 1544 302 1623 alioqui
326 1545 431 1606 animal
450 1545 627 1606 intolerandi
646 1547 754 1624 rigoris
773 1545 932 1609 alumnum.
961 1545 1096 1624 leporum

79 1637 198 1712 generis
222 1642 292 1694 sunt
316 1642 346 1694 et
370 1653 443 1713 quos
462 1634 602 1714 Hispania
626 1634 781 1696 cuniculos
804 1634 940 1716 appellat,
963 1635 1095 1696 fecundi-

80 1725 148 1783 tatis
171 1726 348 1805 inuumerae
366 1724 532 1803 famemque
552 1724 701 1784 Baliarum
724 1723 828 1784 insulis
849 1723 997 1803 populatis
1020 1743 1095 1784 mes-

81 1811 163 1872 sibus
186 1813 361 1874 adlerentes
401 1814 599 1878 setusssventri
623 1821 759 1874 exsectos
784 1813 828 1872 rel
852 1812 995 1874 uberibus
1019 1812 1095 1872 abla-

81 1910 127 1962 tos
150 1921 209 1962 rroo
233 1905 401 1982 repurgatis
424 1905 585 1964 interaneis
608 1904 776 1981 gratissimo
801 1905 832 1962 in
856 1901 955 1962 cibatu
978 1901 1096 1962 babent.

35 2009 65 2048 ao
81 1991 208 2053 laurices
227 2000 339 2052 vocant.
368 2001 484 2052 certum
508 2001 553 2052 est
571 1991 731 2052 baliaricos
750 1991 892 2050 adversus
910 1999 1149 2069 proventum218

81 2099 186 2142 eorum
213 2081 354 2142 arixilium
382 2081 508 2142 militare
536 2101 553 2140 a
576 2082 642 2142 divo
667 2081 800 2159 Augusto
827 2082 947 2160 petisse.
993 2099 1097 2159 magna

81 2179 203 2250 propter
227 2178 365 2232 venatum
389 2189 458 2234 enm
480 2173 605 2232 viverris
627 2173 720 2250 gratia
744 2178 797 2230 est.
844 2171 970 2230 iniciunt
994 2188 1043 2228 eas
1066 2171 1097 2230 in

82 2278 189 2339 specus
213 2263 264 2339 qui
292 2269 362 2321 sunt
386 2261 552 2322 multifores
579 2262 610 2320 in
634 2268 714 2326 terra
754 2293 795 2301 -—
828 2258 907 2320 unde
936 2267 965 2319 et
989 2277 1097 2318 nomen

82 2349 200 2410 ammali
237 2383 278 2392 -—
311 2358 400 2430 atque
428 2353 469 2410 ita
492 2353 603 2410 eiectos
631 2367 761 2428 superne
791 2351 919 2427 capiunt.
965 2347 1096 2408 Arche·

37 2457 66 2497 25
82 2440 160 2500 laus
181 2447 349 2500 auctorest
368 2448 441 2518 quot
460 2442 519 2500 sint
538 2438 679 2519 corporis
692 2455 835 2500 cavernae
854 2438 889 2498 ad
909 2445 1098 2500 excrementa

82 2530 191 2609 lepori,v
208 2529 331 2588 totidem
360 2548 452 2590 annos
476 2548 541 2590 esse
566 2531 677 2590 aetatis.
724 2529 822 2587 varius
848 2534 938 2586 certe
954 2544 1098 2586 urrmerus

82 2619 240 2697 reperitur.
286 2617 378 2678 idem
408 2626 564 2698 utramque
595 2620 654 2678 vim
684 2615 808 2696 singulis
840 2617 938 2676 inesse
968 2634 1002 2676 ac
1033 2617 1096 2676 sine

82 2727 163 2770 mare
192 2725 285 2786 aeque
313 2709 444 2786 gignere.
489 2707 616 2786 benigna
644 2709 723 2768 eirca
750 2705 806 2765 hoe
831 2712 935 2764 natura
962 2706 1151 2764 innocnaala

83 2808 113 2858 et
143 2797 294 2860 esculenta
324 2796 459 2858 animalia
489 2797 616 2858 leeunda
645 2797 804 2875 generavit.
851 2794 936 2874 lepus
966 2794 1099 2854 omnium

40 2905 69 2943 ao
82 2888 208 2968 praedae
232 2905 357 2947 nascens
381 2886 461 2946 solus
484 2893 603 2964 praeter
618 2885 804 2965 „dasypodem
832 2883 997 2962 superfetat
1020 2881 1098 2941 aliud

83 2979 221 3057 educans,
245 2976 324 3036 aliud
342 2978 374 3036 in
393 2983 479 3036 utero
502 2974 569 3054 pilis
588 2977 734 3055 vestitum,
758 2972 836 3033 aliud
855 2972 996 3052 inplume‚
1019 2969 1098 3030 aliud

83 3067 253 3126 inchoatum
277 3084 384 3144 gerens
403 3067 522 3145 pariter.
554 3082 692 3138 necnon
716 3070 747 3124 et
765 3071 863 3124 vestes
886 3061 1020 3141 leporino
1038 3059 1098 3139 pilo

119 3215 298 3222 .--..-.--.-...-..

158 3291 364 3360 1distingnere
383 3292 424 3354 ΕΡ.
452 3293 550 3348 -uenbe
566 3295 642 3344 Bdo.
671 3305 718 3344 -ue
737 3306 760 3344 r.
847 3287 988 3342 osimiles
1007 3285 1099 3340 Haud.

85 3365 131 3420 —lis
155 3369 260 3426 lina.
289 3361 366 3418 -liter
389 3367 406 3415 d
428 3363 533 3432 (itaque
552 3379 602 3421 oen.
621 3362 670 3429 11¹).
711 3413 716 3422 ,
761 3357 1101 3438 8mitisaimaedd3ante

85 3437 177 3498 Haud.
205 3436 256 3503 cfr.
272 3434 359 3496 Solio.
373 3439 422 3500 27,
436 3439 481 3490 60.
506 3434 655 3490 ,miersima
678 3432 723 3486 12².
748 3448 809 3488 nnat
823 3448 846 3486 r.
938 3433 970 3482 15
995 3428 1101 3496 alioqui

84 3515 115 3563 a.
148 3506 263 3576 aliquod
286 3505 376 3563 Drld.
400 3505 495 3574 aliquo
514 3505 577 3560 1¹2.
603 3506 608 3573 Ι
630 3504 719 3575 uigori
736 3509 768 3564 R.
808 3506 864 3564 v28
883 3499 1041 3554 adferentes
1059 3500 1099 3554 ed.

84 3582 153 3636 Bae.
181 3595 256 3634 -reus
276 3580 303 3634 ll.
332 3595 371 3634 aa
389 3577 487 3634 -renbis
507 3575 614 3646 trebel?
711 3582 742 3630 19
764 3575 979 3654 repurgatas-a.
1066 3577 1100 3624 20

86 3652 208 3708 sauricen
228 3651 300 3706 Dett.
319 3651 389 3706 coni,
409 3651 468 3705 coll.
486 3654 502 3715 5
519 3654 588 3706 223.
662 3654 695 3700 31
716 3646 847 3703 vestitum
865 3662 890 3699 o.
919 3645 992 3696 nunt
1010 3643 1037 3697 u.
1093 3701 1096 3708 ⁴
