2364 3930
216 192 280 256 132
567 189 597 246 C.
615 189 715 244 PLINI
734 187 889 244 SECUNDI

214 345 344 423 pariant,
371 341 427 402 hoc
451 359 546 420 genus
572 339 668 402 solum
695 347 729 404 ut
752 359 786 400 ea
809 357 883 420 quae
908 347 972 402 cete
995 339 1121 420 appellant
1139 359 1163 398 m

216 431 275 492 mal
297 433 376 510 parit
398 438 523 510 excepta
547 449 636 509 quam
659 448 761 490 ranam
784 437 897 490 vocant.

162 526 197 576 le
286 514 344 581 25.
369 513 443 602 (41)
466 519 521 580 Est
543 538 652 600 parvus
676 519 834 580 admodum
857 520 948 598 piscis
971 517 1099 580 adsuetus
1118 527 1164 596 petr

217 609 356 672 echeneis
379 609 550 689 appellatus.
592 608 651 668 hoc
675 610 783 671 carinis
807 607 984 670 adhaerente
1007 625 1087 668 nares
1102 607 1164 668 tardi

215 701 260 760 ire
279 698 445 760 creduntur
461 698 531 760 inde
550 699 671 758 nomine
690 699 828 778 inposito,
852 715 941 776 mam
959 695 997 757 ob
1016 714 1119 758 causam
1133 715 1164 755 an

215 789 301 849 toriis
325 806 443 866 quoque
463 787 613 848 veneficiis
631 787 749 848 infamis
768 795 814 848 est
836 795 867 848 et
884 786 1060 848 iudiciorum
1077 784 1162 846 aelith

215 896 312 958 mora,
343 895 418 956 quae
442 878 566 938 crimina
593 894 653 936 una
679 876 766 938 laude
789 884 895 956 pensat
920 875 1020 938 tluxus
1043 874 1164 954 gravidam

216 974 303 1028 utero
328 968 437 1046 sistens
460 973 623 1046 partusque
647 967 805 1026 continens
830 966 866 1026 ad
888 967 1085 1046 puerperium.
1121 967 1163 1024 ini

216 1055 270 1116 hos
294 1063 393 1116 tamen
417 1074 477 1116 uon
498 1054 672 1116 admittitur.
712 1054 805 1134 pedes
823 1073 893 1115 eum
910 1053 1022 1116 hahere
1040 1053 1164 1116 arbitranti

163 1154 198 1200 80
216 1145 434 1206 Aristoteles
457 1147 498 1205 ita
511 1146 607 1224 posita
624 1147 783 1224 pinnarum
798 1143 1000 1206 similitudine.
1044 1143 1164 1204 Muciam

217 1235 362 1296 muricem
385 1252 451 1294 esse
474 1233 611 1296 latiorem
633 1252 780 1314 purpura,
806 1251 905 1312 neque
931 1252 1040 1313 aspero
1062 1249 1164 1311 nequer

216 1322 309 1384 titudo
329 1341 381 1382 ore
401 1341 498 1402 neque
517 1325 548 1384 in
568 1323 691 1402 angulos
710 1322 877 1402 prodeunte
896 1330 1007 1404 rostro,
1027 1322 1076 1382 sed
1092 1317 1164 1398 simpli

216 1412 481 1490 concharumque
504 1411 597 1473 latere
621 1431 687 1472 sese
711 1411 877 1491 colligente.
909 1411 1033 1491 'quibus
1051 1411 1164 1472 inhaereo

216 1501 273 1562 hus
295 1499 413 1580 plenam
432 1503 527 1561 ventis
550 1503 669 1562 stetisse
690 1520 793 1562 navem
811 1509 980 1580 portantem
1000 1503 1111 1562 nuntios
1128 1495 1164 1558 al

217 1589 337 1652 riandro
370 1598 404 1650 ut
431 1597 634 1652 castrareutur
663 1589 779 1650 nobiles
806 1593 905 1672 pueri,
936 1589 1115 1668 conchasque
1139 1603 1164 1664 qo

217 1679 247 1740 id
267 1680 475 1758 praestiterint
498 1678 575 1758 apud
600 1678 773 1740 Cnidiorum
796 1677 942 1740 Venerem
965 1680 1035 1740 coli.
1078 1675 1164 1738 Trai*

217 1767 326 1846 Niger
358 1767 493 1847 pedalem
521 1787 586 1836 esse
617 1776 647 1830 et
674 1769 872 1830 crassitudine
902 1771 1036 1848 quinque
1064 1767 1138 1846 digito

218 1875 307 1916 naves
330 1858 454 1938 morari,
483 1866 638 1937 praeterea
665 1857 742 1919 hanc
770 1877 835 1928 esse
859 1860 918 1918 vim
944 1859 1013 1919 eius
1036 1857 1154 1919 adservati

165 2133 199 2182 81
218 2034 362 2186 malda}
376 2119 450 2208 (42)
483 2124 598 2186 Mutant
625 2122 757 2186 colorem
784 2125 942 2187 candidum
968 2144 1074 2188 menae
1099 2133 1124 2186 et

116 1953 118 1958 ’
218 1945 278 2006 sale
302 1953 336 2006 ut
355 1965 461 2007 aurum
480 1946 561 2026 quod
580 1947 725 2008 deciderit
743 1949 774 2008 in
793 1947 951 2008 altissimos
968 1954 1079 2028 puteos
1095 1945 1163 2252 344(

219 2220 329 2274 aestate
353 2215 509 2293 nigriores
554 2221 650 2275 mutat
673 2221 703 2276 et
725 2214 842 2296 phycis,
868 2214 984 2295 reliquo
1008 2224 1132 2295 tempore

1149 2231 1162 2269 i.

219 2302 299 2383 dida,
330 2321 399 2363 rere
423 2305 511 2364 varia.
567 2303 668 2364 eadem
697 2305 825 2384 piscium
853 2303 915 2364 sola
943 2304 1076 2366 nidificat
1102 2323 1130 2364 cr

218 2399 307 2472 atque
329 2394 363 2453 iu
385 2393 455 2452 nido
478 2394 565 2472 parit.
1152 2319 1162 2558 (

165 2492 199 2540 se
287 2474 361 2564 (43)
393 2480 477 2543 Volat
499 2481 641 2563 hirimdo,
665 2499 736 2542 sane
759 2499 903 2562 perquam
926 2483 1033 2545 similis
1056 2481 1149 2544 volucri

219 2571 353 2650 rondini,
382 2572 455 2632 item
477 2570 596 2632 miluus.
644 2564 702 2633 27.
734 2570 814 2631 subit
836 2573 867 2640 in
891 2591 1007 2634 summa
1031 2574 1116 2633 maria
1133 2569 1161 2648 pii

219 2679 256 2719 er
279 2667 454 2738 argumento
478 2659 642 2740 appellatus
664 2659 801 2741 lucerua,
832 2659 990 2740 linguaque
1014 2663 1098 2742 ignea
1117 2677 1157 2739 pes

219 2756 338 2809 exserta
361 2748 528 2828 tranquillis
547 2748 686 2810 noctibus
706 2748 828 2811 relucet.
865 2749 971 2812 attollit
991 2771 1007 2810 e
1027 2753 1099 2812 mari
1114 2765 1149 2808 sc:

219 2838 352 2916 pedauea
375 2838 438 2898 fere
462 2857 574 2899 cornua
604 2856 679 2916 quac
708 2837 744 2899 ab
773 2838 819 2898 his
847 2858 956 2901 nomen
983 2843 1081 2901 traxit.
1122 2855 1147 2896 ru

220 2926 310 2986 draco
329 2928 461 2986 marinus
481 2935 584 3006 captus
603 2935 692 3006 atque
710 2930 852 2989 inmissus
869 2931 901 2988 in
920 2929 1061 2990 harenam
1079 2941 1160 3012 carnq

221 3013 278 3074 sihi
302 3022 400 3074 rostro
424 3017 497 3074 mira
522 3016 672 3077 celeritate
697 3026 825 3078 excavat.

291 3192 308 3240 9
328 3185 479 3240 arbitratur
492 3202 517 3240 c.
531 3188 595 3242 dist.
606 3189 698 3244 Ianus
712 3189 771 3244 coll.
781 3188 868 3245 Arist.
884 3191 908 3244 h.
918 3207 944 3246 a.
955 3193 1030 3246 1114
1037 3207 1071 3260 p.
1082 3178 1152 3245 rosh

293 3263 326 3311 ιο
345 3256 375 3311 u
394 3258 524 3328 apposui
542 3262 591 3313 au.
615 3261 966 3328 catarinensem
984 3262 1086 3334 repom
1102 3225 1159 3313 id

220 3330 283 3384 mue
301 3329 376 3398 quid.
467 3334 500 3384 12
524 3329 652 3400 simplice
670 3331 707 3384 e²
728 3333 760 3386 iu
777 3349 864 3403 marp.
883 3333 920 3386 α’.
957 3333 1039 3404 plici
1058 3332 1098 3386 Ρ.
1128 3345 1156 3382 su*

218 3401 264 3472 siff
278 3400 322 3453 1¹.
355 3399 379 3452 si
396 3417 419 3454 r.
435 3403 440 3468 1
459 3407 490 3455 13
510 3401 618 3456 concha
636 3403 686 3458 del.
705 3402 746 3456 12.
828 3411 862 3459 14
879 3405 994 3460 nuncios
1011 3421 1030 3459 a
1047 3403 1089 3458 1¹.
1113 3419 1156 3456 nun

220 3473 257 3522 32
275 3487 325 3524 om.
344 3487 367 3525 r.
415 3476 447 3525 15
466 3478 587 3540 quaen.
607 3489 657 3528 orn.
676 3491 699 3528 r.
764 3479 798 3528 18
816 3475 913 3532 insuar
932 3481 1013 3530 nn
1081 3479 1158 3529 utne

220 3547 304 3595 urle.
332 3541 424 3596 hieme
438 3561 462 3596 a.
490 3543 519 3598 in
538 3543 630 3598 hieme
650 3549 674 3600 d.
783 3552 818 3602 25
836 3547 956 3604 mundo
975 3547 1032 3602 (Ιύ.
1051 3564 1098 3601 mc.
1115 3561 1132 3596 r.

222 3617 256 3664 26
275 3611 377 3665 miluus
395 3612 474 3666 ΒΨ.
502 3613 586 3668 milne
604 3614 635 3668 d²
652 3616 685 3670 in
703 3633 757 3671 ras.
786 3617 862 3674 milis
880 3637 903 3674 r.
988 3624 1020 3674 ΕΠ
1040 3618 1145 3689 ignea*

221 3696 294 3745 gneo
312 3685 343 3733 R.
371 3681 474 3736 lineam
493 3689 517 3736 d.
537 3701 587 3739 om.
606 3703 628 3739 r.
