2302 3938
321 193 402 244 aas.
421 195 511 245 nasu.
530 197 564 244 v.
581 189 606 243 1.
627 177 684 265 (1.)
945 177 1007 246 185

42 348 119 426 barat,
134 350 224 428 inquo
241 349 410 412 crocodilos
424 351 515 429 gigni.
547 349 615 412 dein
632 350 725 411 sinum
738 347 861 412 ucxvl
879 347 909 409 ll
927 365 1005 428 pass.
1024 355 1058 410 lt

41 433 117 494 includi
135 435 228 494 montis
254 433 366 495 bracae
386 436 587 514 promunturio
609 443 786 496 excurrente
812 435 843 495 in
862 451 1007 512 occasum,

42 517 94 594 qnod
114 516 265 596 appelletur
293 517 485 580 Surrentium.
522 526 634 598 postea
648 516 754 580 flumen
771 518 903 596 Salsum,
931 517 1008 580 ultra

41 600 93 678 qaod
109 600 258 680 Aethiopas
280 601 445 681 Perorsos,
466 619 588 682 quorum
613 620 630 663 a
651 609 737 680 tergo
757 601 925 664 Pharusios.
961 600 1007 662 bis
1046 604 1049 610 '

25 686 94 762 riangi
110 686 135 746 iu
154 686 365 748 mediterraneo
389 684 529 750 Gaetulos
550 685 659 764 Daras,
680 695 709 748 at
728 688 758 746 in
775 703 827 748 ora
842 685 1008 764 Aethiopas

40 766 161 848 llaratitas,
181 769 285 831 ilumen
306 769 477 832 Bambotum
499 771 657 832 crocodilis
674 769 942 850 etbippopotamis
962 788 1008 830 re·

39 854 120 930 tertam..
147 853 180 914 ab
195 872 232 915 eo
247 863 364 916 montes
380 863 542 935 perpetuos
558 873 651 934 usque
672 854 708 916 ad
723 873 789 914 enm
803 872 890 934 quem
905 851 1008 914 Theon

40 935 123 996 aelam
135 936 289 1027 dicemus„
303 937 372 1000 inde
393 939 429 1002 ad
448 939 676 1018 promunturium
699 936 872 1018 llesperium
891 935 1053 1015 naviga-,⁸0¹2

37 1021 90 1080 tione
107 1021 207 1082 dierum
229 1041 264 1084 ac
284 1025 412 1084 noctium
433 1022 469 1084 Χ.
495 1025 525 1082 in
552 1021 706 1084 mediceo
738 1025 834 1102 spatio
860 1021 1008 1082 Atlantem

18 1103 112 1164 alocavit
129 1108 232 1167 ceteris
255 1107 387 1168 omnibus
408 1108 438 1168 in
467 1108 606 1168 extremis
626 1105 825 1168 Mauretaniae
851 1106 1006 1186 proditum.

37 1185 129 1250 lanana
147 1208 222 1252 arma
244 1193 367 1271 primum
389 1189 511 1252 Glaudio
526 1191 660 1272 principe
675 1191 705 1252 in
719 1189 898 1252 blauretania
918 1189 1009 1250 bella·
1027 1193 1058 1245 tl

36 1289 82 1331 rara
97 1271 284 1336 Ptolomaeum
305 1293 408 1354 regem
430 1293 446 1335 a
470 1273 542 1335 Gaio
565 1271 693 1337 Caesare
713 1276 919 1353 interemptum
939 1273 1008 1332 ulci-

35 1364 105 1417 scente
123 1358 228 1420 liberto
244 1359 434 1436 Aedemone,
455 1358 730 1439 refugientibusque
745 1358 876 1420 barbaris
891 1366 1009 1418 uentum

35 1449 114 1501 canstat
126 1443 159 1504 ad
172 1453 302 1504 montem
313 1443 472 1505 Atlantem.
498 1461 554 1504 uec
569 1443 664 1504 solum
678 1442 831 1504 consulatu
847 1442 1008 1522 perfunctis

16 1532 93 1602 tatqne
110 1545 124 1586 e
143 1536 245 1589 senatu
266 1527 388 1589 ducibus
409 1529 457 1606 qui
480 1536 540 1588 tum
567 1546 617 1589 res
638 1545 765 1605 gessere
786 1526 840 1588 sed
862 1526 1009 1605 equitibus

33 1627 117 1688 qnoque
134 1610 273 1672 Romanis
305 1613 354 1691 qui
377 1629 416 1672 en
436 1629 475 1674 eo
495 1611 652 1690 praefuere
674 1611 716 1671 ibi
745 1610 893 1672 Atlantem
918 1628 1009 1690 pene·

34 1699 98 1752 trasse
115 1697 141 1754 in
164 1696 261 1773 gloria
284 1695 347 1756 init.
394 1697 521 1774 quinque
544 1703 611 1756 sunt
634 1697 680 1774 (ut
701 1695 840 1772 diximus)
860 1693 1008 1754 Romanae
1027 1706 1061 1758 12

32 1775 129 1840 colonae
149 1780 178 1840 in
199 1799 236 1842 ea
261 1781 433 1860 provincia,
458 1781 648 1858 perviumque
668 1779 761 1840 lamae
782 1778 875 1839 videri
897 1786 1007 1858 potest.
1030 1797 1042 1830 a

33 1861 65 1918 rad
77 1861 99 1921 id
112 1863 283 1943 plerumque
307 1863 523 1925 fallacissimum
545 1865 749 1943 experimento
769 1861 1008 1942 deprehenditur,
1017 1844 1060 1882 Μ’

16 1945 74 2020 tqria
87 1945 256 2026 dignitates,
277 1966 342 2008 cnm
363 1948 502 2026 indagare
522 1965 593 2009 vera
615 1948 733 2026 pigeat,
755 1949 939 2026 ignorantiae
960 1964 1008 2025 pu·

32 2027 78 2088 dore
89 2033 194 2094 mentiri
210 2051 273 2094 non
294 2035 377 2112 piget
384 2075 394 2110 ,
419 2031 488 2092 baut
503 2031 562 2092 alio
585 2031 653 2092 lidei
673 2032 814 2112 proniore
827 2031 911 2111 lapsu
926 2047 1010 2111 quam
1083 2077 1084 2082 1

33 2109 60 2169 ubi
75 2113 154 2176 ialsae
172 2119 217 2178 rei
239 2119 341 2195 grauis
367 2125 469 2178 auctor
483 2117 594 2177 existit.
647 2117 781 2194 equidem
801 2118 894 2178 minus
919 2117 1010 2176 miror

30 2196 164 2277 inconperta
180 2201 324 2280 quaedam
345 2219 414 2262 esse
430 2201 576 2278 equestris
595 2201 705 2261 ordinis
722 2200 805 2278 viris,
820 2201 877 2262 iam
892 2217 964 2262 aero
981 2207 1011 2259 et
1110 2253 1112 2258 .

31 2291 125 2344 senatum
140 2285 206 2346 inde
221 2284 415 2363 intrantibus,
431 2303 514 2364 quam
534 2283 683 2362 luxuriae,
706 2285 787 2344 onius
808 2285 1010 2345 ellicacissima

16 2365 57 2423 tria
77 2372 188 2432 sentitur
214 2379 305 2448 atque
327 2369 465 2446 maxima,
492 2387 556 2429 cum
581 2369 665 2429 ebori
689 2369 764 2430 citro
790 2368 882 2430 silvae
908 2370 1009 2446 exqui-

28 2458 113 2529 rantur,
141 2471 243 2514 omnes
259 2509 262 2516 r
276 2453 390 2532 scopuli
415 2452 530 2514 Gaetuli
564 2452 721 2514 muricibus
744 2455 892 2532 purpuris.
935 2451 1063 2520 lodi-13

27 2528 94 2606 gena'e
112 2545 205 2600 tamen
228 2537 344 2598 tradunt
360 2538 390 2598 in
411 2554 462 2598 ora
482 2536 518 2596 ab
539 2535 618 2597 Salat
639 2534 684 2596 ct
706 2535 736 2596 ll
751 2554 887 2617 passuum
904 2536 1012 2597 damen

28 2615 122 2680 Asanam
141 2623 255 2682 marino
284 2620 387 2682 haustu
408 2619 461 2682 sed
482 2629 570 2700 portu
596 2620 777 2700 spectabile,
805 2637 874 2683 mox
900 2637 1012 2681 amnem

29 2715 86 2775 quam
101 2715 202 2766 vocant
217 2705 291 2782 Fut,
316 2705 351 2766 ab
373 2722 411 2766 eo
427 2704 558 2765 Addirim
574 2704 648 2783 (boc
670 2706 746 2766 enim
760 2703 872 2766 Atlanti
892 2721 1011 2780 nomen,

16 2792 111 2848 tetesse
125 2808 228 2850 eorum
248 2789 348 2867 lingua
363 2791 516 2868 convenit)
536 2785 585 2848 CC
600 2785 629 2848 bl
645 2807 782 2868 passuum
796 2789 1011 2851 interveniente

30 2863 111 2932 laniae
131 2876 178 2935 cni
193 2891 302 2934 nomen
322 2882 369 2934 est
383 2873 461 2940 lucr.
491 2873 535 2934 lbi
551 2872 627 2934 fama
649 2881 767 2934 exstare
787 2875 865 2936 eirca
883 2874 1011 2951 vestigia

29 2947 114 3017 habitati
139 2958 286 3038 quondam
309 2957 383 3036 soli,
408 2960 557 3019 vinearum
582 2957 833 3038 palmetorumque
860 2956 1010 3036 reliquias.

29 3032 151 3102 Suetonius
164 3041 324 3120 Paulinus,
341 3059 427 3121 quem
449 3041 600 3102 consulem
614 3043 756 3120 vidimus,
778 3043 887 3122 primus
906 3042 1012 3104 lloma·
1029 3049 1063 3100 1⁴

27 3124 216 3188 totumdncum
238 3135 438 3204 transgressus
460 3143 578 3206 qnoque
599 3125 748 3188 Atlantem
771 3127 883 3207 aliquot
903 3125 1012 3186 milium

16 3209 96 3294 ispatio
122 3211 253 3288 prodidit
282 3209 319 3271 de
351 3210 525 3272 excelsitate
557 3210 673 3288 quidem
701 3212 764 3271 eins
800 3227 875 3292 quae
905 3211 1010 3286 ceteri,

26 3301 75 3348 tuas
93 3292 205 3356 radices
230 3294 330 3356 densis
355 3293 480 3374 altisque
508 3294 638 3374 repletas
663 3293 746 3356 silvis
777 3296 929 3373 incognito
958 3313 1011 3372 ge·

26 3385 76 3432 aare
99 3377 249 3456 arborum,
286 3380 495 3458 proceritatem
530 3377 724 3459 spectabilem
753 3399 823 3442 esse
852 3377 938 3440 enodi
970 3378 1012 3436 ni·

28 3459 87 3537 tore,
100 3459 218 3524 frondes
238 3465 371 3544 cupressi
390 3463 501 3525 similes
516 3472 721 3544 praeterquam
736 3464 879 3543 gravitate
898 3461 1010 3539 odoris,
