2396 3940
184 195 249 259 322
542 193 570 247 O.
589 191 690 248 PLINI
708 191 866 248 SECUNDI

184 363 311 424 rumque
339 343 465 406 lautiora
492 345 588 404 utitur
611 343 731 422 Assyria
760 348 790 402 et
819 347 881 402 tota
908 339 1020 401 Persis.
1069 348 1171 402 suntet

185 435 313 496 caeduae
336 433 500 514 palmarum
524 450 642 512 quoque
671 431 773 513 silvae,
800 449 907 492 rursus
935 432 1125 510 germinantes
1147 429 1171 488 ah

184 524 283 585 radice
307 525 448 584 succisae.
485 521 581 583 duleis
603 519 731 584 medulla
754 539 856 581 earum
879 521 911 580 in
935 521 1093 601 cacumine,
1114 518 1172 597 quod

184 612 343 674 cerebrum
370 611 530 694 appellant,
558 618 752 690 exemptaque
779 611 894 692 vivunt,
923 609 1003 688 quod
1030 626 1088 670 non
1112 607 1173 667 aliae.

184 711 328 764 vocantur
350 710 450 762 autem
473 701 693 782 chamaeropes,
716 699 785 760 folio
808 698 912 760 latiore
937 717 972 759 ac
994 697 1075 759 molli
1095 698 1126 758 ad
1144 700 1173 756 vi-

185 791 247 853 tilia
269 791 453 873 utilissimae,
477 793 614 870 copiosae
641 792 673 850 in
696 787 796 871 Creta,
829 788 881 848 sed
909 789 1003 868 magis
1030 789 1062 848 in
1089 787 1174 848 Sicilia.

132 888 202 941 40e
230 881 335 960 palmis
364 881 479 960 pr'unae
508 882 624 941 vivaces
652 880 790 958 ignisque
819 877 927 938 lentus.
977 877 1174 938 fructiferarum

185 969 249 1030 aliis
272 969 391 1030 brevius
414 969 527 1050 lignum
550 971 582 1029 in
609 986 711 1050 pomo,
743 967 808 1028 aliis
835 967 966 1049 longius,
998 967 1046 1027 his
1073 966 1175 1046 mollins,

184 1057 242 1120 illis
272 1059 391 1141 duriuS,
423 1057 601 1138 quibusdam
635 1075 768 1140 osseum,
799 1057 937 1118 limarum
971 1057 1062 1117 dente
1095 1063 1175 1116 contra

184 1149 363 1209 fascinantes
399 1148 542 1227 religione
578 1147 712 1228 politum.
771 1146 850 1208 aliud
885 1145 1023 1227 pluribus
1060 1148 1176 1207 vestitum

184 1236 411 1318 paucioribusve
430 1239 549 1319 tuniciS,
572 1236 651 1298 aliud
674 1235 870 1296 crassioribus
894 1233 1123 1297 tenuioribusve.
1148 1237 1177 1294 ita

185 1327 261 1388 frunt
283 1326 577 1406 undequinquaginta
599 1344 722 1408 genera,
750 1329 776 1386 si
803 1327 870 1405 quis
897 1328 1032 1386 omnium
1060 1325 1176 1405 persequi

186 1415 255 1476 velit
277 1418 397 1476 nomina
419 1418 508 1476 etiam
526 1414 651 1476 barbara
673 1416 870 1494 vinorumque
893 1433 930 1474 ex
952 1417 990 1475 iis
1008 1414 1176 1475 differentias.

132 1512 164 1561 41
186 1505 365 1566 clarissimae
389 1507 537 1586 omnium,
560 1523 633 1584 quas
656 1505 754 1584 regias
777 1503 960 1585 appellavere
984 1503 1023 1564 ob
1046 1503 1177 1582 honorem,

186 1596 325 1674 quoniam
354 1593 475 1674 regibus
505 1602 621 1654 tantum
648 1593 781 1655 Persidis
812 1593 1019 1677 servabantur,
1052 1591 1177 1672 Babylone

185 1691 270 1744 natae
293 1701 354 1744 uuo
376 1685 408 1743 in
426 1683 513 1744 horto
532 1683 641 1762 Bagou.
675 1685 718 1745 ita
739 1690 846 1744 vocant
869 1682 1025 1765 spadones,
1049 1685 1099 1762 qui
1119 1681 1177 1762 apud

185 1791 237 1834 eos
256 1775 345 1834 etiam
362 1771 533 1852 regnavere.
560 1773 666 1834 hortus
683 1771 732 1833 ille
755 1790 917 1851 numquam
939 1767 999 1832 nisi
1022 1773 1177 1833 dominantis

60 1917 67 1928 ,
129 1869 166 1918 aa
184 1865 216 1923 in
239 1862 305 1923 aula
332 1863 396 1925 fuit.
442 1870 472 1922 at
498 1865 529 1922 in
556 1861 719 1922 meridiano
747 1861 819 1922 orbe
847 1864 1039 1942 praecipuam
1067 1865 1177 1942 optinent

185 1949 368 2013 nobilitatem
391 1953 487 2031 syagri
514 1953 737 2031 proximamque
765 1951 955 2030 margarides
1001 1951 1057 2012 bae
1084 1951 1175 2028 breves,

185 2040 338 2122 candidae,
361 2040 519 2121 rotundae,
543 2041 636 2100 acinis
658 2059 748 2119 quam
770 2040 882 2101 balanis
905 2040 1079 2123 similioreS,
1106 2057 1174 2120 qnare

186 2137 216 2188 et
244 2147 353 2190 nomen
383 2148 399 2189 a
427 2131 595 2209 margaritis
625 2148 776 2209 accepere.
829 2148 888 2190 nna
918 2149 1022 2192 earvvm
1052 2130 1178 2191 arboria

186 2215 282 2277 Chora
305 2237 370 2279 esse
394 2217 535 2300 traditur,
562 2237 621 2279 una
644 2226 675 2279 et
698 2237 884 2300 syagrorum,
908 2221 1077 2300 mirumque
1105 2221 1136 2280 de
1155 2237 1178 2277 ea

185 2308 356 2389 accipimus,
379 2326 448 2369 cum
464 2307 612 2388 phoenice
635 2325 696 2390 ave,
719 2327 795 2387 quae
818 2317 942 2390 putatur
965 2329 1002 2370 en
1025 2309 1114 2370 buius
1134 2307 1178 2388 pal·

185 2413 250 2456 mae
274 2405 448 2476 argumento
470 2415 581 2458 nomen
604 2399 762 2482 accepisse,
785 2400 943 2459 intermori
965 2417 999 2458 ac
1022 2401 1136 2458 renasci
1154 2414 1178 2456 ev

132 2493 165 2540 te
186 2504 218 2547 se
241 2487 320 2568 ipsa,
343 2495 479 2570 eratque,
503 2505 572 2548 cum
594 2486 766 2570 proderem,
793 2487 907 2548 fertilis.
951 2505 1077 2566 pomum
1102 2490 1178 2567 ipsun

185 2575 310 2658 grande,
337 2574 458 2658 durum,
485 2575 641 2637 horridum
665 2584 695 2637 et
718 2595 735 2636 a
762 2577 870 2637 ceteris
897 2575 1061 2656 generibus
1088 2577 1178 2637 distans

185 2683 291 2745 sapore
315 2664 442 2744 quodam
464 2665 577 2726 ferinae
600 2668 633 2726 in
655 2667 736 2746 apris
758 2665 988 2748 evidentissimo,
1012 2684 1090 2745 quae
1112 2679 1179 2724 causa

185 2757 321 2815 nominis.
367 2761 471 2833 quarta
494 2757 655 2816 auctoritas
679 2753 862 2816 sandalidum
885 2773 901 2814 a
929 2754 1121 2816 similitudine
1145 2771 1178 2831 ap·

256 2983 272 3030 5
297 2977 517 3048 chamaerhopes
535 2985 570 3034 Π.
607 2996 747 3050 meropes
764 2979 851 3036 rDol.
889 2996 1045 3050 meerepcs
1063 2982 1122 3036 edd.
1133 2981 1178 3032 cot

160 3047 369 3104 -Bcrb.Hard.
456 3049 656 3106 auidissimae
675 3057 710 3106 at.
743 3069 801 3108 -mo
819 3069 863 3106 ro.
941 3053 1107 3106 ‘alimmum
1123 3047 1176 3106 Ded·

183 3121 255 3190 lym·
268 3126 303 3176 rt.
324 3119 508 3192 limatumque
522 3129 567 3175 aa
576 3123 634 3178 edd.
644 3129 708 3178 cate
714 3124 802 3180 Barb.
815 3123 1008 3192 ,lunatumque
1021 3124 1128 3178 {Bar-b.

185 3198 218 3246 13
233 3191 390 3246 differentia
407 3197 442 3248 Η.
518 3200 551 3248 14
570 3193 606 3248 ob
623 3193 759 3252 honorem
777 3215 801 3250 c.
829 3193 983 3250 adhe-1.
1010 3195 1048 3251 eb
1066 3211 1106 3250 ·re
1122 3189 1174 3246 nal.

185 3263 241 3318 (iel.
270 3263 306 3317 ab
325 3262 413 3316 -ribus
431 3265 564 3320 educate
573 3265 631 3320 eet.
696 3272 729 3321 15
742 3267 981 3324 cernebanturl
1009 3269 1131 3322 -arentur
1144 3277 1172 3316 tr·

186 3402 192 3413 ,
254 3339 288 3388 20
311 3334 449 3388 rotundae
468 3351 518 3390 om.
537 3341 572 3394 aa.
680 3343 715 3392 24
740 3340 814 3392 mter
832 3339 905 3392 mori
921 3344 957 3392 Ι.
988 3337 1062 3394 inter
1078 3337 1171 3391 mon&

183 3404 222 3456 rte
240 3404 327 3458 rmori
344 3405 387 3459 11¹.
419 3403 521 3459 iterum
540 3406 612 3461 mori
629 3409 710 3464 redd.
721 3409 851 3464 anteGel.
862 3409 955 3466 Hasd.
982 3409 1068 3465 emori
1084 3403 1170 3462 catut

255 3479 294 3554 27,
307 3473 430 3540 quodem
447 3481 482 3532 lt.
511 3475 626 3544 quidam
642 3483 675 3532 B.
702 3484 752 3548 qffi
768 3484 820 3534 Del.
848 3497 932 3549 quem
950 3499 974 3534 e„
1004 3479 1090 3535 ferino
1107 3489 1170 3552 quen

183 3557 207 3595 e.
225 3541 438 3622 {fennaeltfit
467 3563 513 3600 -ne
532 3547 626 3618 c(n?).
653 3549 834 3606 fertinaew.
861 3549 1169 3621 fermenne.1tnapm

183 3617 379 3693 nommpstdo.
400 3617 404 3680 Ι
425 3615 634 3674 euidentissima
652 3638 724 3688 quae
742 3621 848 3693 10³3).
877 3625 984 3678 senene
1003 3642 1026 3678 ι.
1053 3617 1169 3678 euenlel

183 3679 429 3751 urdenbssmeque
446 3691 478 3739 R.
508 3688 584 3742 evid·
603 3707 627 3745 o.
