2340 3934
209 137 294 192 666.
313 137 404 192 nisu.
423 127 600 195 6666-66
620 142 746 210 <ta-ce)
942 143 984 207 37
1078 117 1091 135 '⁵

21 305 95 368 6666,
113 285 182 346 aliud
203 289 238 347 in'
258 296 347 367 nepte
372 288 559 371 adulterium,
581 291 683 352 iuncta
704 289 810 354 deinde
834 300 878 354 tot
901 295 984 376 aiala,

20 379 85 454 impia
102 376 233 458 stipendi,
260 377 384 439 rebellio
407 377 528 460 lllyrici,
557 381 747 442 servitiorum
770 381 916 464 delectus,
940 386 983 444 iu·

18 467 106 526 rcntutis
125 469 253 548 penuria,
276 467 445 546 pestilentia
467 467 561 550 66666,
584 469 677 531 iames
694 469 802 554 ltaliae,
826 471 984 534 destinatio

18 555 139 633 aspirandi
160 563 189 616 et
208 557 366 636 quadridui
384 558 482 618 inedia
500 561 594 620 maior
612 578 682 640 pars
700 563 805 622 mortis
824 564 855 622 in
874 581 984 644 corpus

17 653 103 724 recepta.
127 647 207 708 iuxta
225 645 298 707 haee
313 645 436 708 Variana
455 647 553 709 clades
575 657 605 710 et
623 651 786 712 maiestatis
804 653 870 712 eius
889 653 1036 713 foedatae

17 733 148 817 suggillatio,
178 735 324 798 abdicatio
352 737 487 799 Postumi
514 738 660 820 Agrippae
688 747 757 819 post
787 741 984 823 adoptionem,

16 823 149 885 desiderium
176 833 246 906 post
275 825 500 910 relegationem,
536 827 606 889 inde
631 831 767 910 ¹suspicio
799 832 830 891 in
860 829 984 892 Fabium

16 931 201 994 orationemque
225 917 438 1000 proditionem,
467 918 537 979 hinc
565 921 666 979 6666666
695 927 725 980 66
748 919 850 980 Tiberi
874 924 983 999 eogita-

16 1001 87 1085 tiones,
112 1022 246 1084 suprema
275 1009 339 1067 cius
367 1025 446 1069 cura.
494 1009 525 1068 in
549 1027 665 1068 summa
687 1009 761 1070 deus
784 1009 832 1072 ille
856 1009 983 1072 caelum·

15 1107 48 1170 que
68 1095 154 1154 neseio
182 1095 307 1176 adeptus
335 1099 428 1176 magis
458 1116 495 1158 an
523 1099 648 1160 meritus
675 1096 786 1160 herede
814 1099 908 1162 hostis
937 1103 984 1161 sui

15 1179 49 1240 llo
66 1187 186 1244 excessit.

53 1266 98 1334 ld.
123 1267 195 1356 (47)
243 1273 381 1336 Suheunt
403 1278 434 1336 in
457 1276 512 1337 hac
534 1279 722 1356 reputatione
745 1276 887 1358 Delphica
909 1286 1034 1340 ora-151

15 1359 131 1423 ’6666166
148 1363 184 1424 ad
199 1365 400 1444 castigandam
415 1366 570 1427 hominum
583 1367 743 1428 vanitatem
761 1386 777 1427 a
792 1367 847 1428 deo
868 1370 982 1430 emissa.

15 1447 46 1508 luo
56 1461 111 1514 sunt
123 1453 209 1515 haec:
233 1453 359 1516 Pedium
372 1455 589 1539 felicissimum,
606 1459 657 1535 qui
671 1475 726 1536 pro
740 1459 835 1536 patria
849 1461 982 1537 proxime

15 1531 166 1624 erubuissem
190 1546 302 1605 iterum
321 1563 337 1604 a
355 1543 435 1626 Gyge
454 1564 525 1625 rege
543 1554 615 1607 tunc
635 1545 846 1627 amphssimot
848 1565 984 1610 errorum

15 1645 52 1688 ons
54 1630 109 1692 ulti:
127 1633 264 1738 Aglaum
287 1633 480 1714 Psophidium
503 1655 568 1697 esse
592 1635 764 1698 feliciorem
811 1639 912 1698 senior
934 1637 983 1698 hie

16 1723 229 1798 angustissimo
252 1723 393 1786 Arcadiae
417 1725 524 1805 angulo
547 1743 671 1806 parvum
694 1725 747 1786 sed
771 1729 876 1788 annuis
900 1729 982 1788 victi·

15 1808 129 1890 hslarge
157 1813 313 1875 sufficiens
339 1815 495 1894 praedium
524 1815 653 1897 colebat,
690 1833 853 1895 numquam
883 1833 919 1876 ex
947 1833 982 1876 eo

15 1909 105 1976 gissus
126 1911 226 2008 atque,
249 1911 283 1964 ut
306 1906 417 1966 eritne
440 1923 549 1984 genere
573 1863 763 1966 6666666666
784 1914 838 1988 666,
861 1907 982 1966 minima
1015 1986 1018 1993 Ι

15 1988 123 2076 upidtate
145 1996 306 2056 minimum
328 1997 360 2056 in
382 1996 441 2055 vila
464 1995 533 2056 mali
557 2002 908 2075 expertus.

48 2074 93 2143 lt.
116 2077 188 2167 (48)
225 2083 423 2146 Consecratus
447 2093 493 2146 est
515 2086 599 2146 666666
623 2087 822 2164 sentiensque
840 2085 1035 2146 6666666162

15 2175 48 2227 666
50 2169 104 2232 uli
96 2189 177 2234 iussu
202 2182 236 2235 66
252 2173 329 2234 lovis
348 2173 473 2236 deormn
491 2176 599 2236 summi
618 2174 797 2254 adstipadatu
816 2173 983 2278 Euthymuq

15 2261 60 2334 yda
64 2281 205 2344 ,semper
231 2262 382 2344 Olympiae
405 2266 501 2326 victor
524 2273 554 2326 et
578 2265 669 2327 semel
692 2267 796 2326 victus.
835 2267 931 2344 patria
955 2266 983 2324 ei

15 2319 61 2408 hot
82 2353 109 2412 in
134 2353 229 2414 ltalia
274 2352 352 2414 ihi
344 2356 502 2434 imaginem
530 2357 595 2416 eius
624 2362 654 2416 et
681 2353 832 2434 Olympiae
861 2353 983 2414 alteram

15 2427 76 2498 666
98 2442 142 2503 die
171 2451 285 2504 tactam
312 2443 435 2506 lulmine
459 2443 775 2506 Callimachumt
741 2451 775 2504 ut
802 2442 876 2502 nihil
904 2442 982 2504 aliud

15 2507 104 2590 hatum
124 2533 212 2594 rideo
237 2533 416 2613 deumque
408 2537 532 2596 iussisse
557 2534 730 2615 sacrificari,
761 2532 840 2611 quod
864 2539 894 2591 66
917 2534 982 2592 rivo

15 2603 128 2681 letitatum
154 2631 186 2683 et
210 2631 363 2706 mortim,
357 2624 507 2704 nihilque
531 2623 568 2686 de
595 2643 630 2684 eo
653 2625 764 2684 mirum
791 2621 870 2682 aliud
895 2637 983 2699 quam

15 2708 190 2786 uplaeuisse
216 2712 272 2774 dis
442 2755 445 2765 ι

15 2871 16 2874 g
47 2791 92 2860 48.
107 2794 179 2885 (49)
205 2801 249 2863 De
269 2805 363 2884 spatio
384 2812 472 2883 atque
492 2803 706 2883 longinquitate
725 2802 753 2860 vi
755 2808 801 2860 tae
755 2799 974 2860 thominum
986 2805 1035 2855 163

15 2963 175 2986 ''z-⁹*-
241 2977 249 2997 t

50 3079 286 3150 iadoptoh'onem
303 3089 334 3136 It.
390 3082 506 3138 9illum
524 3088 555 3136 Β
612 3087 646 3136 10
664 3076 754 3136 hostis
773 3081 817 3136 sui
834 3087 865 3134 Β.
894 3081 984 3136 hostis

15 3151 80 3204 rol²
105 3153 271 3209 6666666
351 3160 384 3208 12
407 3155 530 3210 6666Β
612 3161 646 3208 14
668 3152 783 3224 pedinm
800 3153 888 3206 Be¹d
918 3169 983 3222 pae-

15 3211 55 3270 66
68 3227 115 3277 iti.
142 3225 281 3295 phedium
299 3226 336 3280 ⁸².
357 3225 468 3280 Tellum
487 3225 640 3280 Pediaeum
659 3225 716 3280 Uel
731 3226 806 3280 vind.
826 3229 929 3280 o.163.

15 3243 237 3361 iPsophidinmo.
256 3297 477 3364 6662666166
491 3299 549 3350 VII
557 3303 622 3364 12
645 3296 779 3368 prophid-
793 3303 856 3350 Β.-
857 3295 983 3366 pube-d

58 3368 353 3438 liangush'ssimoo
387 3369 685 3439 -mnm(ang-1i)ll
776 3375 810 3424 23
837 3367 985 3422 Noitem‘ue

15 3439 74 3508 met
91 3437 165 3496 Plio
184 3441 360 3496 6166666616
377 3442 407 3494 66
425 3439 504 3494 dolo
524 3440 618 3494 semel.
642 3440 759 3510 ypahie
778 3442 807 3494 66
824 3443 876 3492 lid
950 3443 984 3492 24

15 3497 43 3554 hit
57 3504 89 3560 ibi
104 3512 132 3564 66
147 3517 228 3566 Mn.
309 3517 344 3567 26
367 3511 505 3580 deumque
525 3512 584 3568 edd
602 3517 663 3566 6666
693 3511 729 3566 ad
748 3526 866 3578 eumque
886 3510 913 3564 li.
946 3525 985 3564 666

15 3571 161 3649 deamque?
186 3587 191 3654 1
218 3583 370 3640 sacrificari
386 3588 439 3638 Βᾱ.
469 3600 585 3638 -.66666
659 3589 692 3638 26
713 3583 747 3636 de
767 3599 799 3636 eo
818 3581 884 3635 1³²1
914 3579 984 3634 adeo

15 3645 54 3698 66
76 3651 161 3709 deor.
237 3661 269 3710 28
289 3657 344 3712 666
362 3659 439 3709 ΒΒᾱ.
459 3671 551 3710 6666.
624 3659 658 3710 29
679 3653 802 3724 sporatio
820 3659 851 3706 Β.
