2396 3940
154 148 220 214 314
496 146 526 204 C.
544 146 645 202 ruini
663 144 821 204 securim

153 299 189 362 ad
213 315 356 380 praeseus
377 295 549 360 nominihus
571 304 688 360 tantum
716 293 936 376 indicabantur,
961 301 1068 356 natura
1092 311 1154 354 rero

153 407 260 452 eorum
283 390 346 450 suis
368 387 512 450 reddetur
533 386 616 450 locis.

118 488 136 538 4
221 471 282 562 (2)
314 477 481 557 Unguentis
510 477 685 556 cognomina
714 474 824 538 dedere
853 473 918 536 aliis
945 475 1072 556 patriae,
1097 471 1157 534 ‘aliis

153 569 227 650 suci,
250 567 314 629 aliis
338 565 470 649 arhores,
492 565 557 628 aliis
579 569 663 628 oliae
685 583 801 646 causae,
823 567 1013 646 primumque
1037 562 1068 624 id
1090 564 1157 622 scire

153 658 301 738 convenit,
320 663 463 718 mutatam
477 657 685 716 auctoritatem
699 662 735 716 et.
743 656 863 735 saepius
877 656 1021 716 transisse
1036 652 1177 732 gloriamt

66 785 70 794 ·
153 746 390 808 laudatissimum
412 745 470 806 tuit
492 745 657 824 antiquitus
679 747 710 806 in
734 743 806 806 Delo
829 743 939 826 insula,
961 750 1066 824 postea
1087 740 1157 801 Men·

153 836 277 897 desium.
320 852 375 895 nec
398 835 527 896 mixtura
549 842 581 895 et
603 835 818 916 compositione
836 842 951 898 tantum
973 832 1032 894 hoc
1055 830 1159 908 accidit,

154 924 206 986 sed
229 923 319 984 iidem
343 926 408 985 suci
431 925 510 986 varie
533 922 604 985 alibi
626 931 715 1006 atque
739 923 809 985 alihi
830 921 1022 1004 praevaluere
1047 929 1098 982 aut
1117 920 1158 980 de-

118 1025 342 1093 ogeneravere.
387 1013 498 1076 irlnum
522 1011 657 1077 Corinthi
681 1013 732 1076 diu
761 1016 887 1078 maxime
914 1011 1041 1092 placuit,
1067 1016 1159 1091 postea

153 1103 264 1184 Cyzici,
287 1101 376 1163 simili
399 1102 487 1163 modo
509 1102 670 1164 rhodinum
692 1102 823 1185 Phaseli,
846 1120 935 1184 quam
957 1101 1084 1182 gloriam
1105 1099 1160 1160 ahs·
1171 1111 1189 1150 10

153 1190 250 1254 tedere
268 1190 420 1274 Neapolis,
439 1191 552 1275 Capua,
570 1191 742 1254 Praeneste.
779 1194 933 1254 crocinum
952 1190 1034 1253 Solis
1053 1189 1159 1252 Ciliciae

153 1281 205 1342 diu
233 1283 360 1342 maxime
388 1279 539 1343 laudatum
567 1290 626 1364 est,
658 1300 727 1344 mox
754 1280 864 1363 Rhodi,
896 1280 1111 1344 oenanthinum
1135 1281 1159 1339 in

154 1370 260 1453 Cypro,
284 1369 405 1448 [deinde
428 1373 460 1432 in
477 1371 610 1452 Aegypto
632 1369 859 1454 praepositum]
882 1379 951 1452 post
968 1370 1160 1452 Adramytteo,

154 1462 353 1522 amaracinum
371 1462 403 1521 in
422 1458 492 1544 Coo,
513 1467 618 1541 postea
640 1460 746 1523 eodem
763 1461 829 1524 loeo
851 1461 1019 1542 praelatum
1043 1468 1092 1522 est
1111 1477 1159 1520 me·

152 1549 260 1632 linum,
288 1551 444 1630 cyprinum
466 1551 498 1611 in
521 1549 632 1633 Cypro,
659 1551 767 1614 deinde
788 1553 821 1614 iu
844 1551 991 1633 Aegypto,
1014 1549 1070 1613 uhi
1091 1548 1159 1610 lien·
1171 1557 1187 1596 1⁵

118 1639 270 1702 edesium
293 1649 324 1702 et
346 1642 509 1720 metopium
533 1640 633 1704 subito
651 1643 765 1722 gratius
787 1642 899 1703 iactum
918 1647 971 1702 est.
1010 1657 1082 1701 mox
1099 1639 1160 1698 haec

155 1728 279 1790 abstulit
291 1727 441 1790 Phoenice
460 1737 491 1792 et
509 1733 625 1812 cyprini
643 1730 761 1794 laudem
774 1732 906 1812 Aegypto
923 1728 1058 1809 reliquit.
1080 1728 1158 1790 rua-

153 1818 324 1880 thenaioum
347 1837 434 1882 suum
458 1819 590 1883 Athenae
612 1829 841 1902 perseveranter
862 1821 1033 1900 optinuere.
1076 1819 1159 1880 luem

154 1915 184 1969 et
201 1907 368 1988 pardalium
391 1909 652 1993 inharmonice
676 1913 765 1972 etiam
788 1911 962 1991 compositio
987 1917 1020 1972 et
1044 1912 1159 1970 mixtura

153 1997 323 2060 oblitterata
355 2007 409 2060 est.
468 2001 666 2062 narcissinum
703 2017 823 2082 quoque
856 2017 892 2060 ex
927 1999 1002 2060 dore
1038 2000 1190 2070 necnon

118 2085 243 2149 tdesiit
268 2090 416 2168 conoponi.
461 2091 536 2150 ratio
567 2089 694 2151 faciendi
721 2089 844 2171 duplex,
872 2107 963 2151 sucus
992 2097 1026 2150 et
1053 2105 1158 2167 corpus.

152 2175 201 2238 ille
225 2177 283 2237 olei
305 2176 467 2256 generibus
490 2179 553 2240 iere
576 2187 701 2262 constat,
724 2179 781 2240 hoc
805 2178 940 2241 odorum
980 2177 1059 2240 haee
1082 2185 1158 2256 stym-

153 2273 231 2326 mata
253 2273 369 2347 voesnt,
390 2265 439 2326 illa
461 2265 640 2348 hedysmata.
685 2271 793 2332 tertius
815 2271 896 2330 inter
921 2268 995 2330 haee
1020 2275 1069 2331 est
1089 2266 1158 2328 colos

153 2354 255 2416 multis
278 2354 440 2434 neglectus.
476 2357 566 2419 huius
589 2375 678 2420 causa
700 2358 851 2421 adduntur
872 2357 1044 2420 cinnsharis
1067 2365 1098 2420 et
1118 2373 1157 2418 an·
1188 2363 1189 2370 ’

154 2444 254 2506 chusa.
300 2443 342 2506 sal
370 2445 530 2526 adspersus
557 2446 615 2508 olei
642 2456 778 2510 naturam
795 2455 934 2511 coercet.
978 2447 1092 2530 quihus
1117 2455 1184 2506 arn-¹⁵

154 2534 246 2597 chusa
273 2533 387 2598 adiecta
414 2543 473 2618 est,
500 2533 543 2598 sal
569 2552 630 2598 non
658 2537 785 2600 additur.
835 2540 935 2600 resina
962 2545 1015 2600 aut
1042 2537 1157 2600 cumnis

153 2623 323 2686 adiciuntur
345 2622 381 2686 ad
404 2627 617 2688 continendum
640 2625 763 2689 odorem
785 2630 816 2690 in
840 2645 974 2708 corpore.
1012 2627 1188 2700 celerrime

118 2716 179 2776 811
203 2714 353 2776 evanescit
375 2721 463 2794 atque
487 2715 607 2797 desiuit,
635 2719 661 2778 si
684 2733 745 2778 non
768 2725 838 2780 sunt
860 2718 933 2779 haec
960 2716 1068 2778 addita.
1112 2731 1155 2774 nn·

110 2812 142 2863 1²
120 2812 333 2907 ⁰8guentorum
357 2805 611 2885 expeditissimum
626 2806 692 2868 suit
714 2809 918 2889 primumque,
945 2814 981 2869 ut
1006 2803 1154 2868 verisimile

108 2867 358 2975 100est,ehryo
382 2901 412 2955 et
435 2893 570 2957 halanino
593 2895 674 2980 oleo,
706 2897 743 2958 de
772 2897 880 2976 quibus
894 2893 998 2977 leupra
1026 2893 1152 2957 diximus.
1163 2903 1182 2941 ³⁰

224 3156 323 3212 taliis
341 3156 415 3212 oliae
433 3132 489 3227 opo
516 3156 658 3212 chisile.
737 3157 1152 3216 omutstamonoloritotoml

153 3231 211 3287 Get
240 3231 283 3284 -ta
294 3229 438 3284 NJtorodd
449 3229 1012 3302 ortlchl.lstsaop1nsB(hia)thel.
1038 3226 1150 3298 elpoms

153 3321 177 3356 n.
206 3300 1057 3374 aupeiusadd.antettet.1tsoimepoinsotisu.v
1124 3301 1149 3350 1³

152 3372 370 3441 dsindo-prue
410 3370 495 3426 sitnm
517 3373 576 3427 edd.
587 3373 754 3430 mund.
764 3374 826 3430 Siti.
837 3374 937 3430 Inous.
956 3389 1005 3430 orn.
1019 3374 1046 3428 ll.
1081 3385 1148 3442 pree·

152 3443 414 3515 positnmcodff
437 3442 587 3498 ...corlDol
617 3445 962 3516 lpostadraanyttaoz
991 3441 1148 3517 positsdrs·

151 3499 999 3600 r.posteondmo.1teedemns.yprnelatnns.
1068 3517 1146 3570 1113

152 3583 431 3718 styxpppptlpapaeoeddpi
433 3584 607 3712 gfff?
624 3589 703 3642 mata
715 3595 747 3644 u.
780 3591 915 3660 sngmolo
927 3607 953 3645 a.
978 3588 1069 3644 statim
1081 3585 1185 3640 molt

544 3674 563 3711 o
