<?xml version="1.0" encoding="UTF-8"?>
<!DOCTYPE html PUBLIC "-//W3C//DTD XHTML 1.0 Transitional//EN"
    "http://www.w3.org/TR/xhtml1/DTD/xhtml1-transitional.dtd">
<html xmlns="http://www.w3.org/1999/xhtml" xml:lang="en" lang="en">
 <head>
  <title>
</title>
<meta http-equiv="Content-Type" content="text/html;charset=utf-8" />
  <meta name='ocr-system' content='tesseract 3.04.00' />
  <meta name='ocr-capabilities' content='ocr_page ocr_carea ocr_par ocr_line ocrx_word'/>
</head>
<body>
  <div class='ocr_page' id='page_1' title='image "./naturalishistor02plingoog_0519.png"; bbox 0 0 2572 3936; ppageno 0'>
   <div class='ocr_carea' id='block_1_1' title="bbox 384 121 1156 192">
    <p class='ocr_par' dir='ltr' id='par_1_1' title="bbox 384 121 1156 192">
     <span class='ocr_line' id='line_1_1' title="bbox 384 121 1156 192; baseline 0.013 -15"><span class='ocrx_word' id='word_1_1' title='bbox 384 122 467 178; x_wconf 79' lang='lat' dir='ltr'>NAT.</span> <span class='ocrx_word' id='word_1_2' title='bbox 487 121 587 176; x_wconf 79' lang='lat' dir='ltr'>HIST..</span> <span class='ocrx_word' id='word_1_3' title='bbox 599 122 637 176; x_wconf 80' lang='lat' dir='ltr'><strong>lx</strong></span> <span class='ocrx_word' id='word_1_4' title='bbox 656 126 761 178; x_wconf 77' lang='lat'><strong>33-35</strong></span> <span class='ocrx_word' id='word_1_5' title='bbox 782 124 908 192; x_wconf 80' lang='lat' dir='ltr'><strong>(se-55)</strong></span> <span class='ocrx_word' id='word_1_6' title='bbox 1094 122 1156 186; x_wconf 83' lang='lat'><strong>139</strong></span> 
     </span>
    </p>
   </div>
   <div class='ocr_carea' id='block_1_2' title="bbox 97 271 1210 2405">
    <p class='ocr_par' dir='ltr' id='par_1_2' title="bbox 111 271 1210 1068">
     <span class='ocr_line' id='line_1_2' title="bbox 142 271 1210 352; baseline 0 -18"><span class='ocrx_word' id='word_1_7' title='bbox 142 273 271 334; x_wconf 85' lang='lat' dir='ltr'>diximus</span> <span class='ocrx_word' id='word_1_8' title='bbox 294 275 325 334; x_wconf 92' lang='lat' dir='ltr'><strong>in</strong></span> <span class='ocrx_word' id='word_1_9' title='bbox 349 274 478 333; x_wconf 87' lang='lat' dir='ltr'><strong>circuitu</strong></span> <span class='ocrx_word' id='word_1_10' title='bbox 501 271 618 352; x_wconf 87' lang='lat' dir='ltr'><strong>mundi,</strong></span> <span class='ocrx_word' id='word_1_11' title='bbox 648 274 721 342; x_wconf 83' lang='lat' dir='ltr'><strong>item</strong></span> <span class='ocrx_word' id='word_1_12' title='bbox 743 271 893 333; x_wconf 83' lang='lat' dir='ltr'><strong>Perimula</strong></span> <span class='ocrx_word' id='word_1_13' title='bbox 914 271 1210 352; x_wconf 80' lang='lat' dir='ltr'><strong>promunturium⁶›³¹</strong></span> 
     </span>
     <span class='ocr_line' id='line_1_3' title="bbox 142 360 1157 442; baseline -0.001 -19"><span class='ocrx_word' id='word_1_14' title='bbox 142 361 251 424; x_wconf 88' lang='lat' dir='ltr'><strong>Indiae.</strong></span> <span class='ocrx_word' id='word_1_15' title='bbox 296 364 456 442; x_wconf 83' lang='lat' dir='ltr'>praecipue</span> <span class='ocrx_word' id='word_1_16' title='bbox 478 369 579 423; x_wconf 87' lang='lat' dir='ltr'><strong>autem</strong></span> <span class='ocrx_word' id='word_1_17' title='bbox 601 361 760 424; x_wconf 78' lang='lat' dir='ltr'>laudantur</span> <span class='ocrx_word' id='word_1_18' title='bbox 783 363 863 422; x_wconf 91' lang='lat' dir='ltr'><strong>circa</strong></span> <span class='ocrx_word' id='word_1_19' title='bbox 876 360 1014 422; x_wconf 79' lang='lat' dir='ltr'><strong>Arabiam</strong></span> <span class='ocrx_word' id='word_1_20' title='bbox 1036 364 1068 423; x_wconf 92' lang='lat' dir='ltr'><strong>in</strong></span> <span class='ocrx_word' id='word_1_21' title='bbox 1086 361 1157 423; x_wconf 89' lang='lat' dir='ltr'><strong>Per-</strong></span> 
     </span>
     <span class='ocr_line' id='line_1_4' title="bbox 143 450 649 531; baseline -0.006 -17"><span class='ocrx_word' id='word_1_22' title='bbox 143 453 205 514; x_wconf 92' lang='lat' dir='ltr'><strong>sico</strong></span> <span class='ocrx_word' id='word_1_23' title='bbox 228 453 294 512; x_wconf 90' lang='lat' dir='ltr'><strong>sinu</strong></span> <span class='ocrx_word' id='word_1_24' title='bbox 318 453 409 513; x_wconf 90' lang='lat' dir='ltr'><strong>maris</strong></span> <span class='ocrx_word' id='word_1_25' title='bbox 432 450 535 512; x_wconf 80' lang='lat' dir='ltr'>Rubri.</span> <span class='ocrx_word' id='word_1_26' title='bbox 646 521 649 531; x_wconf 14' lang='grc' dir='ltr'>ἢ</span> 
     </span>
     <span class='ocr_line' id='line_1_5' title="bbox 209 539 1209 620; baseline -0.001 -20"><span class='ocrx_word' id='word_1_27' title='bbox 209 539 298 620; x_wconf 84' lang='lat' dir='ltr'>Origo</span> <span class='ocrx_word' id='word_1_28' title='bbox 322 549 411 620; x_wconf 88' lang='lat' dir='ltr'><strong>atque</strong></span> <span class='ocrx_word' id='word_1_29' title='bbox 429 543 566 619; x_wconf 85' lang='lat' dir='ltr'><strong>genitura</strong></span> <span class='ocrx_word' id='word_1_30' title='bbox 584 539 714 601; x_wconf 82' lang='lat' dir='ltr'><strong>conchae</strong></span> <span class='ocrx_word' id='word_1_31' title='bbox 734 547 780 600; x_wconf 89' lang='lat' dir='ltr'><strong>est</strong></span> <span class='ocrx_word' id='word_1_32' title='bbox 798 539 876 600; x_wconf 89' lang='lat' dir='ltr'><strong>haud</strong></span> <span class='ocrx_word' id='word_1_33' title='bbox 895 539 1022 601; x_wconf 89' lang='lat' dir='ltr'><strong>multum</strong></span> <span class='ocrx_word' id='word_1_34' title='bbox 1037 548 1209 602; x_wconf 76' lang='lat' dir='ltr'><strong>ostrea-107</strong></span> 
     </span>
     <span class='ocr_line' id='line_1_6' title="bbox 111 628 1158 708; baseline 0.001 -18"><span class='ocrx_word' id='word_1_35' title='bbox 111 640 210 690; x_wconf 77' lang='lat' dir='ltr'><strong>⁵rum</strong></span> <span class='ocrx_word' id='word_1_36' title='bbox 237 630 359 690; x_wconf 85' lang='lat' dir='ltr'><strong>conchis</strong></span> <span class='ocrx_word' id='word_1_37' title='bbox 388 630 537 690; x_wconf 81' lang='lat' dir='ltr'><strong>differens.</strong></span> <span class='ocrx_word' id='word_1_38' title='bbox 582 629 635 689; x_wconf 89' lang='lat' dir='ltr'><strong>has</strong></span> <span class='ocrx_word' id='word_1_39' title='bbox 663 628 715 689; x_wconf 91' lang='lat' dir='ltr'><strong>uhi</strong></span> <span class='ocrx_word' id='word_1_40' title='bbox 737 629 874 708; x_wconf 89' lang='lat' dir='ltr'><strong>genitalis</strong></span> <span class='ocrx_word' id='word_1_41' title='bbox 901 631 972 689; x_wconf 90' lang='lat' dir='ltr'><strong>anni</strong></span> <span class='ocrx_word' id='word_1_42' title='bbox 998 629 1158 691; x_wconf 91' lang='lat' dir='ltr'><strong>stimularit</strong></span> 
     </span>
     <span class='ocr_line' id='line_1_7' title="bbox 140 717 1156 800; baseline -0.001 -21"><span class='ocrx_word' id='word_1_43' title='bbox 140 718 222 800; x_wconf 91' lang='lat' dir='ltr'><strong>hora,</strong></span> <span class='ocrx_word' id='word_1_44' title='bbox 244 720 409 798; x_wconf 87' lang='lat' dir='ltr'><strong>pandentes</strong></span> <span class='ocrx_word' id='word_1_45' title='bbox 429 737 460 779; x_wconf 92' lang='lat' dir='ltr'><strong>se</strong></span> <span class='ocrx_word' id='word_1_46' title='bbox 480 718 607 798; x_wconf 90' lang='lat' dir='ltr'><strong>quadam</strong></span> <span class='ocrx_word' id='word_1_47' title='bbox 625 719 800 780; x_wconf 84' lang='lat' dir='ltr'><strong>oscitatione</strong></span> <span class='ocrx_word' id='word_1_48' title='bbox 819 717 928 797; x_wconf 92' lang='lat' dir='ltr'><strong>inpleri</strong></span> <span class='ocrx_word' id='word_1_49' title='bbox 945 719 1063 779; x_wconf 90' lang='lat' dir='ltr'><strong>roscido</strong></span> <span class='ocrx_word' id='word_1_50' title='bbox 1087 737 1156 780; x_wconf 91' lang='lat' dir='ltr'><strong>con-</strong></span> 
     </span>
     <span class='ocr_line' id='line_1_8' title="bbox 141 807 1157 889; baseline -0.001 -20"><span class='ocrx_word' id='word_1_51' title='bbox 141 815 231 888; x_wconf 88' lang='lat' dir='ltr'><strong>ceptu</strong></span> <span class='ocrx_word' id='word_1_52' title='bbox 249 809 380 889; x_wconf 88' lang='lat' dir='ltr'><strong>tradunt,</strong></span> <span class='ocrx_word' id='word_1_53' title='bbox 404 807 537 887; x_wconf 89' lang='lat' dir='ltr'><strong>gravidas</strong></span> <span class='ocrx_word' id='word_1_54' title='bbox 556 815 660 887; x_wconf 88' lang='lat' dir='ltr'><strong>postea</strong></span> <span class='ocrx_word' id='word_1_55' title='bbox 678 809 759 889; x_wconf 90' lang='lat' dir='ltr'><strong>eniti,</strong></span> <span class='ocrx_word' id='word_1_56' title='bbox 778 816 956 888; x_wconf 89' lang='lat' dir='ltr'><strong>partumque</strong></span> <span class='ocrx_word' id='word_1_57' title='bbox 976 807 1157 870; x_wconf 79' lang='lat' dir='ltr'><strong>concharum</strong></span> 
     </span>
     <span class='ocr_line' id='line_1_9' title="bbox 141 896 1155 976; baseline 0 -18"><span class='ocrx_word' id='word_1_58' title='bbox 141 915 208 958; x_wconf 93' lang='lat' dir='ltr'><strong>esse</strong></span> <span class='ocrx_word' id='word_1_59' title='bbox 231 899 406 976; x_wconf 82' lang='lat' dir='ltr'><strong>margaritas</strong></span> <span class='ocrx_word' id='word_1_60' title='bbox 428 915 483 976; x_wconf 91' lang='lat' dir='ltr'><strong>pro</strong></span> <span class='ocrx_word' id='word_1_61' title='bbox 507 896 649 976; x_wconf 89' lang='lat' dir='ltr'><strong>qualitate</strong></span> <span class='ocrx_word' id='word_1_62' title='bbox 672 899 750 957; x_wconf 90' lang='lat' dir='ltr'><strong>roris</strong></span> <span class='ocrx_word' id='word_1_63' title='bbox 774 899 896 976; x_wconf 90' lang='lat' dir='ltr'><strong>accepti.</strong></span> <span class='ocrx_word' id='word_1_64' title='bbox 946 899 971 957; x_wconf 92' lang='lat' dir='ltr'><strong>si</strong></span> <span class='ocrx_word' id='word_1_65' title='bbox 993 915 1088 976; x_wconf 93' lang='lat' dir='ltr'><strong>purus</strong></span> <span class='ocrx_word' id='word_1_66' title='bbox 1111 899 1155 958; x_wconf 93' lang='lat' dir='ltr'><strong>in·</strong></span> 
     </span>
     <span class='ocr_line' id='line_1_10' title="bbox 140 985 1155 1068; baseline 0 -22"><span class='ocrx_word' id='word_1_67' title='bbox 140 985 270 1068; x_wconf 87' lang='lat' dir='ltr'><strong>fluxerit,</strong></span> <span class='ocrx_word' id='word_1_68' title='bbox 294 986 454 1047; x_wconf 86' lang='lat' dir='ltr'><strong>candorem</strong></span> <span class='ocrx_word' id='word_1_69' title='bbox 472 988 614 1068; x_wconf 80' lang='lat' dir='ltr'><strong>conspici,</strong></span> <span class='ocrx_word' id='word_1_70' title='bbox 633 987 747 1046; x_wconf 89' lang='lat' dir='ltr'><strong>sivero</strong></span> <span class='ocrx_word' id='word_1_71' title='bbox 766 985 913 1068; x_wconf 90' lang='lat' dir='ltr'><strong>turbidus,</strong></span> <span class='ocrx_word' id='word_1_72' title='bbox 933 994 963 1046; x_wconf 90' lang='lat' dir='ltr'><strong>et</strong></span> <span class='ocrx_word' id='word_1_73' title='bbox 981 986 1075 1046; x_wconf 87' lang='lat' dir='ltr'><strong>letum</strong></span> <span class='ocrx_word' id='word_1_74' title='bbox 1094 1005 1155 1047; x_wconf 91' lang='lat' dir='ltr'><strong>sor-</strong></span> 
     </span>
    </p>

    <p class='ocr_par' dir='ltr' id='par_1_3' title="bbox 98 1073 1208 1513">
     <span class='ocr_line' id='line_1_11' title="bbox 98 1073 1157 1156; baseline 0.002 -22"><span class='ocrx_word' id='word_1_75' title='bbox 98 1088 128 1134; x_wconf 79' lang='lat'><strong>10</strong></span> <span class='ocrx_word' id='word_1_76' title='bbox 142 1075 273 1138; x_wconf 89' lang='lat' dir='ltr'><strong>descere.</strong></span> <span class='ocrx_word' id='word_1_77' title='bbox 327 1075 456 1136; x_wconf 90' lang='lat' dir='ltr'><strong>eundem</strong></span> <span class='ocrx_word' id='word_1_78' title='bbox 482 1075 592 1156; x_wconf 90' lang='lat' dir='ltr'><strong>pallere</strong></span> <span class='ocrx_word' id='word_1_79' title='bbox 621 1073 702 1135; x_wconf 90' lang='lat' dir='ltr'><strong>eaelo</strong></span> <span class='ocrx_word' id='word_1_80' title='bbox 730 1076 861 1136; x_wconf 90' lang='lat' dir='ltr'><strong>minante</strong></span> <span class='ocrx_word' id='word_1_81' title='bbox 887 1083 1074 1154; x_wconf 86' lang='lat' dir='ltr'><strong>conceptum.</strong></span> <span class='ocrx_word' id='word_1_82' title='bbox 1120 1094 1157 1136; x_wconf 79' lang='lat' dir='ltr'><strong>er</strong></span> 
     </span>
     <span class='ocr_line' id='line_1_12' title="bbox 141 1164 1155 1245; baseline 0 -21"><span class='ocrx_word' id='word_1_83' title='bbox 141 1183 176 1224; x_wconf 92' lang='lat' dir='ltr'><strong>eo</strong></span> <span class='ocrx_word' id='word_1_84' title='bbox 201 1167 311 1245; x_wconf 92' lang='lat' dir='ltr'><strong>quippe</strong></span> <span class='ocrx_word' id='word_1_85' title='bbox 335 1173 481 1245; x_wconf 85' lang='lat' dir='ltr'><strong>constare,</strong></span> <span class='ocrx_word' id='word_1_86' title='bbox 507 1164 641 1243; x_wconf 86' lang='lat' dir='ltr'><strong>caelique</strong></span> <span class='ocrx_word' id='word_1_87' title='bbox 664 1166 707 1224; x_wconf 93' lang='lat' dir='ltr'><strong>eis</strong></span> <span class='ocrx_word' id='word_1_88' title='bbox 730 1165 873 1224; x_wconf 88' lang='lat' dir='ltr'><strong>maiorem</strong></span> <span class='ocrx_word' id='word_1_89' title='bbox 896 1166 1069 1225; x_wconf 88' lang='lat' dir='ltr'><strong>societatem</strong></span> <span class='ocrx_word' id='word_1_90' title='bbox 1089 1183 1155 1225; x_wconf 92' lang='lat' dir='ltr'><strong>esse</strong></span> 
     </span>
     <span class='ocr_line' id='line_1_13' title="bbox 140 1252 1155 1336; baseline -0.002 -22"><span class='ocrx_word' id='word_1_91' title='bbox 140 1272 230 1333; x_wconf 91' lang='lat' dir='ltr'><strong>quam</strong></span> <span class='ocrx_word' id='word_1_92' title='bbox 252 1255 352 1336; x_wconf 88' lang='lat' dir='ltr'><strong>maris,</strong></span> <span class='ocrx_word' id='word_1_93' title='bbox 375 1255 444 1316; x_wconf 89' lang='lat' dir='ltr'><strong>inde</strong></span> <span class='ocrx_word' id='word_1_94' title='bbox 466 1253 602 1314; x_wconf 90' lang='lat' dir='ltr'><strong>nubilum</strong></span> <span class='ocrx_word' id='word_1_95' title='bbox 625 1252 703 1314; x_wconf 90' lang='lat' dir='ltr'><strong>trahi</strong></span> <span class='ocrx_word' id='word_1_96' title='bbox 721 1252 852 1314; x_wconf 89' lang='lat' dir='ltr'><strong>colorem</strong></span> <span class='ocrx_word' id='word_1_97' title='bbox 875 1259 926 1314; x_wconf 90' lang='lat' dir='ltr'><strong>aut</strong></span> <span class='ocrx_word' id='word_1_98' title='bbox 949 1271 1004 1332; x_wconf 92' lang='lat' dir='ltr'><strong>pro</strong></span> <span class='ocrx_word' id='word_1_99' title='bbox 1024 1252 1155 1314; x_wconf 89' lang='lat' dir='ltr'><strong>claritate</strong></span> 
     </span>
     <span class='ocr_line' id='line_1_14' title="bbox 139 1342 1208 1424; baseline -0.001 -21"><span class='ocrx_word' id='word_1_100' title='bbox 139 1345 284 1404; x_wconf 90' lang='lat' dir='ltr'><strong>matutina</strong></span> <span class='ocrx_word' id='word_1_101' title='bbox 312 1361 460 1405; x_wconf 88' lang='lat' dir='ltr'><strong>serenum.</strong></span> <span class='ocrx_word' id='word_1_102' title='bbox 507 1345 533 1404; x_wconf 92' lang='lat' dir='ltr'><strong>si</strong></span> <span class='ocrx_word' id='word_1_103' title='bbox 556 1343 736 1422; x_wconf 85' lang='lat' dir='ltr'><strong>¹tempestive</strong></span> <span class='ocrx_word' id='word_1_104' title='bbox 765 1343 919 1424; x_wconf 90' lang='lat' dir='ltr'><strong>satientur,</strong></span> <span class='ocrx_word' id='word_1_105' title='bbox 949 1342 1146 1421; x_wconf 88' lang='lat' dir='ltr'><strong>grandescere</strong></span> <span class='ocrx_word' id='word_1_106' title='bbox 1158 1353 1208 1402; x_wconf 87' lang='lat'><strong>108</strong></span> 
     </span>
     <span class='ocr_line' id='line_1_15' title="bbox 141 1431 1156 1513; baseline 0.001 -22"><span class='ocrx_word' id='word_1_107' title='bbox 141 1439 171 1492; x_wconf 89' lang='lat' dir='ltr'><strong>et</strong></span> <span class='ocrx_word' id='word_1_108' title='bbox 193 1439 310 1511; x_wconf 86' lang='lat' dir='ltr'><strong>partus.¹</strong></span> <span class='ocrx_word' id='word_1_109' title='bbox 351 1435 377 1493; x_wconf 92' lang='lat' dir='ltr'><strong>si</strong></span> <span class='ocrx_word' id='word_1_110' title='bbox 399 1432 544 1513; x_wconf 83' lang='lat' dir='ltr'><strong>fulguret,</strong></span> <span class='ocrx_word' id='word_1_111' title='bbox 574 1433 731 1512; x_wconf 90' lang='lat' dir='ltr'><strong>comprimi</strong></span> <span class='ocrx_word' id='word_1_112' title='bbox 758 1431 887 1492; x_wconf 89' lang='lat' dir='ltr'><strong>conchas</strong></span> <span class='ocrx_word' id='word_1_113' title='bbox 915 1449 949 1492; x_wconf 87' lang='lat' dir='ltr'><strong>ac</strong></span> <span class='ocrx_word' id='word_1_114' title='bbox 974 1451 1029 1511; x_wconf 95' lang='lat' dir='ltr'><strong>pro</strong></span> <span class='ocrx_word' id='word_1_115' title='bbox 1052 1433 1156 1492; x_wconf 92' lang='lat' dir='ltr'><strong>ieiunii</strong></span> 
     </span>
    </p>

    <p class='ocr_par' dir='ltr' id='par_1_4' title="bbox 99 1520 1156 1602">
     <span class='ocr_line' id='line_1_16' title="bbox 99 1520 1156 1602; baseline 0.006 -26"><span class='ocrx_word' id='word_1_116' title='bbox 99 1535 126 1576; x_wconf 87' lang='lat'><strong>15</strong></span> <span class='ocrx_word' id='word_1_117' title='bbox 141 1521 228 1581; x_wconf 88' lang='lat' dir='ltr'><strong>modo</strong></span> <span class='ocrx_word' id='word_1_118' title='bbox 251 1523 355 1582; x_wconf 92' lang='lat' dir='ltr'><strong>minui.</strong></span> <span class='ocrx_word' id='word_1_119' title='bbox 401 1524 520 1582; x_wconf 91' lang='lat' dir='ltr'><strong>sivero</strong></span> <span class='ocrx_word' id='word_1_120' title='bbox 544 1523 633 1582; x_wconf 91' lang='lat' dir='ltr'><strong>etiam</strong></span> <span class='ocrx_word' id='word_1_121' title='bbox 656 1522 803 1602; x_wconf 87' lang='lat' dir='ltr'><strong>tonuerit,</strong></span> <span class='ocrx_word' id='word_1_122' title='bbox 832 1520 952 1600; x_wconf 91' lang='lat' dir='ltr'><strong>pavidas</strong></span> <span class='ocrx_word' id='word_1_123' title='bbox 975 1539 1008 1581; x_wconf 91' lang='lat' dir='ltr'><strong>ac</strong></span> <span class='ocrx_word' id='word_1_124' title='bbox 1032 1529 1156 1600; x_wconf 87' lang='lat' dir='ltr'><strong>repente</strong></span> 
     </span>
    </p>

    <p class='ocr_par' dir='ltr' id='par_1_5' title="bbox 105 1606 1155 1870">
     <span class='ocr_line' id='line_1_17' title="bbox 105 1606 1154 1692; baseline -0.001 -22"><span class='ocrx_word' id='word_1_125' title='bbox 105 1606 111 1630; x_wconf 69' lang='lat'><em>¹</em></span> <span class='ocrx_word' id='word_1_126' title='bbox 141 1628 327 1689; x_wconf 90' lang='lat' dir='ltr'><strong>compressas</strong></span> <span class='ocrx_word' id='word_1_127' title='bbox 356 1629 431 1690; x_wconf 91' lang='lat' dir='ltr'><strong>quae</strong></span> <span class='ocrx_word' id='word_1_128' title='bbox 458 1618 564 1672; x_wconf 89' lang='lat' dir='ltr'><strong>vocant</strong></span> <span class='ocrx_word' id='word_1_129' title='bbox 586 1610 758 1690; x_wconf 79' lang='lat' dir='ltr'><strong>physemata</strong></span> <span class='ocrx_word' id='word_1_130' title='bbox 783 1610 917 1692; x_wconf 86' lang='lat' dir='ltr'><strong>efficere,</strong></span> <span class='ocrx_word' id='word_1_131' title='bbox 945 1611 1044 1689; x_wconf 91' lang='lat' dir='ltr'><strong>specie</strong></span> <span class='ocrx_word' id='word_1_132' title='bbox 1067 1609 1154 1670; x_wconf 90' lang='lat' dir='ltr'><strong>modo</strong></span> 
     </span>
     <span class='ocr_line' id='line_1_18' title="bbox 139 1697 1155 1779; baseline 0.002 -21"><span class='ocrx_word' id='word_1_133' title='bbox 139 1701 221 1770; x_wconf 91' lang='lat' dir='ltr'><strong>inani</strong></span> <span class='ocrx_word' id='word_1_134' title='bbox 243 1699 358 1760; x_wconf 88' lang='lat' dir='ltr'><strong>inflatas</strong></span> <span class='ocrx_word' id='word_1_135' title='bbox 381 1703 446 1760; x_wconf 92' lang='lat' dir='ltr'><strong>sine</strong></span> <span class='ocrx_word' id='word_1_136' title='bbox 470 1719 604 1779; x_wconf 90' lang='lat' dir='ltr'><strong>corpore.</strong></span> <span class='ocrx_word' id='word_1_137' title='bbox 650 1698 705 1760; x_wconf 93' lang='lat' dir='ltr'><strong>hos</strong></span> <span class='ocrx_word' id='word_1_138' title='bbox 730 1717 795 1760; x_wconf 91' lang='lat' dir='ltr'><strong>esse</strong></span> <span class='ocrx_word' id='word_1_139' title='bbox 819 1698 1001 1760; x_wconf 88' lang='lat' dir='ltr'><strong>concharum</strong></span> <span class='ocrx_word' id='word_1_140' title='bbox 1024 1697 1155 1760; x_wconf 89' lang='lat' dir='ltr'><strong>abortus.</strong></span> 
     </span>
     <span class='ocr_line' id='line_1_19' title="bbox 141 1789 1154 1870; baseline -0.001 -22"><span class='ocrx_word' id='word_1_141' title='bbox 141 1790 205 1848; x_wconf 91' lang='lat' dir='ltr'><strong>sani</strong></span> <span class='ocrx_word' id='word_1_142' title='bbox 228 1789 348 1868; x_wconf 90' lang='lat' dir='ltr'><strong>quidem</strong></span> <span class='ocrx_word' id='word_1_143' title='bbox 366 1797 471 1868; x_wconf 91' lang='lat' dir='ltr'><strong>partus</strong></span> <span class='ocrx_word' id='word_1_144' title='bbox 489 1789 647 1868; x_wconf 91' lang='lat' dir='ltr'><strong>multiplici</strong></span> <span class='ocrx_word' id='word_1_145' title='bbox 665 1796 803 1849; x_wconf 90' lang='lat' dir='ltr'><strong>constant</strong></span> <span class='ocrx_word' id='word_1_146' title='bbox 821 1796 899 1870; x_wconf 88' lang='lat' dir='ltr'><strong>oute,</strong></span> <span class='ocrx_word' id='word_1_147' title='bbox 923 1807 984 1849; x_wconf 93' lang='lat' dir='ltr'><strong>non</strong></span> <span class='ocrx_word' id='word_1_148' title='bbox 1001 1790 1154 1868; x_wconf 88' lang='lat' dir='ltr'><strong>inproprie</strong></span> 
     </span>
    </p>

    <p class='ocr_par' dir='ltr' id='par_1_6' title="bbox 122 1877 1155 1958">
     <span class='ocr_line' id='line_1_20' title="bbox 122 1877 1155 1958; baseline 0.001 -23"><span class='ocrx_word' id='word_1_149' title='bbox 122 1877 247 1938; x_wconf 70' lang='lat' dir='ltr'><strong>‚callum</strong></span> <span class='ocrx_word' id='word_1_150' title='bbox 274 1886 308 1940; x_wconf 91' lang='lat' dir='ltr'><strong>ut</strong></span> <span class='ocrx_word' id='word_1_151' title='bbox 335 1881 497 1939; x_wconf 83' lang='lat' dir='ltr'><strong>existimari</strong></span> <span class='ocrx_word' id='word_1_152' title='bbox 521 1879 655 1958; x_wconf 89' lang='lat' dir='ltr'><strong>corporis</strong></span> <span class='ocrx_word' id='word_1_153' title='bbox 678 1880 781 1958; x_wconf 91' lang='lat' dir='ltr'><strong>possit.</strong></span> <span class='ocrx_word' id='word_1_154' title='bbox 828 1880 928 1957; x_wconf 92' lang='lat' dir='ltr'><strong>itaque</strong></span> <span class='ocrx_word' id='word_1_155' title='bbox 952 1885 1155 1957; x_wconf 81' lang='lat' dir='ltr'><strong>expurgantur</strong></span> 
     </span>
    </p>

    <p class='ocr_par' dir='ltr' id='par_1_7' title="bbox 97 1965 1207 2405">
     <span class='ocr_line' id='line_1_21' title="bbox 97 1965 1207 2049; baseline 0.002 -26"><span class='ocrx_word' id='word_1_156' title='bbox 97 1983 156 2026; x_wconf 82' lang='lat' dir='ltr'><strong>eoa</strong></span> <span class='ocrx_word' id='word_1_157' title='bbox 177 1969 291 2047; x_wconf 89' lang='lat' dir='ltr'><strong>peritis.</strong></span> <span class='ocrx_word' id='word_1_158' title='bbox 328 1970 422 2028; x_wconf 90' lang='lat' dir='ltr'><strong>miror</strong></span> <span class='ocrx_word' id='word_1_159' title='bbox 444 1970 510 2048; x_wconf 91' lang='lat' dir='ltr'><strong>ipso</strong></span> <span class='ocrx_word' id='word_1_160' title='bbox 534 1974 650 2028; x_wconf 90' lang='lat' dir='ltr'><strong>tantum</strong></span> <span class='ocrx_word' id='word_1_161' title='bbox 673 1985 723 2028; x_wconf 92' lang='lat' dir='ltr'><strong>eas</strong></span> <span class='ocrx_word' id='word_1_162' title='bbox 746 1967 827 2028; x_wconf 89' lang='lat' dir='ltr'><strong>caelo</strong></span> <span class='ocrx_word' id='word_1_163' title='bbox 851 1966 990 2049; x_wconf 89' lang='lat' dir='ltr'><strong>gaudere,</strong></span> <span class='ocrx_word' id='word_1_164' title='bbox 1013 1965 1074 2026; x_wconf 93' lang='lat' dir='ltr'><strong>sole</strong></span> <span class='ocrx_word' id='word_1_165' title='bbox 1096 1985 1207 2036; x_wconf 77' lang='lat' dir='ltr'><strong>rar-109</strong></span> 
     </span>
     <span class='ocr_line' id='line_1_22' title="bbox 139 2056 1154 2138; baseline -0.001 -22"><span class='ocrx_word' id='word_1_166' title='bbox 139 2056 254 2116; x_wconf 86' lang='lat' dir='ltr'><strong>iesoere</strong></span> <span class='ocrx_word' id='word_1_167' title='bbox 277 2056 496 2137; x_wconf 88' lang='lat' dir='ltr'><strong>candoremque</strong></span> <span class='ocrx_word' id='word_1_168' title='bbox 519 2056 646 2137; x_wconf 87' lang='lat' dir='ltr'><strong>perdere</strong></span> <span class='ocrx_word' id='word_1_169' title='bbox 669 2065 705 2118; x_wconf 93' lang='lat' dir='ltr'><strong>nt</strong></span> <span class='ocrx_word' id='word_1_170' title='bbox 727 2075 837 2138; x_wconf 90' lang='lat' dir='ltr'><strong>corpus</strong></span> <span class='ocrx_word' id='word_1_171' title='bbox 854 2056 1026 2116; x_wconf 91' lang='lat' dir='ltr'><strong>humanum.</strong></span> <span class='ocrx_word' id='word_1_172' title='bbox 1063 2073 1154 2134; x_wconf 90' lang='lat' dir='ltr'><strong>quare</strong></span> 
     </span>
     <span class='ocr_line' id='line_1_23' title="bbox 138 2145 1154 2228; baseline -0.002 -22"><span class='ocrx_word' id='word_1_173' title='bbox 138 2147 334 2226; x_wconf 89' lang='lat' dir='ltr'><strong>praecipuum</strong></span> <span class='ocrx_word' id='word_1_174' title='bbox 352 2147 525 2208; x_wconf 91' lang='lat' dir='ltr'><strong>custodiunt</strong></span> <span class='ocrx_word' id='word_1_175' title='bbox 542 2145 683 2228; x_wconf 87' lang='lat' dir='ltr'><strong>pelagiae,</strong></span> <span class='ocrx_word' id='word_1_176' title='bbox 706 2145 794 2207; x_wconf 89' lang='lat' dir='ltr'><strong>altius</strong></span> <span class='ocrx_word' id='word_1_177' title='bbox 813 2163 927 2206; x_wconf 89' lang='lat' dir='ltr'><strong>mersae</strong></span> <span class='ocrx_word' id='word_1_178' title='bbox 945 2163 1034 2224; x_wconf 90' lang='lat' dir='ltr'><strong>quarn</strong></span> <span class='ocrx_word' id='word_1_179' title='bbox 1052 2153 1086 2205; x_wconf 87' lang='lat' dir='ltr'><strong>ut</strong></span> <span class='ocrx_word' id='word_1_180' title='bbox 1103 2163 1154 2224; x_wconf 92' lang='lat' dir='ltr'><strong>pe·</strong></span> 
     </span>
     <span class='ocr_line' id='line_1_24' title="bbox 138 2234 1154 2313; baseline 0 -19"><span class='ocrx_word' id='word_1_181' title='bbox 138 2241 260 2296; x_wconf 91' lang='lat' dir='ltr'><strong>netrent</strong></span> <span class='ocrx_word' id='word_1_182' title='bbox 282 2235 364 2296; x_wconf 89' lang='lat' dir='ltr'><strong>radii.</strong></span> <span class='ocrx_word' id='word_1_183' title='bbox 411 2235 575 2302; x_wconf 86' lang='lat' dir='ltr'><strong>flavescunt</strong></span> <span class='ocrx_word' id='word_1_184' title='bbox 598 2243 697 2296; x_wconf 91' lang='lat' dir='ltr'><strong>tamen</strong></span> <span class='ocrx_word' id='word_1_185' title='bbox 726 2242 755 2296; x_wconf 91' lang='lat' dir='ltr'><strong>et</strong></span> <span class='ocrx_word' id='word_1_186' title='bbox 778 2234 844 2296; x_wconf 92' lang='lat' dir='ltr'><strong>illae</strong></span> <span class='ocrx_word' id='word_1_187' title='bbox 868 2242 989 2296; x_wconf 87' lang='lat' dir='ltr'><strong>senecta</strong></span> <span class='ocrx_word' id='word_1_188' title='bbox 1012 2236 1154 2313; x_wconf 87' lang='lat' dir='ltr'><strong>rugisque</strong></span> 
     </span>
     <span class='ocr_line' id='line_1_25' title="bbox 139 2323 1155 2405; baseline -0.001 -21"><span class='ocrx_word' id='word_1_189' title='bbox 139 2330 327 2405; x_wconf 84' lang='lat' dir='ltr'><strong>torpescunt,</strong></span> <span class='ocrx_word' id='word_1_190' title='bbox 358 2343 413 2385; x_wconf 88' lang='lat' dir='ltr'><strong>nec</strong></span> <span class='ocrx_word' id='word_1_191' title='bbox 436 2327 495 2386; x_wconf 91' lang='lat' dir='ltr'><strong>nisi</strong></span> <span class='ocrx_word' id='word_1_192' title='bbox 517 2327 548 2384; x_wconf 93' lang='lat' dir='ltr'><strong>in</strong></span> <span class='ocrx_word' id='word_1_193' title='bbox 571 2327 690 2386; x_wconf 90' lang='lat' dir='ltr'><strong>iuventa</strong></span> <span class='ocrx_word' id='word_1_194' title='bbox 714 2331 834 2386; x_wconf 63' lang='lat' dir='ltr'><strong>constat,</strong></span> <span class='ocrx_word' id='word_1_195' title='bbox 852 2323 901 2385; x_wconf 91' lang='lat' dir='ltr'><strong>ille</strong></span> <span class='ocrx_word' id='word_1_196' title='bbox 925 2325 977 2404; x_wconf 91' lang='lat' dir='ltr'><strong>qui</strong></span> <span class='ocrx_word' id='word_1_197' title='bbox 1001 2325 1155 2402; x_wconf 90' lang='lat' dir='ltr'><strong>quaeritur</strong></span> 
     </span>
    </p>
   </div>
   <div class='ocr_carea' id='block_1_3' title="bbox 2 2411 1154 2492">
    <p class='ocr_par' dir='ltr' id='par_1_8' title="bbox 2 2411 1154 2492">
     <span class='ocr_line' id='line_1_26' title="bbox 2 2411 1154 2492; baseline 0.004 -25"><span class='ocrx_word' id='word_1_198' title='bbox 2 2419 3 2458; x_wconf 72' lang='lat'>1</span> <span class='ocrx_word' id='word_1_199' title='bbox 98 2427 125 2468; x_wconf 76' lang='lat'><strong>25</strong></span> <span class='ocrx_word' id='word_1_200' title='bbox 139 2413 230 2490; x_wconf 93' lang='lat' dir='ltr'><strong>vigor.</strong></span> <span class='ocrx_word' id='word_1_201' title='bbox 276 2421 466 2475; x_wconf 89' lang='lat' dir='ltr'><strong>crassescunt</strong></span> <span class='ocrx_word' id='word_1_202' title='bbox 493 2415 583 2474; x_wconf 90' lang='lat' dir='ltr'><strong>etiam</strong></span> <span class='ocrx_word' id='word_1_203' title='bbox 610 2415 641 2473; x_wconf 92' lang='lat' dir='ltr'><strong>in</strong></span> <span class='ocrx_word' id='word_1_204' title='bbox 665 2421 786 2474; x_wconf 90' lang='lat' dir='ltr'><strong>senecta</strong></span> <span class='ocrx_word' id='word_1_205' title='bbox 809 2413 990 2492; x_wconf 86' lang='lat' dir='ltr'><strong>conchisque</strong></span> <span class='ocrx_word' id='word_1_206' title='bbox 1014 2411 1154 2473; x_wconf 89' lang='lat' dir='ltr'><strong>adhaere·</strong></span> 
     </span>
    </p>
   </div>
   <div class='ocr_carea' id='block_1_4' title="bbox 98 2500 1207 3032">
    <p class='ocr_par' dir='ltr' id='par_1_9' title="bbox 98 2500 1207 3032">
     <span class='ocr_line' id='line_1_27' title="bbox 139 2500 1155 2581; baseline 0.002 -21"><span class='ocrx_word' id='word_1_207' title='bbox 139 2509 227 2561; x_wconf 90' lang='lat' dir='ltr'><strong>scunt</strong></span> <span class='ocrx_word' id='word_1_208' title='bbox 250 2519 306 2563; x_wconf 90' lang='lat' dir='ltr'><strong>nec</strong></span> <span class='ocrx_word' id='word_1_209' title='bbox 329 2500 376 2562; x_wconf 91' lang='lat' dir='ltr'><strong>his</strong></span> <span class='ocrx_word' id='word_1_210' title='bbox 395 2501 480 2562; x_wconf 89' lang='lat' dir='ltr'><strong>avelli</strong></span> <span class='ocrx_word' id='word_1_211' title='bbox 497 2509 612 2581; x_wconf 90' lang='lat' dir='ltr'><strong>queunt</strong></span> <span class='ocrx_word' id='word_1_212' title='bbox 634 2504 695 2580; x_wconf 81' lang='lat' dir='ltr'><strong>nisi</strong></span> <span class='ocrx_word' id='word_1_213' title='bbox 711 2503 788 2564; x_wconf 91' lang='lat' dir='ltr'><strong>lima.</strong></span> <span class='ocrx_word' id='word_1_214' title='bbox 825 2501 935 2581; x_wconf 89' lang='lat' dir='ltr'><strong>quihus</strong></span> <span class='ocrx_word' id='word_1_215' title='bbox 957 2519 1017 2562; x_wconf 91' lang='lat' dir='ltr'><strong>una</strong></span> <span class='ocrx_word' id='word_1_216' title='bbox 1039 2509 1155 2562; x_wconf 89' lang='lat' dir='ltr'><strong>tantum</strong></span> 
     </span>
     <span class='ocr_line' id='line_1_28' title="bbox 139 2589 1153 2672; baseline 0.002 -22"><span class='ocrx_word' id='word_1_217' title='bbox 139 2598 186 2664; x_wconf 87' lang='lat' dir='ltr'><strong>est</strong></span> <span class='ocrx_word' id='word_1_218' title='bbox 204 2591 294 2652; x_wconf 86' lang='lat' dir='ltr'><strong>facies</strong></span> <span class='ocrx_word' id='word_1_219' title='bbox 318 2599 348 2652; x_wconf 90' lang='lat' dir='ltr'><strong>et</strong></span> <span class='ocrx_word' id='word_1_220' title='bbox 367 2590 403 2652; x_wconf 92' lang='lat' dir='ltr'><strong>ah</strong></span> <span class='ocrx_word' id='word_1_221' title='bbox 422 2610 458 2651; x_wconf 87' lang='lat' dir='ltr'><strong>ea</strong></span> <span class='ocrx_word' id='word_1_222' title='bbox 475 2591 652 2672; x_wconf 68' lang='lat' dir='ltr'><strong>rotunditas</strong></span> <span class='ocrx_word' id='word_1_223' title='bbox 675 2593 786 2652; x_wconf 84' lang='lat' dir='ltr'><strong>aversis</strong></span> <span class='ocrx_word' id='word_1_224' title='bbox 804 2591 952 2672; x_wconf 85' lang='lat' dir='ltr'><strong>planities,</strong></span> <span class='ocrx_word' id='word_1_225' title='bbox 975 2589 1012 2651; x_wconf 92' lang='lat' dir='ltr'><strong>ob</strong></span> <span class='ocrx_word' id='word_1_226' title='bbox 1031 2589 1061 2650; x_wconf 90' lang='lat' dir='ltr'><strong>id</strong></span> <span class='ocrx_word' id='word_1_227' title='bbox 1080 2599 1153 2670; x_wconf 82' lang='lat' dir='ltr'><strong>tym-</strong></span> 
     </span>
     <span class='ocr_line' id='line_1_29' title="bbox 138 2678 1154 2760; baseline 0 -20"><span class='ocrx_word' id='word_1_228' title='bbox 138 2681 225 2760; x_wconf 90' lang='lat' dir='ltr'><strong>pania</strong></span> <span class='ocrx_word' id='word_1_229' title='bbox 253 2682 453 2742; x_wconf 89' lang='lat' dir='ltr'><strong>nominantur.</strong></span> <span class='ocrx_word' id='word_1_230' title='bbox 500 2679 694 2740; x_wconf 86' lang='lat' dir='ltr'><strong>cohaerentes</strong></span> <span class='ocrx_word' id='word_1_231' title='bbox 723 2679 858 2740; x_wconf 87' lang='lat' dir='ltr'><strong>videmus</strong></span> <span class='ocrx_word' id='word_1_232' title='bbox 887 2682 919 2739; x_wconf 89' lang='lat' dir='ltr'><strong>in</strong></span> <span class='ocrx_word' id='word_1_233' title='bbox 949 2678 1069 2739; x_wconf 89' lang='lat' dir='ltr'><strong>conchis</strong></span> <span class='ocrx_word' id='word_1_234' title='bbox 1099 2678 1154 2740; x_wconf 92' lang='lat' dir='ltr'><strong>hac</strong></span> 
     </span>
     <span class='ocr_line' id='line_1_30' title="bbox 138 2767 1155 2848; baseline -0.002 -18"><span class='ocrx_word' id='word_1_235' title='bbox 138 2769 206 2830; x_wconf 89' lang='lat' dir='ltr'><strong>dote</strong></span> <span class='ocrx_word' id='word_1_236' title='bbox 238 2777 391 2848; x_wconf 90' lang='lat' dir='ltr'><strong>unguenta</strong></span> <span class='ocrx_word' id='word_1_237' title='bbox 421 2767 717 2840; x_wconf 78' lang='lat' dir='ltr'><strong>circumferentibus</strong></span> <span class='ocrx_word' id='word_1_238' title='bbox 759 2777 858 2828; x_wconf 90' lang='lat' dir='ltr'><strong>cetero</strong></span> <span class='ocrx_word' id='word_1_239' title='bbox 889 2770 923 2828; x_wconf 94' lang='lat' dir='ltr'><strong>in</strong></span> <span class='ocrx_word' id='word_1_240' title='bbox 953 2787 1028 2847; x_wconf 90' lang='lat' dir='ltr'><strong>aqua</strong></span> <span class='ocrx_word' id='word_1_241' title='bbox 1058 2767 1155 2828; x_wconf 90' lang='lat' dir='ltr'><strong>mollis</strong></span> 
     </span>
     <span class='ocr_line' id='line_1_31' title="bbox 98 2859 725 2940; baseline 0.003 -23"><span class='ocrx_word' id='word_1_242' title='bbox 98 2875 126 2916; x_wconf 82' lang='lat' dir='ltr'><strong>eo</strong></span> <span class='ocrx_word' id='word_1_243' title='bbox 140 2861 221 2940; x_wconf 87' lang='lat' dir='ltr'><strong>unio,</strong></span> <span class='ocrx_word' id='word_1_244' title='bbox 245 2867 400 2939; x_wconf 83' lang='lat' dir='ltr'><strong>exemptus</strong></span> <span class='ocrx_word' id='word_1_245' title='bbox 423 2861 561 2939; x_wconf 90' lang='lat' dir='ltr'><strong>protinus</strong></span> <span class='ocrx_word' id='word_1_246' title='bbox 584 2859 725 2920; x_wconf 89' lang='lat' dir='ltr'><strong>durescit.</strong></span> 
     </span>
     <span class='ocr_line' id='line_1_32' title="bbox 205 2941 1207 3032; baseline 0 -23"><span class='ocrx_word' id='word_1_247' title='bbox 205 2941 279 3031; x_wconf 84' lang='lat'>(55)</span> <span class='ocrx_word' id='word_1_248' title='bbox 303 2947 422 3010; x_wconf 85' lang='lat' dir='ltr'><strong>Concha</strong></span> <span class='ocrx_word' id='word_1_249' title='bbox 445 2951 523 3032; x_wconf 90' lang='lat' dir='ltr'><strong>ipsa,</strong></span> <span class='ocrx_word' id='word_1_250' title='bbox 546 2968 615 3010; x_wconf 89' lang='lat' dir='ltr'><strong>curn</strong></span> <span class='ocrx_word' id='word_1_251' title='bbox 638 2966 759 3009; x_wconf 88' lang='lat' dir='ltr'><strong>manum</strong></span> <span class='ocrx_word' id='word_1_252' title='bbox 782 2946 863 3029; x_wconf 84' lang='lat' dir='ltr'><strong>vidit,</strong></span> <span class='ocrx_word' id='word_1_253' title='bbox 886 2947 1056 3025; x_wconf 90' lang='lat' dir='ltr'><strong>comprimit</strong></span> <span class='ocrx_word' id='word_1_254' title='bbox 1079 2959 1207 3009; x_wconf 89' lang='lat' dir='ltr'><strong>sese110</strong></span> 
     </span>
    </p>
   </div>
   <div class='ocr_carea' id='block_1_5' title="bbox 76 3190 1155 3677">
    <p class='ocr_par' dir='ltr' id='par_1_10' title="bbox 76 3190 1155 3677">
     <span class='ocr_line' id='line_1_33' title="bbox 212 3190 1083 3248; baseline 0.001 -3"><span class='ocrx_word' id='word_1_255' title='bbox 212 3196 228 3245; x_wconf 82' lang='lat'>5</span> <span class='ocrx_word' id='word_1_256' title='bbox 248 3191 379 3248; x_wconf 80' lang='lat' dir='ltr'><strong>different</strong></span> <span class='ocrx_word' id='word_1_257' title='bbox 396 3190 500 3245; x_wconf 60' lang='grc' dir='ltr'><strong>ΜΨ.</strong></span> <span class='ocrx_word' id='word_1_258' title='bbox 529 3191 577 3244; x_wconf 75' lang='lat' dir='ltr'><strong>-iis</strong></span> <span class='ocrx_word' id='word_1_259' title='bbox 596 3193 666 3246; x_wconf 79' lang='lat' dir='ltr'><strong>coni.</strong></span> <span class='ocrx_word' id='word_1_260' title='bbox 685 3192 778 3246; x_wconf 82' lang='lat' dir='ltr'><strong>Hord.</strong></span> <span class='ocrx_word' id='word_1_261' title='bbox 861 3197 878 3246; x_wconf 87' lang='grc'><strong>6</strong></span> <span class='ocrx_word' id='word_1_262' title='bbox 897 3192 1035 3246; x_wconf 78' lang='lat' dir='ltr'><strong>concentu</strong></span> <span class='ocrx_word' id='word_1_263' title='bbox 1051 3195 1083 3246; x_wconf 76' lang='lat' dir='ltr'><strong>B.</strong></span> 
     </span>
     <span class='ocr_line' id='line_1_34' title="bbox 76 3261 1154 3332; baseline 0.003 -17"><span class='ocrx_word' id='word_1_264' title='bbox 76 3309 79 3314; x_wconf 91' lang='lat'><em>.</em></span> <span class='ocrx_word' id='word_1_265' title='bbox 142 3268 175 3317; x_wconf 92' lang='lat'><strong>10</strong></span> <span class='ocrx_word' id='word_1_266' title='bbox 193 3263 327 3318; x_wconf 83' lang='lat' dir='ltr'><strong>minente.</strong></span> <span class='ocrx_word' id='word_1_267' title='bbox 355 3264 522 3332; x_wconf 84' lang='lat' dir='ltr'><strong>conceptum</strong></span> <span class='ocrx_word' id='word_1_268' title='bbox 540 3277 626 3317; x_wconf 86' lang='lat' dir='ltr'><strong>exeo</strong></span> <span class='ocrx_word' id='word_1_269' title='bbox 645 3264 708 3317; x_wconf 81' lang='lat' dir='ltr'><strong>diet.</strong></span> <span class='ocrx_word' id='word_1_270' title='bbox 727 3263 802 3317; x_wconf 85' lang='lat' dir='ltr'><strong>Detl.</strong></span> <span class='ocrx_word' id='word_1_271' title='bbox 871 3267 904 3316; x_wconf 91' lang='lat'><strong>11</strong></span> <span class='ocrx_word' id='word_1_272' title='bbox 925 3261 1052 3331; x_wconf 84' lang='lat' dir='ltr'><strong>caelique</strong></span> <span class='ocrx_word' id='word_1_273' title='bbox 1071 3261 1111 3316; x_wconf 84' lang='lat' dir='ltr'><strong>eis</strong></span> <span class='ocrx_word' id='word_1_274' title='bbox 1129 3277 1154 3318; x_wconf 83' lang='lat' dir='ltr'><strong>v.</strong></span> 
     </span>
     <span class='ocr_line' id='line_1_35' title="bbox 140 3332 1154 3404; baseline -0.002 -16"><span class='ocrx_word' id='word_1_275' title='bbox 140 3333 224 3404; x_wconf 86' lang='lat' dir='ltr'><strong>-liqui</strong></span> <span class='ocrx_word' id='word_1_276' title='bbox 237 3333 302 3388; x_wconf 79' lang='lat' dir='ltr'><strong>&amp;lis</strong></span> <span class='ocrx_word' id='word_1_277' title='bbox 320 3340 351 3388; x_wconf 79' lang='lat' dir='ltr'><strong>B.</strong></span> <span class='ocrx_word' id='word_1_278' title='bbox 381 3333 414 3387; x_wconf 90' lang='lat' dir='ltr'><strong>·li</strong></span> <span class='ocrx_word' id='word_1_279' title='bbox 432 3333 536 3403; x_wconf 78' lang='lat' dir='ltr'><strong>quietis</strong></span> <span class='ocrx_word' id='word_1_280' title='bbox 554 3351 578 3388; x_wconf 86' lang='lat' dir='ltr'><strong>r.</strong></span> <span class='ocrx_word' id='word_1_281' title='bbox 602 3351 641 3388; x_wconf 80' lang='lat' dir='ltr'><strong>an</strong></span> <span class='ocrx_word' id='word_1_282' title='bbox 659 3333 731 3388; x_wconf 84' lang='lat' dir='ltr'><strong>eaeli</strong></span> <span class='ocrx_word' id='word_1_283' title='bbox 750 3351 813 3389; x_wconf 88' lang='lat' dir='ltr'><strong>cum</strong></span> <span class='ocrx_word' id='word_1_284' title='bbox 831 3332 911 3388; x_wconf 75' lang='lat' dir='ltr'><strong>illis?</strong></span> <span class='ocrx_word' id='word_1_285' title='bbox 967 3339 1000 3388; x_wconf 85' lang='grc'><strong>16</strong></span> <span class='ocrx_word' id='word_1_286' title='bbox 1020 3333 1112 3404; x_wconf 88' lang='lat' dir='ltr'><strong>speeie</strong></span> <span class='ocrx_word' id='word_1_287' title='bbox 1126 3338 1154 3402; x_wconf 66' lang='lat' dir='ltr'><strong>r,</strong></span> 
     </span>
     <span class='ocr_line' id='line_1_36' title="bbox 140 3405 1154 3473; baseline -0.001 -14"><span class='ocrx_word' id='word_1_288' title='bbox 140 3422 197 3460; x_wconf 90' lang='lat' dir='ltr'><strong>-em</strong></span> <span class='ocrx_word' id='word_1_289' title='bbox 215 3422 238 3459; x_wconf 87' lang='lat' dir='ltr'><strong>r.</strong></span> <span class='ocrx_word' id='word_1_290' title='bbox 266 3406 318 3473; x_wconf 82' lang='lat' dir='ltr'><strong>cfr.</strong></span> <span class='ocrx_word' id='word_1_291' title='bbox 343 3405 623 3461; x_wconf 77' lang='lat' dir='ltr'><strong>Url.nind.n.193.</strong></span> <span class='ocrx_word' id='word_1_292' title='bbox 688 3405 867 3460; x_wconf 77' lang='lat' dir='ltr'><strong>miniatem</strong></span> <span class='ocrx_word' id='word_1_293' title='bbox 885 3423 909 3459; x_wconf 76' lang='lat' dir='ltr'><strong>a.</strong></span> <span class='ocrx_word' id='word_1_294' title='bbox 973 3411 1008 3458; x_wconf 79' lang='lat'><strong>20</strong></span> <span class='ocrx_word' id='word_1_295' title='bbox 1026 3405 1112 3459; x_wconf 87' lang='lat' dir='ltr'><strong>miror</strong></span> <span class='ocrx_word' id='word_1_296' title='bbox 1130 3423 1154 3458; x_wconf 82' lang='lat' dir='ltr'><strong>e.</strong></span> 
     </span>
     <span class='ocr_line' id='line_1_37' title="bbox 139 3475 1155 3545; baseline -0.001 -13"><span class='ocrx_word' id='word_1_297' title='bbox 139 3495 183 3533; x_wconf 90' lang='lat' dir='ltr'><strong>-ro</strong></span> <span class='ocrx_word' id='word_1_298' title='bbox 201 3494 225 3532; x_wconf 87' lang='lat' dir='ltr'><strong>r.</strong></span> <span class='ocrx_word' id='word_1_299' title='bbox 254 3495 328 3531; x_wconf 89' lang='lat' dir='ltr'><strong>-rum</strong></span> <span class='ocrx_word' id='word_1_300' title='bbox 345 3477 415 3532; x_wconf 78' lang='lat' dir='ltr'><strong>coni.</strong></span> <span class='ocrx_word' id='word_1_301' title='bbox 435 3475 521 3532; x_wconf 82' lang='lat' dir='ltr'><strong>Salm.</strong></span> <span class='ocrx_word' id='word_1_302' title='bbox 538 3475 696 3545; x_wconf 73' lang='lat' dir='ltr'><strong>{rufescere</strong></span> <span class='ocrx_word' id='word_1_303' title='bbox 714 3476 759 3530; x_wconf 70' lang='lat'><strong>2⁹.</strong></span> <span class='ocrx_word' id='word_1_304' title='bbox 786 3477 898 3531; x_wconf 86' lang='lat' dir='ltr'><strong>rubesc-</strong></span> <span class='ocrx_word' id='word_1_305' title='bbox 916 3475 993 3531; x_wconf 59' lang='grc' dir='ltr'><strong>ΙΨ,</strong></span> <span class='ocrx_word' id='word_1_306' title='bbox 1018 3476 1112 3530; x_wconf 86' lang='lat' dir='ltr'><strong>rnfiso-</strong></span> <span class='ocrx_word' id='word_1_307' title='bbox 1131 3493 1155 3532; x_wconf 88' lang='lat' dir='ltr'><strong>r.</strong></span> 
     </span>
     <span class='ocr_line' id='line_1_38' title="bbox 191 3547 1154 3676; baseline 0 -72"><span class='ocrx_word' id='word_1_308' title='bbox 191 3555 245 3676; x_wconf 58' lang='lat' dir='ltr'><strong>Upi</strong></span> <span class='ocrx_word' id='word_1_309' title='bbox 264 3548 367 3619; x_wconf 84' lang='lat' dir='ltr'><strong>pelago</strong></span> <span class='ocrx_word' id='word_1_310' title='bbox 386 3566 410 3603; x_wconf 64' lang='lat' dir='ltr'><strong>e</strong></span> <span class='ocrx_word' id='word_1_311' title='bbox 483 3553 517 3602; x_wconf 78' lang='lat'><strong>25</strong></span> <span class='ocrx_word' id='word_1_312' title='bbox 537 3548 618 3619; x_wconf 87' lang='lat' dir='ltr'><strong>uigor</strong></span> <span class='ocrx_word' id='word_1_313' title='bbox 636 3549 693 3605; x_wconf 80' lang='lat' dir='ltr'><strong>lio.</strong></span> <span class='ocrx_word' id='word_1_314' title='bbox 722 3565 760 3603; x_wconf 81' lang='lat' dir='ltr'><strong>an</strong></span> <span class='ocrx_word' id='word_1_315' title='bbox 777 3547 874 3603; x_wconf 80' lang='lat' dir='ltr'><strong>nitor?</strong></span> <span class='ocrx_word' id='word_1_316' title='bbox 942 3555 976 3604; x_wconf 80' lang='lat'><strong>26</strong></span> <span class='ocrx_word' id='word_1_317' title='bbox 996 3547 1082 3602; x_wconf 88' lang='lat' dir='ltr'><strong>auelli</strong></span> <span class='ocrx_word' id='word_1_318' title='bbox 1099 3552 1154 3604; x_wconf 75' lang='lat' dir='ltr'><strong>Rd.</strong></span> 
     </span>
     <span class='ocr_line' id='line_1_39' title="bbox 140 3637 264 3677; baseline 0 -1"><span class='ocrx_word' id='word_1_319' title='bbox 140 3637 190 3677; x_wconf 84' lang='lat' dir='ltr'><strong>oue</strong></span> <span class='ocrx_word' id='word_1_320' title='bbox 242 3639 264 3677; x_wconf 89' lang='lat' dir='ltr'><strong>r.</strong></span> 
     </span>
    </p>
   </div>
   <div class='ocr_carea' id='block_1_6' title="bbox 0 0 1307 3936">
    <p class='ocr_par' dir='ltr' id='par_1_11' title="bbox 0 0 1307 3936">
     <span class='ocr_line' id='line_1_40' title="bbox 0 0 1307 3936; baseline 0 0"><span class='ocrx_word' id='word_1_321' title='bbox 0 0 1307 3936; x_wconf 95' lang='lat' dir='ltr'><strong> </strong></span> 
     </span>
    </p>
   </div>
   <div class='ocr_carea' id='block_1_7' title="bbox 1166 327 1282 392">
    <p class='ocr_par' dir='ltr' id='par_1_12' title="bbox 1166 327 1282 392">
     <span class='ocr_line' id='line_1_41' title="bbox 1166 327 1282 392; baseline 0.017 -28"><span class='ocrx_word' id='word_1_322' title='bbox 1166 327 1205 366; x_wconf 86' lang='lat'><strong>110</strong></span> <span class='ocrx_word' id='word_1_323' title='bbox 1281 383 1282 392; x_wconf 12' lang='grc' dir='ltr'>ἵ</span> 
     </span>
    </p>
   </div>
  </div>
 </body>
</html>
