2340 3934
178 154 221 218 84
525 153 554 207 C.
573 152 673 206 PLlNI
692 149 849 206 SECUNDI

176 303 319 365 miraculo
344 312 469 382 stupens
491 305 657 362 intantum
681 310 714 362 ut
732 321 810 382 equo
834 312 884 364 aut
903 301 1010 362 bucula
1032 301 1161 361 accedun

176 396 300 475 propius
333 392 483 452 hominem
517 395 597 452 iuxta
629 400 786 452 venantem
819 411 880 452 non
913 399 1035 452 cernant
1065 398 1121 468 aut,
1149 409 1159 446 s

177 491 314 564 cernant,
347 501 449 544 arcum
477 484 575 561 ipsum
605 485 786 561 sagittasque
814 484 970 542 mirentur.
1017 484 1102 540 maria
1124 489 1161 539 tra

176 581 276 634 meant
299 575 442 652 gregatim
465 581 570 632 nantes
591 579 731 651 porrecto
755 571 858 632 ordine
882 581 913 632 et
932 573 1027 650 capita
1049 571 1157 648 inponen

175 671 222 723 tes
243 663 485 742 praecedentium
508 661 645 722 clunibus
664 661 838 740 vicibusque
862 661 898 720 ad
918 670 1002 740 terga
1025 659 1160 720 redeunte

176 752 233 812 hoc
261 754 385 812 maxime
412 759 532 812 notatur
560 769 576 810 a
600 750 700 812 Cilicia
724 749 855 830 Cyprum
879 747 1090 810 traicientibus.
1129 767 1161 806 na

125 849 175 898 115
186 841 287 901 vident
309 848 418 922 terras,
443 840 493 901 sed
518 842 550 900 in
573 840 664 900 odore
688 859 790 901 earum
814 847 924 901 natant.
962 857 1074 900 cornua
1095 857 1161 898 maru

178 929 299 1010 habent,
324 929 437 1008 solique
461 930 631 991 animalium
652 930 790 990 omnibus
814 931 899 990 annis
923 937 1001 990 stato
1026 930 1099 989 veris
1115 936 1158 986 ten

176 1039 249 1100 pore
273 1021 419 1080 amittunt.
461 1019 527 1079 ideo
552 1019 608 1080 sub
631 1021 687 1080 ista
710 1019 758 1079 die
782 1037 871 1097 quam
894 1021 1022 1079 maxime
1045 1020 1115 1078 invia
1133 1037 1158 1096 pr

176 1117 260 1170 tunt:
296 1109 388 1169 latent
416 1111 533 1169 amissis
560 1109 641 1170 velut
668 1111 807 1169 inermes,
855 1109 906 1169 sed
931 1117 960 1168 et
984 1108 1017 1168 hi
1041 1107 1112 1168 bono
1131 1125 1161 1164 su

177 1201 351 1260 invidentes.
401 1199 540 1258 dextrum
568 1217 663 1259 cornu
690 1205 800 1277 negant
827 1200 954 1258 inveniri
986 1217 1044 1258 ceu
1071 1196 1161 1257 medira

177 1297 277 1350 mento
309 1287 406 1366 aliquo
433 1288 615 1368 praeditum,
647 1287 736 1366 idque
767 1286 932 1348 mirabilius
960 1286 1110 1348 fatendum
1133 1295 1161 1342 en

178 1397 246 1438 cum
274 1385 303 1437 ot
325 1379 356 1436 in
380 1379 497 1437 vivariis
525 1385 642 1438 mutent
669 1376 808 1438 omnibus
838 1379 930 1437 annis.
978 1377 1079 1438 delodi
1100 1375 1129 1435 ab
1147 1375 1159 1432 il

177 1475 290 1548 putant.
321 1469 439 1526 accensi
458 1474 558 1527 autem
576 1469 674 1526 utrius
693 1465 783 1527 libeat
802 1466 893 1527 odore
917 1467 1083 1528 comitiales
1100 1465 1161 1524 morl

126 1556 459 1636 llssdeprebenduntur.
509 1556 617 1616 indicia
648 1573 767 1634 quoque
798 1559 902 1618 aetatis
932 1559 962 1616 in
995 1556 1056 1617 illis
1082 1561 1161 1633 geron

178 1646 310 1725 singulos
334 1648 419 1705 annis
442 1645 638 1706 adicientibus
662 1663 761 1705 ramos
784 1665 880 1725 usque
904 1647 939 1706 ad
963 1663 1116 1706 sexenncs.
1147 1643 1161 1700 a

179 1755 214 1795 eo
238 1745 372 1814 tempore
396 1734 502 1794 similia
525 1737 727 1816 revivescunt,
753 1753 808 1796 nec
831 1744 929 1815 potest
953 1745 1039 1796 aetas
1062 1731 1161 1793 discerni

179 1825 231 1885 sed
261 1823 400 1885 dentibus
432 1833 551 1884 senecta
582 1823 758 1884 declaratur.
813 1833 864 1885 aut
895 1827 974 1884 enim
1006 1843 1112 1904 paucos
1138 1839 1161 1878 aa

178 1914 276 1975 nullos
304 1914 426 1994 habent,
459 1931 514 1972 nec
542 1915 572 1972 in
602 1912 744 1974 cornibus
771 1915 839 1974 imis
868 1931 965 1974 ramos
997 1914 1104 1992 alioqui
1125 1918 1158 1968 ant

126 2005 315 2064 117lrontem
342 2005 511 2083 prominere
541 2003 644 2063 solitos
672 2002 847 2063 iunioribus.
894 2021 953 2062 non
983 2003 1119 2063 decidunt
1141 2014 1159 2055 c:

180 2095 281 2153 stratis
305 2111 417 2153 cornua
440 2110 495 2152 nec
519 2099 691 2153 nascuntur.
732 2101 894 2172 erumpunt
917 2101 1020 2152 autem
1045 2107 1160 2151 renasru

179 2181 260 2242 tibus
283 2181 440 2242 tuberibus
462 2184 558 2261 primo
587 2181 684 2242 aridae
714 2184 777 2242 cuti
800 2181 913 2242 similia.
960 2182 1066 2241 eadem
1088 2179 1160 2242 tenrrl

180 2275 352 2332 increscunt
377 2271 481 2332 ferulis
504 2271 703 2331 harundineas
731 2273 763 2331 in
785 2271 938 2350 paniculas
964 2271 1050 2331 molli
1073 2261 1160 2349 plumat

180 2360 327 2440 lanugine.
374 2360 514 2439 quamdiu
538 2368 641 2420 carent
663 2362 715 2441 iis,
737 2359 876 2421 noctibus
899 2360 1070 2440 procedunt
1092 2358 1159 2436 adp

181 2449 258 2510 bula.
291 2452 488 2510 increscentia
512 2449 583 2510 solis
603 2467 711 2529 vapore
736 2449 844 2511 durant
867 2449 903 2510 ad
926 2449 1053 2510 arbores
1076 2447 1148 2509 subin

182 2542 383 2620 experientes3
406 2538 459 2600 ubi
481 2539 592 2619 placuit
615 2537 717 2620 robur,
740 2542 771 2599 in
795 2547 897 2619 aperta
915 2539 1076 2618 prodeunt.
1108 2555 1157 2614 rap

182 2649 240 2710 qne
264 2632 322 2690 iam
345 2637 415 2689 sunt
435 2628 545 2688 hedera
568 2631 599 2688 in
623 2628 765 2689 cornibus
784 2629 943 2709 viridante,
967 2647 1004 2689 ex
1030 2631 1154 2690 attritur

181 2719 290 2780 borum
312 2720 395 2779 utin
414 2718 512 2796 aliquo
530 2717 610 2797 ligno
629 2708 751 2799 teneris,
774 2718 846 2779 dum
864 2720 1072 2798 experiuntur,
1093 2719 1158 2776 innan

182 2809 239 2870 tuit
269 2807 425 2893 aliquando
456 2815 486 2868 et
513 2807 637 2868 candido
668 2807 782 2890 colore,
815 2807 931 2887 qualem
958 2809 1054 2868 luisse
1082 2805 1150 2866 trado

184 2897 217 2968 Q.
238 2897 353 2957 Sertori
376 2915 493 2956 cervam
516 2915 604 2976 quam
628 2915 694 2958 esse
714 2897 864 2958 fatidicam
882 2896 1042 2976 Hispaniae
1063 2891 1156 2976 genta

131 2993 181 3043 118
192 2993 390 3066 persuaserat.
436 2995 466 3046 et
492 2985 539 3046 his
567 3005 636 3048 oum
664 2994 804 3066 serpente
832 3005 939 3066 pugna.
985 2988 1123 3064 vestigant
1142 3001 1157 3038 n

184 3094 304 3156 vernas,
327 3077 502 3155 nariumque
527 3078 634 3155 spiritu
658 3076 818 3137 extrahunt
840 3077 1013 3138 renitentes.
1052 3075 1114 3135 ideo
1132 3073 1149 3128 si

184 3165 286 3245 gulare
315 3162 467 3244 abigendis
495 3165 685 3244 serpentibus
714 3166 788 3226 odor
815 3165 920 3227 adusto
948 3167 1070 3226 cervino
1096 3180 1151 3222 rora

186 3308 351 3316 ιμ-σ-ο-κ-..ο-
355 3309 399 3314 .-⁴-

256 3381 307 3428 3.4
321 3375 435 3429 manent
447 3374 549 3430 Robe.
571 3375 751 3428 transnatant
764 3378 813 3428 (11³.
832 3375 944 3428 tranent
957 3372 1045 3429 Solia.
1055 3377 1138 3437 19,lt

186 3453 220 3500 14
242 3446 331 3500 utrius
354 3446 443 3500 libeat
464 3451 488 3499 d.
517 3447 578 3500 -bet
594 3445 664 3502 noa.
696 3445 841 3516 utriusque
859 3445 948 3500 libeat
969 3447 1054 3515 (erat
1070 3443 1108 3508 1²)
1126 3457 1137 3490 r

186 3517 341 3570 odoranti.
368 3534 409 3570 -re
429 3519 459 3571 et
475 3535 498 3571 r.
558 3523 592 3570 22
612 3518 669 3572 cuti
687 3533 735 3587 eqo
752 3533 814 3572 noe.
833 3519 885 3572 lue.
900 3521 989 3587 ΜΒ.
1017 3516 1064 3570 -tn
1082 3515 1107 3568 ll.
1124 3518 1149 3577 :l

185 3587 260 3640 neris
278 3587 428 3658 Pnige-
447 3605 470 3641 r.
526 3594 560 3641 29
578 3587 650 3642 fiunt
667 3593 691 3642 d.
708 3591 713 3658 l
733 3591 820 3643 etas.
849 3606 883 3644 ex
900 3605 922 3642 r.
978 3589 1138 3644 a1estcum

257 3663 292 3710 32
310 3658 461 3712 renitentes
480 3658 591 3712 Placidi.
619 3660 703 3728 reiin-
723 3678 745 3714 r.
