2286 3938
196 255 278 304 nou.
297 255 386 305 rausa.
404 257 452 304 vr.
468 249 588 302 ars-as.
609 239 759 326 (ao-ao.)
921 237 983 304 241

26 408 136 490 dopbreua
149 413 296 489 munitum,
319 409 459 490 quondam
480 410 636 472 stadiorum
656 407 735 472 Lxx
753 409 938 491 amplitudine
955 420 985 472 et

24 506 158 572 satraparum
169 497 251 573 regia
263 495 455 576 appellatum,
467 514 524 575 quo
537 495 644 556 tributa
654 495 892 571 conferebantur,
910 513 984 556 nuno

23 581 40 638 io
59 597 132 639 arcem
150 579 303 641 redactum.
344 579 468 657 Ourant,
494 589 524 639 ut
551 580 652 657 luere,
678 578 809 642 Thebeta
832 589 861 641 et
887 580 974 641 ductu
987 587 1039 640 120

21 664 104 742 Pompei
122 661 212 742 llagni
233 665 373 725 terminus
388 664 510 725 Romani
530 666 633 743 imperi
649 663 775 742 Oruros,
796 663 985 743 aZeugmate

22 745 66 806 COb
78 748 177 808 milibus
191 763 337 828 passuum.
376 749 448 809 Sunt
468 751 516 828 qui
540 749 653 809 tradunt
668 747 836 829 Euphraten
861 748 985 810 Oebaris

20 833 121 908 praelecti
135 849 223 912 opere
242 833 386 894 diductum
393 877 403 912 ,
425 835 473 896 ubi
495 853 563 894 esse
584 833 724 909 diximus,
741 834 824 910 lrndi,
847 853 884 896 ne
901 848 1036 913 prae-sos

20 917 73 993 oipiti
83 935 158 976 cursu
169 917 359 994 Babyloniam
371 917 536 994 infestaret,
556 917 592 1000 ab
605 917 736 995 Assyriis
754 935 827 979 uero
840 919 985 980 universis

18 998 150 1078 appellatum
165 999 371 1081 Narmalchan,
393 1003 470 1083 quod
491 1004 635 1081 significat
654 1005 766 1081 regium
788 1003 902 1064 llumen.
931 1019 987 1082 qua

18 1085 124 1145 leriratur
135 1086 271 1166 oppidum
291 1089 345 1148 init
357 1087 482 1166 Agranis
499 1089 675 1165 emaximis,
691 1087 768 1167 quod
785 1087 902 1148 diruere
918 1086 986 1148 Per·

10 1185 54 1228 tsoe.
76 1169 196 1248 Babylon
214 1169 431 1233 Chaldaicarum
453 1174 581 1251 gentium
597 1181 685 1252 caput
705 1172 753 1233 diu
769 1191 903 1232 summam
920 1171 1034 1233 ola-121

17 1255 93 1313 uitatem
106 1256 180 1316 iuter
196 1257 287 1316 nrbes
304 1259 430 1338 optinuit
448 1265 510 1316 toto
526 1257 617 1333 orbe,
636 1265 858 1337 propterquam
874 1256 986 1334 reliqua

16 1351 57 1414 pars
70 1337 291 1419 Mesopotamiae
309 1341 510 1421 Assyriaeque
524 1339 685 1418 Babylonia
701 1341 847 1421 appellata
864 1350 921 1420 est,
935 1341 987 1402 LX

13 1422 61 1481 nilis
76 1443 205 1501 passuum
226 1427 360 1504 amplexa
375 1427 463 1486 muris
486 1425 615 1486 ducenos
632 1426 724 1505 pedes
744 1426 827 1504 altis,
849 1429 986 1506 quinqua·

14 1508 160 1586 permistis,
178 1511 209 1570 in
226 1511 358 1588 singulos
371 1510 462 1590 pedes
480 1513 571 1571 ternis
587 1510 685 1589 digitis
697 1529 831 1572 mensura
845 1509 986 1590 ampliore

12 1607 64 1666 pam
78 1601 192 1672 nostra,
214 1595 352 1654 interlluo
375 1594 541 1673 Euphrate,
565 1595 688 1656 mirabili
706 1614 798 1675 opere
820 1596 986 1674 utrobique.

12 1673 64 1734 durat
75 1677 161 1739 adhuc
175 1679 217 1739 lbi
230 1678 309 1739 lovis
321 1678 384 1740 Beli
403 1679 550 1759 templum.
577 1682 713 1740 inventor
725 1681 772 1740 hic
788 1681 841 1740 luit
853 1679 987 1740 sideralis

11 1759 120 1823 scientiae.
157 1772 263 1825 cetero
289 1763 324 1824 ad
347 1763 531 1824 solitudinem
554 1766 642 1826 rediit
664 1764 804 1826 exhausta
827 1765 976 1824 vicinitate
991 1768 1039 1820 122

10 1841 124 1908 Seleuciae
147 1849 188 1909 ob
205 1847 235 1910 id
258 1848 394 1910 conditae
418 1869 433 1910 a
454 1847 593 1910 Nicatore
614 1851 688 1909 intra
710 1849 928 1926 nonagesimum
949 1849 987 1908 la·
1069 1898 1074 1905 .

12 1927 73 2002 pidem
89 1933 116 1990 in
135 1933 306 1994 confluente
329 1933 484 2013 Euphratis
506 1936 587 1994 iossa
611 1933 743 2012 perducti
763 1943 850 2012 atque
876 1931 986 2010 Tigris,

11 2027 57 2086 pras
69 2024 158 2076 tamen
170 2015 336 2092 Babylonia
350 2019 580 2096 cognominatur,
596 2018 690 2080 libera
705 2018 792 2079 hodie
809 2037 842 2078 ac
857 2019 901 2077 sui
918 2018 988 2080 iuris

10 2091 226 2180 lacedonunrque
241 2105 340 2162 moris.
373 2103 470 2164 ierunt
492 2105 520 2164 ei
538 2102 635 2182 plebis
651 2103 777 2164 urbanae
794 2101 845 2163 DC
862 2101 891 2162 Μ
908 2121 987 2180 esse,

10 2179 63 2240 titum
82 2203 151 2244 uero
182 2187 330 2247 moenium
357 2187 471 2265 aquilae
495 2188 647 2266 pandentis
669 2187 747 2264 alas,
777 2206 876 2266 agrum
900 2189 988 2246 totius

10 2265 95 2326 tuentis
110 2269 335 2330 fertilissimum.
367 2273 491 2332 invicem
511 2270 545 2331 ad
560 2271 632 2332 hano
647 2271 870 2332 exhauriendam
894 2269 989 2332 Ctesi·

10 2345 109 2420 phortem
123 2356 206 2414 iuxta
223 2356 339 2416 tertium
352 2356 387 2416 ab
400 2374 435 2416 ea
447 2356 571 2436 lapidem
586 2357 615 2416 in
628 2353 811 2417 chalonitide
829 2356 989 2417 condidere

10 2429 87 2512 larthi,
112 2439 194 2517 quod
214 2457 290 2499 nunc
308 2449 394 2518 caput
415 2449 462 2500 est
487 2458 652 2519 regnorum.
693 2449 723 2500 et
744 2450 897 2520 postquam
919 2439 989 2501 nihil

10 2519 200 2600 proiciebatur,
219 2541 314 2603 nuper
326 2524 496 2602 vologesus
512 2543 567 2608 ren
579 2523 653 2584 aliud
670 2524 805 2604 oppidum
821 2525 988 2603 Vologese-

10 2612 82 2664 :ertam
100 2609 128 2668 im
153 2609 256 2668 vicino
276 2609 411 2669 condidit.
452 2609 524 2668 Sunt
545 2610 696 2669 etiamnum
717 2611 744 2670 in
765 2608 978 2688 Mesopotamia
991 2611 1065 2663 123⁴

10 2688 82 2764 oppida
95 2689 312 2772 Hipparenum,
336 2691 546 2754 Chaldaeorum
564 2693 695 2753 doctrina
711 2702 742 2754 ct
764 2693 822 2754 hoo
845 2695 919 2753 sicut
936 2693 989 2753 Ea·
1009 2735 1020 2743 -·

10 2771 80 2852 tylon,
102 2778 185 2838 iuxta
210 2777 327 2838 lluvium
350 2779 398 2858 qui
424 2777 500 2839 cadit
527 2780 556 2838 in
579 2775 754 2856 Narragam,
780 2778 856 2838 unde
880 2779 990 2838 civitati

10 2871 88 2919 romeu.
115 2879 218 2922 muros
234 2861 469 2942 Hipparenorum
483 2861 592 2923 Persae
612 2861 740 2929 diruere.
774 2862 902 2923 Orcheni
919 2879 990 2942 quo·

10 2953 40 3014 prs
56 2946 134 3006 tertia
159 2945 375 3008 Chaldaeorum
396 2947 525 3008 doctrina
550 2949 580 3007 in
596 2946 700 3008 eodem
724 2949 781 3008 situ
805 2947 938 3009 locantur
956 2946 991 3008 ad

10 3027 121 3087 ueridiem
135 3033 230 3092 uersi.
265 3031 301 3093 ab
316 3031 361 3092 bis
375 3031 493 3092 Notitae
514 3039 544 3091 et
559 3030 808 3110 Orothophanitae
825 3041 854 3094 et
869 3031 991 3094 Gnesio-

10 3103 98 3174 bartae.
149 3114 305 3195 Euphrate
344 3118 474 3193 nauigari
496 3113 677 3192 Babylonem
707 3136 724 3176 e
754 3116 875 3178 Persico
907 3117 976 3176 mari
993 3125 1043 3176 las

10 3187 129 3260 toocxn
147 3199 180 3259 Μ
206 3219 339 3280 passuum
362 3201 475 3260 tradunt
497 3199 647 3262 Nearchus
672 3209 702 3260 et
717 3199 913 3278 Onesicritus,
941 3201 989 3279 qui

10 3291 53 3336 ero
72 3291 175 3360 postea
200 3290 349 3364 scripsere
371 3284 405 3344 ad
429 3285 593 3346 Seleuciam
615 3281 766 3345 ccccxi
791 3287 859 3361 mil,
883 3285 990 3346 lubaa

10 3355 122 3438 labylome
140 3367 303 3430 Characem
314 3367 444 3428 CLXXV
454 3369 513 3430 mil.
530 3387 674 3448 passuum.
705 3369 795 3431 lluere
811 3370 899 3448 aliqui
915 3369 992 3430 ultra

10 3441 122 3520 labyloua
148 3456 290 3514 continuo
317 3453 420 3530 alveo,
448 3455 613 3532 priusquam
638 3453 805 3514 distrahitur
834 3453 869 3514 ad
896 3453 991 3530 rigua,

10 3525 137 3598 dlllelll
157 3537 238 3616 mil,
264 3540 403 3598 uniuerso
424 3547 518 3600 autem
540 3557 627 3600 cursu
646 3541 712 3621 Μ
732 3537 761 3597 Μ
782 3557 859 3616 pass.
892 3537 992 3597 incon·

50 3648 121 3687 rorsu
139 3654 208 3689 nnn.
228 3654 302 3690 rome.
329 3640 352 3690 Ι.
405 3683 408 3690 .
750 3619 788 3683 16
