2286 3938
158 70 199 133 12
502 67 531 122 c.
550 67 650 122 cumr
670 65 825 122 suenum

156 237 250 298 aequa
272 219 356 279 lance
369 216 531 298 pensitahit
549 218 601 295 qui
625 233 742 295 semper
761 213 926 292 fragilitatis
944 214 1078 275 humanae
1093 233 1126 273 nc

156 327 222 369 mor
244 309 343 369 luerit.

104 407 138 454 to
225 393 260 460 8.
284 390 336 480 (6)
365 396 400 458 ln
422 395 515 476 pedes
536 395 693 475 procidere
715 401 889 455 nascentem
911 401 1014 454 contra
1033 401 1115 456 natura

157 496 217 570 est,
240 505 299 567 quo
319 491 493 565 argumento
512 503 564 544 eos
583 483 767 564 appellavere
785 483 929 563 Agrippas
947 492 982 544 ut
999 502 1079 562 aegre
1111 524 1113 535 .

158 587 218 658 too,
242 576 368 656 qualiter
391 582 422 636 et
439 573 476 635 M.
496 573 656 654 Agrippam
678 573 949 654 lerarntggenltum,
970 573 1055 633 unico
1071 591 1126 652 prop

158 665 307 727 felicitatis
338 663 472 744 exemplo
501 665 534 724 in
563 661 700 724 omnihus
730 661 766 722 ad
795 662 876 723 hunc
906 662 1028 724 modum
1053 663 1121 740 genit‘

158 772 337 833 quamquam
359 757 385 814 is
404 771 523 832 quoque
547 752 668 813 adversa
686 751 797 832 pedum
819 751 981 812 valitudine
1003 753 1117 812 miserti

158 851 259 924 venta,
291 840 422 904 exercito
446 861 517 902 aevo
540 844 620 903 inter
643 859 724 902 arma
746 848 919 920 mortesque
942 859 978 902 ac
1001 843 1093 900 noxios
1110 859 1127 898 a·

159 951 275 1013 cesena,
294 933 409 1010 inlelici
431 933 522 992 terris
545 934 639 1012 stirpe
662 933 743 992 omni
766 931 818 991 sed
835 949 891 1010 per
913 939 1054 1010 utrasque
1066 929 1099 1008 l
1124 958 1127 981 1

156 1023 243 1100 pinas
260 1023 396 1103 maxime,
419 1039 494 1100 quae
514 1019 628 1100 Gaium,
652 1039 726 1100 quae
745 1019 908 1080 Domitium
924 1020 1071 1080 Neronem
1085 1021 1118 1098 p'

158 1113 240 1190 cipes
259 1129 389 1190 genuere
408 1110 534 1190 totidem
551 1111 631 1171 faces
649 1112 768 1190 generis
781 1109 912 1192 humani,
934 1107 1110 1189 praetereat

105 1209 139 1258 46
158 1202 247 1261 vitate
271 1203 347 1283 aevi,
371 1201 637 1279 quinquagensimo
659 1217 720 1260 uno
741 1205 845 1278 raptus
868 1217 945 1258 anno
969 1201 1126 1260 intormem

158 1289 373 1350 adulteriorum
400 1291 535 1368 coniugis
564 1290 720 1368 socerique
742 1290 897 1368 praegravi
919 1290 1053 1368 servitio,

154 1367 317 1457 'augurium
338 1381 525 1458 praeposteri
552 1377 657 1440 natalis
684 1379 879 1438 existimetur
924 1377 1073 1438 Neronem
1094 1393 1127 1454 qu

158 1487 216 1546 que
239 1467 327 1547 paulo
355 1475 423 1528 ante
446 1469 613 1548 principem
641 1475 670 1528 et
692 1475 755 1528 toto
777 1469 947 1546 principatu
978 1487 1033 1528 suo
1058 1467 1123 1526 host

158 1559 277 1635 generis
295 1557 418 1616 humani
436 1556 563 1636 pedibus
581 1559 715 1636 genitum
738 1555 842 1616 scribit
859 1573 971 1636 parens
991 1559 1055 1618 eius
1070 1555 1098 1615 ΑΙ

157 1648 235 1725 pina.
265 1647 327 1706 ritu
345 1653 473 1716 naturae
497 1647 593 1726 capite
611 1646 762 1706 hominem
780 1647 861 1724 gigni
884 1663 949 1706 mos
974 1654 1031 1728 est,
1058 1666 1127 1700 mo

158 1735 267 1796 eilerri.
305 1733 324 1775 ’¹‘
349 1732 491 1814 quasdam
513 1743 653 1796 concreto
677 1735 797 1814 genitali
819 1737 900 1814 gigni
922 1735 1055 1797 infausto
1075 1754 1107 1794 oo

55 1866 62 1874 -
159 1823 295 1885 Cornelia
318 1823 521 1885 Gracchorum
543 1832 639 1885 mater
661 1824 770 1884 iudicio
794 1823 884 1885 est*

104 1922 138 1970 47
225 1908 260 1976 9.
295 1907 347 1996 (l)
394 1914 583 1994 hrrspicatius
612 1921 715 1974 enecta
741 1922 865 1994 parente
893 1917 1066 1996 gignuntur,
1092 1915 1123 1972 si

159 2001 259 2081 Scipio
278 2003 435 2064 Africanus
457 2005 541 2083 prior
563 2011 651 2064 natus
671 2005 846 2082 primusque
866 2002 1030 2065 Caesarum
1052 2021 1119 2064 ara

157 2093 261 2150 matris
288 2099 374 2153 utero
399 2092 510 2173 dictus,
542 2092 659 2170 quade
684 2111 772 2154 causa
800 2101 830 2153 et
853 2093 1005 2154 Caesones
1032 2091 1125 2173 appell

157 2180 247 2240 simili
268 2181 356 2242 modo
381 2189 467 2243 natus
491 2189 521 2242 et
538 2181 674 2242 Manilius
698 2185 749 2262 qui
768 2181 978 2261 Carthaginem
1002 2201 1068 2244 cum
1087 2199 1122 2240 er

157 2271 219 2330 citu
240 2271 369 2332 intravit.

228 2353 284 2422 10.
314 2353 365 2443 (8)
411 2359 553 2440 Vopiscos
581 2360 767 2441 appellabant
794 2380 810 2421 e
833 2363 959 2441 geminis
988 2364 1042 2442 qui
1067 2369 1126 2420 reto

157 2456 245 2509 utero
267 2457 465 2510 nascerentur
488 2450 581 2510 altero
605 2453 785 2531 interempto
808 2449 922 2512 abortu.
965 2465 1126 2531 namqueu

156 2540 236 2599 xima
259 2541 316 2600 etsi
338 2557 406 2600 rara
429 2541 508 2600 circa
530 2537 587 2600 hoc
610 2541 753 2602 miracula
776 2543 932 2602 exsistunt

103 2635 138 2684 48
226 2622 284 2690 11.
309 2622 360 2711 (9)
390 2628 516 2690 Praeter
538 2628 694 2690 mulierem
712 2640 807 2712 pauca
829 2630 967 2690 animalia
991 2633 1094 2692 coitum
1117 2652 1121 2679 ι

156 2737 227 2778 vere
255 2718 387 2800 gravida,
419 2733 514 2779 rmum
542 2718 661 2797 quidem
690 2721 811 2796 omniuo
838 2727 889 2780 aut
917 2719 1047 2781 alterum
1071 2735 1122 2796 sup

157 2806 237 2866 letat.
275 2815 371 2870 exstat
392 2810 424 2868 in
440 2809 637 2868 ‘monimentis
661 2816 691 2868 et
713 2809 898 2870 medicorum
921 2817 952 2870 et
976 2809 1082 2889 quihus

154 2967 367 2977 *—

227 3077 242 3124 3
262 3073 413 3141 procedere
431 3073 534 3129 Flltlo.
554 3073 642 3130 Solio.
661 3079 693 3142 1,
712 3078 757 3130 65.
780 3075 891 3144 proeire
908 3075 945 3128 3¹
964 3094 983 3130 a
1004 3118 1010 3130 .
1029 3073 1095 3130 Dctl.

129 3149 275 3212 =daegre
294 3143 448 3199 anRob.
469 3144 557 3200 Solio.
572 3147 623 3201 ll.
651 3145 749 3201 uiro.
775 3149 779 3214 l
803 3148 902 3217 perte·
920 3147 950 3200 ι’
993 3149 1033 3203 oo.
1053 3147 1124 3198 -tusr

210 3219 226 3268 ὁ
246 3215 276 3268 et
292 3231 343 3269 om.
362 3215 399 3270 α’.
456 3223 470 3270 7
490 3217 552 3272 diat.
568 3216 654 3272 Salm.
669 3235 754 3274 exerc.
770 3217 847 3272 Pun.
861 3219 1011 3288 neers.
1063 3221 1127 3268 eno

154 3289 268 3355 temque
286 3305 310 3341 o.
334 3289 466 3356 oetesque
482 3289 519 3340 12¹
538 3306 584 3358 op.
598 3289 670 3347 Detl.
694 3289 845 3359 hostesque
863 3294 913 3345 ss.
930 3291 939 3358 l
958 3307 993 3344 ao
1010 3287 1098 3366 noxios
1116 3302 1119 3327 τ

155 3375 249 3413 cessus
267 3375 321 3428 epo.
346 3359 382 3412 ad
402 3362 445 3430 (ac
459 3359 505 3429 1³⁹)
524 3361 609 3416 noxio
629 3361 679 3431 (ia
697 3361 737 3430 αἱ)
757 3378 871 3417 accessu
888 3361 981 3416 ΒΝ.
1005 3360 1118 3416 4414044Σ

155 3447 235 3484 cessu
260 3430 410 3500 (succ-1⁹)
433 3437 462 3486 r.
496 3431 646 3486 udnoxium
668 3449 814 3488 aceessum
836 3438 885 3488 dr.
977 3437 1010 3486 18
1034 3446 1085 3500 qua
1100 3450 1117 3471 τι

154 3531 189 3540 -
205 3503 248 3554 est
265 3519 298 3556 ec
315 3507 331 3568 ς
346 3507 382 3557 69
400 3503 455 3558 hoo
472 3506 633 3572 transposui
651 3521 713 3559 com
725 3505 856 3561 Noiteoio
873 3509 975 3575 quaeat.
992 3503 1064 3558 Plio.
1076 3501 1122 3570 pl

154 3570 205 3637 cfr.
225 3571 312 3628 Solio.
330 3577 361 3642 1,
380 3578 425 3630 67.
