2308 3936
199 217 278 265 uun.
295 218 387 266 nasu.
406 220 443 266 11.
461 216 582 272 23-26.
603 206 752 292 (nl-nn.)
962 211 1002 276 83

31 372 57 435 ab
68 373 213 452 dispranes
227 379 389 432 aestuosae
400 371 567 451 significari.
596 375 680 438 Fiunt
698 387 728 438 et
751 379 881 440 hibernis
896 381 1002 440 meusi-

30 457 68 518 bus
86 467 112 518 et
128 460 153 517 in
172 459 299 518 austrino
325 458 411 536 polo,
434 459 487 520 sed
506 459 546 519 ihi
566 462 637 524 citra
653 463 740 523 ullum
758 464 848 525 iubar.
880 465 1001 546 diraque

31 551 140 621 conperta
153 542 331 622 Aethiopum
348 551 377 604 et
388 542 518 624 Aegypti
532 546 660 625 populis,
677 549 724 608 cui
739 567 844 610 nomen
859 551 925 611 aovi
937 551 1000 610 ciue

29 647 65 686 rar
79 627 146 688 dedit
160 626 295 706 raphon,
314 628 401 705 ignea
416 630 519 708 specie
537 647 571 690 ac
588 631 686 710 spirae
702 633 789 694 modo
805 635 919 710 intorta,
936 636 1001 694 visu

16 729 117 791 aquaque
133 719 230 788 torvo,
253 731 312 772 neo
327 712 413 774 stella
429 714 529 774 verius
544 731 629 792 quam
647 717 761 796 quidam
777 719 880 795 igneus
896 719 999 778 nodus.

27 798 175 876 sparguntur
195 796 354 876 aliquando
373 805 402 856 et
419 797 582 858 errantibus
598 800 692 860 stellis
709 804 876 884 ceterisque
893 805 1043 869 crines-92

27 881 62 940 aad
75 891 195 942 cometes
210 900 364 962 numquam
380 883 408 941 iu
423 899 565 944 occasura
581 894 663 963 parte
681 886 757 946 caeli
771 896 826 962 est,
843 887 1000 948 terrificum

26 984 101 1044 nagua
117 985 154 1026 ex
168 977 252 1046 parte
271 967 351 1027 sidus
367 974 452 1046 atque
465 985 523 1028 non
535 967 641 1028 ieviter
653 970 770 1047 piatum,
789 981 819 1031 ut
832 972 910 1032 civili
921 981 1001 1032 motu

25 1050 118 1111 Octavio
130 1051 251 1111 consule
264 1053 427 1130 iterumque
435 1051 556 1130 Pompei
568 1060 598 1111 et
608 1049 743 1114 Caesaris
754 1055 845 1132 hello,
859 1057 887 1116 in
899 1063 1000 1116 nostro

7 1153 75 1194 rutero
93 1153 163 1195 aevo
188 1138 268 1196 circa
289 1135 462 1196 veneficium
484 1153 541 1214 quo
559 1133 695 1198 Claudius
715 1136 825 1199 Caesar
850 1140 1001 1219 imperium

23 1220 112 1298 reliquit
127 1219 255 1280 Domitio
272 1218 384 1279 Neroni
405 1237 440 1280 ao
463 1219 569 1280 deinde
591 1223 755 1300 principatu
772 1225 834 1283 ciue
850 1224 1001 1286 adsiduum

23 1321 91 1384 propo
105 1323 138 1366 ac
155 1323 288 1366 saevum.
321 1303 447 1364 Referre
471 1303 659 1382 arbitrantur,
683 1308 712 1366 in
730 1325 802 1388 quae
816 1313 915 1384 partes
931 1325 1000 1368 sese

22 1390 134 1450 norietur
151 1399 200 1450 aut
217 1391 298 1448 cuius
314 1388 419 1450 stellae
430 1389 510 1448 vires
522 1391 665 1469 accipiat,
689 1410 820 1472 quasque
836 1392 998 1452 similitudi·

21 1493 56 1534 res
67 1475 162 1535 reddat
178 1483 211 1534 et
228 1473 333 1553 quihus
347 1475 376 1532 in
391 1473 465 1533 locis
483 1475 598 1534 emicet.
629 1473 774 1536 Tibiarurn
788 1477 893 1555 specie
911 1477 996 1536 musi·
1008 1489 1043 1544 93
1089 1548 1090 1552 ¹

7 1577 56 1618 aeae
73 1560 122 1619 arti
146 1559 348 1638 portendere,
377 1557 522 1620 obscenis,
538 1567 632 1619 autern
657 1560 785 1622 moribus
808 1561 838 1620 in
860 1562 998 1622 verendis

21 1644 121 1720 partibus
137 1645 303 1722 signorum,
327 1643 452 1720 ingeniis
468 1652 497 1702 et
511 1643 680 1720 eruditioni,
704 1647 727 1704 si
743 1647 912 1726 triquetram
926 1646 999 1725 tigu-

20 1746 60 1786 ran
74 1729 278 1808 quadratamve
295 1727 414 1806 paribus
430 1727 543 1804 anguiis
558 1729 595 1788 ad
611 1728 725 1809 aliquos
740 1730 912 1809 perennium
929 1729 999 1790 stol·

18 1811 83 1872 iarum
94 1815 185 1875 ciuus
202 1811 302 1890 edant,
330 1829 442 1872 venena
458 1813 581 1872 fundere
599 1814 743 1892 incapite
761 1813 1000 1893 septentrionalis

20 1899 174 1958 austrinaeve
192 1895 352 1976 serpentis.
383 1892 522 1956 Cometes
543 1898 571 1956 iu
588 1915 645 1958 uno
661 1899 749 1958 totius
766 1898 847 1958 orbis
863 1897 931 1958 loco
950 1914 999 1961 co·

7 1979 65 2042 titur
76 1984 100 2042 iu
113 1983 228 2062 templo
246 1981 374 2056 Romae,
397 1981 549 2042 admodum
571 1981 682 2042 faustus
696 1983 763 2043 diuo
780 1983 912 2060 Augusto
928 1981 999 2042 iudi-

21 2076 75 2125 catus
90 2068 124 2128 ab
139 2071 228 2148 ipso,
253 2067 302 2146 qui
317 2066 475 2144 incipiente
490 2083 527 2128 eo
543 2067 674 2147 apparuit
689 2067 763 2127 ludis
782 2084 856 2148 quoe
872 2065 1001 2128 iaciebat

21 2147 99 2212 i'eneri
110 2149 262 2214 Genetrici
274 2168 333 2212 uon
344 2151 433 2211 multo
446 2159 513 2230 post
525 2150 634 2211 obitum
645 2153 736 2230 patris
749 2149 885 2212 Caesaris
897 2152 926 2212 iu
938 2151 999 2212 col·

19 2234 73 2312 legio
86 2236 119 2296 ab
135 2255 173 2298 eo
190 2238 331 2297 instituto.
366 2253 488 2314 namque
503 2234 549 2296 his
565 2235 665 2296 verbis
687 2237 715 2296 in
738 2237 872 2314 gaudium
886 2236 1043 2316 prodit:94

18 2315 49 2376 iis
66 2321 155 2400 ipsis
178 2321 350 2382 ludorum
373 2337 531 2380 meorum
547 2319 677 2380 dicbus
699 2321 804 2380 sidus
825 2322 1000 2381 crinitum

7 2404 998 2486 aperacptemdiceinregionccaeliquaesuhsepten·

18 2489 180 2551 trionibus
200 2500 260 2550 est
276 2499 530 2569 conspectum.
549 2489 584 2550 id
602 2488 802 2550 oriebatur
818 2491 922 2550 circa
937 2507 998 2548 un-

18 2571 169 2638 decimam
184 2575 312 2636 h'oram
327 2573 405 2634 diei
420 2573 633 2654 clarumque
651 2583 687 2634 et
701 2573 869 2634 omuibus
887 2592 904 2632 e
920 2582 998 2632 ter·

19 2658 306 2740 circonspiouum
323 2657 401 2718 init.
431 2675 473 2718 eo
489 2658 615 2719 sidere
632 2659 850 2736 significari
864 2657 998 2734 volgus

20 2743 156 2807 credidit
175 2741 361 2805 Caesaris
377 2743 527 2804 animam
542 2744 642 2802 iuter
658 2743 806 2802 deorum
823 2743 997 2804 inmorta-

8 2823 82 2887 aiiun
104 2831 251 2890 numina
278 2836 487 2905 receptam,
515 2845 585 2907 quo
612 2829 760 2886 nomine
786 2827 821 2886 id
847 2825 998 2904 insigne

22 2911 197 2976 simulacro
215 2913 353 2993 capitis
370 2912 467 2988 ciue,
493 2911 591 2992 quod
613 2929 694 2972 mox
715 2911 845 2970 inioro
862 2928 998 2990 conse·

22 3001 190 3075 oravimus,
210 2999 395 3059 adiectum
410 3005 473 3056 est.
494 2996 571 3058 haec
582 2995 632 3056 ille
645 2996 673 3054 iu
685 2995 842 3075 publicum.
859 2995 997 3056 interiore

20 3081 99 3154 padio
119 3083 176 3144 sihi
199 3082 281 3143 illum
296 3090 392 3142 natum
413 3099 505 3160 seque
521 3083 551 3140 in
573 3097 610 3140 co
625 3081 707 3140 nasci
722 3081 926 3159 interpretatus
941 3088 997 3156 est,

21 3174 47 3240 et,
60 3171 80 3227 ei
91 3187 193 3229 uerum
204 3168 338 3242 fatemur,
356 3165 481 3226 salutare
496 3165 526 3226 id
541 3165 626 3225 terris
641 3165 703 3224 fuit.
732 3163 802 3226 Saurt
817 3165 865 3245 qui
881 3164 999 3224 ethaeo

7 3247 95 3312 asidera
114 3261 262 3332 perpetua
280 3270 348 3312 esse
372 3250 506 3326 credant,
529 3265 640 3329 suoque
663 3247 769 3310 ambitu
789 3249 848 3326 ire,
872 3249 926 3309 sed
941 3264 999 3308 uon

22 3331 167 3398 uisirelicta
186 3357 204 3398 a
224 3336 398 3412 saleccum,
421 3334 470 3394 alii
491 3351 564 3394 vero
585 3335 634 3412 qui
654 3335 734 3394 nasci
757 3350 858 3394 umore
880 3332 998 3392 iortuito

25 3419 186 3497 etigneavi,
206 3421 334 3500 ideoque
350 3420 434 3480 solvi.
521 3480 524 3488 ,
1005 3446 1031 3486 aa

65 3502 107 3570 to.
123 3505 211 3586 (24.)
235 3505 316 3566 idem
330 3503 515 3583 Hipparchus
536 3521 686 3583 numquam
706 3505 777 3648 s6aq's
797 3501 944 3576 laudatus,
969 3508 998 3558 ut
1007 3507 1041 3561 95
