2308 3936
162 269 179 304 .
225 242 783 317 nna.rr1sr.11.so-ea.(ea-55.)
966 236 1008 302 95

39 405 216 488 precationibus
226 405 275 466 rel
286 407 356 484 cogi
368 406 484 467 fulmina
494 406 543 468 vel
555 408 706 487 inpetrari.
731 409 825 470 Vetus
836 409 909 468 fama
920 405 1005 468 Etru·

39 490 1004 572 riaeestinpetratum,Volsiniosurbemdepopulatisagrissubeunte

39 584 135 638 nonstro
159 575 232 654 qnod
257 593 405 636 vocavere
432 574 567 654 Voltara,
592 585 743 638 evocatum
765 594 782 637 a
803 576 926 638 Porsina
951 595 1004 638 suo

39 681 95 738 rege.
125 659 159 720 llt
173 668 237 720 ante
257 679 321 720 eum
336 678 353 720 a
366 655 457 720 Numa
474 662 593 741 saepius
608 660 666 722 hoo
681 661 850 722 facilitatum
865 663 894 722 in
909 662 1003 740 primo

27 745 142 804 carnalium
162 762 278 805 suorum
303 745 391 806 tradit
410 743 442 804 b.
465 744 555 822 Piso,
578 747 677 824 gravis
698 755 816 822 auctor,
846 746 923 825 quod
944 747 1004 806 imi·

38 839 97 888 tatum
112 847 203 908 parum
223 830 283 889 rite
301 827 426 889 l'ullium
446 827 601 890 Hostilium
622 831 708 890 ictum
728 830 856 891 fulmine.
894 829 1003 892 buces-

37 931 73 991 pne
85 922 109 972 et
122 931 181 973 aras
196 921 226 974 et
242 931 327 974 saora
342 911 493 991 habemus,
509 915 644 993 interque
660 913 793 975 Statores
808 933 842 974 ae
858 912 1005 976 Tonantes

37 997 191 1059 atleretrios
203 996 329 1058 Elicium
344 1015 461 1077 quoque
472 1001 637 1078 accepimus
647 997 757 1060 lovem.
785 997 874 1060 Varia
889 998 1046 1060 1111111141

37 1083 87 1142 ritae
100 1083 234 1143 sententia
252 1091 283 1144 et
300 1100 355 1161 pro
372 1085 511 1162 cuiusque
525 1085 630 1145 animo.
660 1083 809 1162 Imperare
825 1092 943 1145 naturae
961 1103 1005 1144 sa·

18 1183 66 1225 111
80 1166 178 1228 audacis
192 1176 239 1228 est
256 1167 400 1244 credere,
424 1186 480 1228 neo
500 1169 592 1228 minus
611 1167 728 1228 hebetis
749 1169 900 1228 veneficiis
921 1165 1005 1229 abro-

36 1253 184 1329 propines,
209 1251 325 1330 quando
345 1254 375 1312 in
397 1251 541 1330 fulgurum
564 1270 681 1331 quoque
699 1254 944 1332 interpretatione
966 1271 1003 1314 eo

35 1336 125 1412 proiecit
145 1338 267 1397 scientia
288 1345 319 1395 ut
343 1345 466 1396 ventura
487 1336 544 1396 alia
565 1337 647 1397 finito
671 1337 718 1397 die
739 1339 889 1415 praecinat
912 1345 943 1397 et
968 1355 1004 1397 an

35 1429 180 1500 peremptura
200 1423 259 1480 sint
275 1421 366 1480 iatum
388 1429 436 1480 aut
456 1429 593 1500 apertura
610 1423 691 1500 prius
713 1421 768 1482 alia
791 1422 849 1482 iata
868 1440 942 1502 quae
963 1421 1003 1481 la·

35 1511 96 1582 leant,
112 1504 366 1566 innumerabilibus
388 1505 559 1584 inutraque
574 1504 698 1584 publicis
714 1507 894 1585 privatisque
911 1525 1002 1584 expe·

17 1589 136 1650 minentis.
163 1588 353 1670 quamobrem
369 1591 426 1652 sint
440 1590 496 1651 ista
511 1599 543 1650 ut
558 1609 655 1650 rerum
672 1598 791 1651 naturae
809 1590 908 1668 libuit,
930 1591 1001 1650 alias

34 1681 86 1733 certa
98 1673 160 1734 alias
174 1674 274 1752 dubia,
293 1674 359 1735 aliis
374 1674 496 1754 probata
513 1673 578 1734 aliis
593 1674 759 1753 damnanda,
776 1692 829 1736 nos
847 1674 882 1735 de
898 1682 1001 1735 cetero

35 1773 81 1834 puae
93 1767 149 1819 eunt
164 1761 193 1819 in
208 1758 256 1819 bis
273 1759 472 1820 memorabilia
489 1775 548 1819 non
563 1761 737 1820 omittemus.

72 1839 112 1904 54.
130 1841 212 1924 (55.)
236 1843 410 1922 Fulgetrum
430 1845 510 1922 prius
526 1845 607 1904 cerni
623 1862 706 1923 quarn
726 1845 863 1904 tonitrum
879 1843 982 1922 audiri,
994 1851 1044 1902 lta

35 1928 154 1988 11111111
168 1929 255 2006 iant,
279 1936 391 1990 eertum
407 1936 464 2004 est,
484 1929 665 2007 peonnam,
690 1931 824 2007 quoniam
840 1929 890 1988 lux
905 1931 1002 1988 sonitu

15 2010 137 2072 arelooior.
169 2015 260 2073 ictum
280 2021 378 2074 autem
398 2021 428 2072 et
449 2013 575 2072 sonitum
589 2030 755 2090 congruere
778 2014 819 2072 ita
836 2011 1001 2073 modulante

35 2103 114 2174 natura,
127 2097 177 2158 sed
191 2099 321 2158 sonitum
335 2098 462 2176 profecti
477 2115 545 2158 esse
560 2097 703 2177 fulminis,
719 2114 777 2157 non
793 2097 883 2157 inlati.
902 2099 1000 2157 etiarn·

35 2195 74 2238 ron
86 2183 204 2261 apiritmn
226 2183 357 2242 ociorem
370 2181 504 2260 fulmine,
527 2181 594 2242 ideo
609 2182 687 2260 quati
708 2183 789 2264 prius
808 2200 893 2243 omne
909 2190 939 2243 et
954 2182 1002 2242 ad·

35 2261 72 2323 lari
85 2283 155 2344 qnam
171 2269 305 2346 percuti,
329 2285 384 2327 neo
404 2283 575 2345 quemqnam
592 2267 672 2344 tangi
695 2268 742 2345 qui
760 2265 870 2350 [prior]
894 2267 1000 2328 viderit

34 2345 106 2410 irlnan
120 2360 164 2412 aut
179 2353 320 2413 tonitrum
338 2350 469 2412 audierit.
508 2350 603 2412 laeva
620 2369 765 2430 prospera
789 2353 999 2428 existimantur,

15 2437 128 2509 aquariam
141 2437 223 2498 laeva
239 2444 324 2516 parte
340 2435 435 2496 mundi
449 2443 529 2495 ortus
547 2443 600 2496 est.
634 2454 689 2496 neo
707 2445 764 2496 tam
778 2435 917 2496 adventus
934 2454 1000 2514 spe·

34 2524 96 2579 alatur
116 2540 195 2601 quarn
215 2521 349 2598 reditus,
372 2521 436 2580 sive
458 2520 493 2580 ab
518 2522 577 2581 ictu
598 2519 694 2580 resilit
716 2521 792 2598 ignis
814 2523 878 2580 sive
906 2537 998 2598 opere

34 2603 131 2674 11111111
151 2615 198 2668 aut
219 2607 291 2686 igne
313 2613 489 2684 consumpto·
506 2607 625 2682 spiritus
647 2614 766 2666 remeat.
801 2605 834 2665 ln
853 2605 980 2665 sedecim
992 2611 1040 2663 lat

35 2695 101 2761 partes
119 2691 225 2752 caelum
245 2693 276 2751 in
291 2707 329 2750 eo
350 2698 454 2768 speetu
469 2689 598 2750 divisere
616 2688 711 2750 Tusci.
745 2690 835 2770 prima
855 2697 901 2749 est
919 2707 935 2748 a
951 2707 996 2748 se·

35 2775 208 2844 ptentrionibus
227 2774 264 2836 ad
284 2773 526 2852 aequinoctialem
547 2782 696 2852 exortum,
719 2772 845 2836 secunda
865 2772 900 2833 ad
914 2774 999 2832 meri-

18 2852 90 2935 arten,
102 2863 181 2922 tertia
196 2859 233 2920 ad
248 2859 492 2938 aequinoctialem
507 2875 656 2934 oceasum,
673 2867 774 2938 quarta
791 2859 904 2938 optinet
921 2857 1000 2936 quod

37 2939 137 3021 reliquum
151 2954 196 3007 est
211 2945 247 3006 ab
265 2963 371 3006 occasu
386 2943 422 3004 ad
438 2945 677 3022 septentrionem.
702 2943 753 3003 bas
768 2944 870 3002 iterum
886 2945 915 3002 in
931 2961 999 3021 qua·

38 3029 101 3087 lamas
115 3029 236 3092 dirisere
254 3037 371 3110 partes,
397 3028 559 3106 exquibus
579 3036 647 3088 octo
667 3027 703 3088 ab
725 3037 830 3088 exortu
853 3029 997 3104 sinistras,

37 3109 120 3173 totidem
134 3133 148 3176 e
161 3116 308 3176 contrario
319 3113 510 3193 appellavere
522 3112 650 3173 dextras.
675 3131 713 3172 err
728 3112 772 3172 his
783 3113 906 3172 manime
918 3112 997 3172 dirae

38 3209 85 3266 111
103 3189 324 3278 septentrionem
352 3198 388 3261 ab
411 3216 516 3259 occasu
538 3199 690 3274 attingunt.
725 3197 824 3277 itaque
847 3197 999 3276 plurimum

15 3278 100 3354 1111111
110 3285 176 3346 unde
195 3285 331 3346 venerint
351 3282 469 3344 fulmina
490 3290 521 3342 et
540 3299 597 3360 quo
615 3283 825 3342 concesserint.
860 3283 997 3361 optimum

39 3371 66 3420 ast
87 3368 110 3427 11
130 3371 273 3431 exortivas
297 3368 395 3431 redire
418 3375 528 3446 partes.
563 3365 631 3426 ideo
657 3385 720 3427 oum
746 3384 762 3426 a
786 3367 877 3444 prima
902 3364 976 3426 caeli
990 3373 1039 3424 114

40 3457 95 3520 parte
111 3455 234 3516 venerint
254 3463 283 3515 et
304 3453 334 3514 in
355 3452 716 3529 eandemconcesserint,
741 3469 848 3510 summa
871 3449 996 3509 felicitas

16 3587 17 3592 ,
39 3535 195 3619 portenditur,
216 3538 301 3621 quale
317 3537 415 3602 Sullae
437 3535 571 3602 dictatori
606 3544 751 3598 ostentum
772 3535 867 3596 datam
885 3535 998 3612 accepi·
