2308 3936
219 211 295 258 unu.
319 211 413 260 mar.
437 211 460 257 1.
482 199 592 272 (nuru.
609 198 732 274 nvrur.)
942 191 984 258 33

32 367 139 444 lneoiuo,
161 363 331 444 Columella,
357 366 530 445 Tuberone,
552 364 584 427 h.
602 366 722 427 Tarutio
746 366 794 446 qui
813 364 925 428 Graece
947 364 983 427 de

30 455 80 512 astris
97 453 212 529 scripsit,
242 448 372 512 Caesare
395 452 536 512 dictatore
565 453 613 529 qui
638 452 725 526 item,
753 449 859 528 Sergio
880 449 983 527 Paulo,

29 536 96 596 Sabino
109 533 239 610 Fabiano,
256 535 295 596 lll.
312 533 473 612 Cicerone,
492 532 649 614 Calpurnio
663 534 774 610 Basso,
793 533 883 594 AteIo
900 533 982 613 Capi-

28 631 79 696 one,
94 617 204 680 llamilio
220 621 310 698 Sura,
332 619 416 680 Attio
433 621 481 700 qui
498 619 646 699 praxidica
666 620 793 698 scripsit.
826 617 981 680 Externis:

16 703 120 780 elesiodo,
135 703 345 784 Theophrasto,
361 704 538 783 Aristotele,
554 703 734 780 Democrito,
753 701 883 764 Hierone
898 723 982 782 rege,

27 788 169 850 Philometore
182 808 267 868 rege,
283 789 386 850 Attalo
398 809 483 869 rege,
500 789 648 850 Archelao
664 807 749 866 rege,
766 787 906 866 Archyta,
924 787 982 849 Xe-

25 873 139 950 nophonte,
158 874 351 953 Amphilocho
366 874 534 952 Athenaeo,
552 874 709 953 Anaxipoli
726 872 844 950 Thasio,
867 871 982 934 ArIsto·

24 955 80 1034 plane
91 955 206 1038 llilesio,
222 958 410 1038 Apollodoro
425 958 561 1037 Lemnio,
578 960 729 1037 Antigono
746 956 885 1036 Cymaeo,
905 958 983 1036 Aga-

24 1041 83 1101 horle
102 1040 181 1121 Chio,
209 1044 372 1122 Apollonio
396 1043 595 1122 Pergameno,
622 1043 791 1105 Aristandro
816 1042 983 1120 Athenaeo,

13 1124 102 1192 plnolio
116 1126 244 1205 llilesio,
261 1129 355 1190 Dione
371 1129 509 1206 Solense,
527 1128 659 1190 Chaerea
674 1128 872 1204 Atheniense,
892 1127 980 1194 Chae·

23 1213 64 1269 risto
75 1214 146 1290 item,
161 1213 293 1274 Diodoro
310 1212 454 1275 Prienaeo
464 1258 473 1290 ,
491 1213 606 1276 Dinone
624 1212 826 1292 Colophonio,
848 1211 983 1290 Epigono

22 1291 109 1374 llodio,
122 1295 260 1376 Euagone
274 1297 401 1377 Thasio,
419 1299 591 1378 Euphronio
607 1298 780 1374 Athenaeo,
798 1296 983 1358 Androtione

21 1382 47 1455 pt
57 1380 83 1440 de
94 1382 260 1459 agricultura
276 1385 412 1462 scripsit,
434 1383 619 1445 Aeschrione
640 1385 689 1462 qui
704 1385 789 1461 item,
811 1380 983 1458 Lysimacho

21 1467 119 1543 pilton,
135 1466 278 1544 Dionysio
295 1471 343 1546 qui
359 1467 514 1546 llagonem
531 1469 695 1544 transtulit,
710 1466 863 1547 Diophane
880 1469 928 1546 qui
945 1485 984 1528 ex

13 1545 116 1624 illorysio
129 1554 257 1631 epitoma
272 1553 356 1632 iecit,
374 1552 513 1631 Thalete,
531 1552 667 1630 Eudoxo,
683 1551 830 1631 Philippo,
847 1549 982 1630 Calippo‚

21 1630 342 1715 lositheo„ParmenIsoo,
357 1637 495 1716 llletone,
515 1637 647 1714 Critone,
665 1635 831 1716 Oenopide,
849 1635 983 1714 Conone,

20 1713 166 1802 luctcnoae,
191 1721 341 1802 Harpalo,
371 1721 537 1801 Hecataeo,
564 1721 796 1799 Anaximandro,
824 1720 983 1799 sosigene,

20 1799 152 1882 hipparcho,
168 1807 282 1884 Arato,
299 1805 476 1888 Zoroastre,
493 1807 645 1870 Archibio.

55 1886 124 1951 libro
138 1890 261 1952 XVIIII.
287 1895 488 1954 continentur:
515 1891 641 1973 (1-6)
656 1891 720 1952 Lini
738 1900 840 1952 natura
857 1899 886 1952 et
902 1892 985 1950 mira·

12 1971 55 2030 ucula
71 1968 113 2060 [2.
130 1995 243 2054 genera
262 1979 325 2038 eius
344 1978 520 2039 excellentia
537 1976 666 2054 XXVII,
691 1976 837 2056 quomodo
858 1984 984 2052 seratur,

20 2051 35 2114 l.
44 2065 64 2116 et
72 2060 235 2137 perficiatur.
264 2059 293 2124 6.
307 2062 421 2140 quando
434 2063 554 2142 prImum
566 2063 595 2122 in
610 2061 733 2122 theatris
746 2056 846 2148 vela).
867 2057 983 2140 (7-9)

19 2135 42 2198 le
52 2147 122 2222 sparti
136 2154 239 2207 natura
256 2142 307 2232 (8.
326 2147 471 2226 quomodo
486 2147 670 2226 perficiatur,
692 2143 724 2208 9.
744 2148 858 2225 quando
875 2147 984 2224 prImns

20 2241 57 2282 urus
70 2224 152 2316 eius).
187 2229 264 2311 (10)
289 2229 334 2292 De
352 2231 514 2310 eriophoro
533 2231 634 2298 bulbo.
664 2231 739 2312 (11)
761 2227 843 2302 Quae
861 2232 925 2290 alne
941 2247 985 2290 ra-

18 2305 54 2369 dice
65 2323 202 2376 nascantur
220 2325 252 2376 et
267 2317 375 2376 uiuant.
403 2335 477 2394 quae
492 2326 645 2378 nascantur
660 2324 691 2378 et
707 2317 767 2376 seri
783 2335 842 2376 non
859 2315 984 2395 possint.

12 2390 234 2478 t¹lljnisy5iton,
249 2402 403 2479 garaman.
432 2399 504 2482 (13)
520 2401 556 2462 de
572 2401 736 2462 tuberibus.
763 2398 836 2480 (14)
852 2401 983 2480 perteue.

18 2475 56 2540 ild.
74 2480 117 2562 lii)
139 2485 174 2546 de
195 2485 358 2565 laserpicio
383 2493 413 2546 et
435 2486 533 2548 lasere
557 2477 759 2632 qmaspetum
786 2478 984 2571 magydaris).

17 2561 59 2639 ill)
72 2566 101 2628 de
116 2571 206 2633 rubia.
242 2568 315 2651 (18)
331 2570 368 2632 de
382 2570 520 2632 radicula.
551 2575 566 2651 (
588 2568 618 2634 9.
633 2567 691 2650 20)
707 2568 865 2630 Hortorum
880 2573 984 2647 gratia.

18 2641 55 2712 ull.
80 2647 129 2731 ᾗ)
147 2653 287 2732 DIgestio
306 2663 385 2715 terra
407 2658 604 2716 enascentium
627 2663 746 2734 practer
761 2655 862 2731 fruges
881 2662 911 2714 et
928 2653 985 2712 fru-

18 2731 66 2794 tices.
89 2737 242 2819 (aa-43)
257 2739 367 2800 Natura
384 2748 414 2801 et
429 2759 541 2818 genera
556 2749 587 2800 et
604 2739 745 2802 historiae
762 2738 941 2799 nascendum
957 2737 985 2796 in

12 2811 75 2877 tlortis
87 2840 176 2882 rerum
193 2822 253 2883 XX
274 2817 349 2908 (31.
364 2823 401 2885 dc
419 2827 544 2885 omnium
563 2842 661 2886 earum
676 2823 833 2901 radicibus,
851 2821 985 2899 floribus,

18 2897 71 2994 loliis.
98 2908 197 2986 quibus
212 2908 431 2970 hortensiorum
447 2909 518 2970 lolia
533 2909 645 2970 cadant.
671 2906 723 2971 35.
740 2917 832 2986 quoto
851 2921 985 2986 quaeque

19 2979 201 3054 lienascantur.
239 2992 290 3056 36.
315 2995 455 3054 seminum
478 3004 589 3060 natura.
622 2993 767 3072 quomodo
788 3010 922 3071 quaeque
939 3010 986 3053 se·

18 3078 87 3132 autur.
121 3074 167 3138 3¹1.
197 3095 319 3157 quorum
351 3079 466 3156 singula
489 3097 615 3159 genera,
644 3095 766 3156 quorum
790 3077 872 3156 plura
896 3071 985 3162 siat).

18 3151 141 3240 llil-55)
160 3160 269 3224 Natura
291 3174 323 3226 et
342 3165 453 3241 genera
478 3174 508 3225 et
529 3164 671 3223 historiae
693 3162 728 3224 ad
747 3161 930 3222 condImeuta
956 3165 986 3222 io

12 3231 72 3300 durio
84 3253 197 3306 satarum
214 3265 311 3308 rerum
326 3245 434 3310 XXIII.
463 3247 529 3328 (48,
548 3248 666 3308 lacrima
686 3247 879 3325 enascenlls).
910 3242 984 3326 (56)

17 3315 133 3389 lorulacea
145 3349 256 3408 genera
271 3341 415 3411 quattuor.
443 3332 589 3393 cannabis.
616 3330 688 3411 (57)
704 3329 799 3392 blorhi
818 3330 985 3390 hortensio·

19 3419 61 3464 flu·
93 3410 152 3491 (58.
173 3413 231 3496 59)
256 3417 384 3478 remedia
406 3410 647 3502 (quibusmodis
669 3417 809 3476 formicae
833 3421 985 3475 necentur.

18 3501 84 3554 contra
96 3517 191 3560 urucas
215 3501 360 3578 remella,
382 3511 484 3564 eontra
499 3502 620 3564 celires.
651 3499 755 3580 quibus
776 3497 872 3560 salsae
894 3513 986 3574 aquae

67 3600 139 3644 rursu
151 3605 223 3650 unu.
240 3606 321 3652 mrsu.
338 3592 357 3649 l.
763 3581 785 3648 3
