2286 3938
311 179 517 264 PRAEFATIO
864 204 929 252 X1x

14 353 55 405 ros,
72 333 108 408 qui
125 331 152 390 in
171 332 354 392 conferendis
377 333 529 394 codicibus
548 332 679 392 editione
696 333 877 394 Broteriana
901 353 929 394 a.

14 425 44 482 'a
60 422 183 496 utebatur,
205 439 255 482 eos
278 424 399 482 tantum
420 441 574 499 numeros,
603 423 655 498 qui
681 440 714 481 re
740 422 807 499 ipsa
830 425 862 483 et
885 455 927 466 --

14 511 132 570 'indicam
148 543 186 553 -
204 511 303 589 gradu
326 513 364 572 ab
387 511 477 573 huius
501 511 641 572 editionis
663 513 796 572 numeris
816 513 929 574 diversi

13 601 57 676 tert,
78 601 225 679 adnotavit,
255 603 372 662 ceteros
401 602 503 662 omisit
529 619 627 679 neque
656 602 815 678 quicquam
841 603 929 680 pensi

13 689 53 749 tuit
67 691 181 750 essentne
202 685 321 774 notis*)
344 709 383 751 an
404 693 560 752 uocabulis
589 691 701 768 scripti.
748 691 806 751 sed'
822 693 928 768 paucis

13 785 48 838 ber
59 781 114 839 locis
130 799 147 838 a
162 780 313 841 codicibus
331 782 375 842 ita
395 781 516 858 recessi,
537 783 574 840 ut
591 783 680 841 notas
698 800 753 857 pro
771 781 927 842 vocabulis

13 865 92 928 tartum
106 870 271 946 reciperem,
296 873 367 948 quia
384 871 553 930 numeralia
572 871 769 931 distributiva
786 889 842 948 pro
865 871 928 930 oa'r-

13 937 79 1108 Hbrs
93 961 219 1034 ponenda
242 964 341 1035 erant,
364 960 395 1020 id
413 961 494 1038 qnod
515 961 640 1038 fugerat
660 961 929 1021 transcribentium

43 1049 111 1107 'orum
129 1051 361 1128 neglegentiam.
406 1050 533 1111 eandem
560 1050 710 1110 rationem
739 1049 831 1109 etiam
858 1050 927 1110 eliis

13 1133 146 1197 bonberi
163 1158 218 1215 par
242 1143 316 1217 erat,
340 1140 503 1216 inquibus
528 1140 602 1200 satis
621 1140 713 1199 habui
738 1158 871 1200 errorem
893 1141 927 1198 in

41 1228 124 1288 erano
145 1232 276 1290 notasse.

13 1293 69 1391 ibn,
86 1321 115 1376 ut
135 1319 170 1377 de
194 1320 454 1378 commentario
477 1319 606 1378 critico
625 1318 723 1378 dicam
741 1336 818 1394 quae
841 1335 927 1393 prae-

33 1404 71 1464 rda
91 1407 239 1483 videntur,
272 1408 415 1470 adnotavi
447 1409 613 1485 scripturas
646 1408 782 1467 codicum
813 1425 926 1482 eorum,

75 1515 135 1571 pars
162 1497 278 1557 alano
302 1500 334 1557 et
355 1497 500 1558 Ddbnero
524 1498 674 1575 quondam
700 1498 732 1555 in
759 1515 847 1556 usum
870 1496 927 1556 Sil-

36 1603 84 1658 pars
99 1605 115 1645 a
130 1585 307 1647 Detlefseno
326 1589 433 1664 postea
450 1605 546 1648 novae
565 1605 655 1664 qnam
677 1603 756 1645 nunc
779 1585 925 1645 habemus

33 1674 63 1732 nis
80 1693 161 1735 causa
188 1695 315 1736 excussa
342 1680 396 1738 est.
442 1678 518 1737 alias
546 1681 601 1736 aut
626 1693 720 1736 novas
749 1676 925 1736 collationes

22 1759 57 1820 leci
72 1782 118 1824 nec
137 1766 293 1826 faciendas
317 1767 431 1840 curavi,
461 1767 531 1843 quia
553 1785 663 1843 parum
689 1765 848 1841 probabile
876 1768 924 1825 est

38 1853 124 1914 codices
145 1857 282 1916 nondum
309 1855 448 1931 collatos,
478 1856 531 1916 sed
558 1875 686 1933 quorum
713 1855 846 1931 aliquam
872 1873 924 1914 no-

51 1941 208 2024 labeamus,
240 1945 319 2006 tales
347 1963 424 2023 esse,
455 1945 560 2023 quales
588 1946 659 2005 sunt
681 1945 846 2004 Moneanus
874 1945 924 2005 vel

45 2035 137 2108 rgensis
168 2037 221 2096 vel
257 2035 413 2095 Leidensis
446 2035 489 2112 A,
522 2037 676 2096 vetustate
710 2036 742 2094 et
775 2035 924 2112 singulari

12 2130 24 2182 .’
62 2123 95 2181 tia
127 2126 247 2185 ceteros
278 2126 369 2202 longe
402 2127 596 2202 superantes3
633 2143 669 2182 ex
705 2124 925 2184 recentioribus

12 2185 88 2270 trs
113 2216 276 2292 quiequam
306 2215 450 2274 nemesus
482 2213 664 2291 sperandum
693 2213 760 2272 aas.
811 2212 924 2291 suras

42 2301 88 2358 tum
107 2304 255 2379 criticum,
280 2305 332 2381 qui
353 2306 423 2381 post
446 2305 510 2363 eius
533 2307 663 2363 mortem
684 2303 717 2361 in
739 2301 924 2363 bibliotheca

12 2365 178 2454 ‘Drasdensi
207 2396 397 2470 asservatur,
425 2395 660 2454 consentaneum
687 2395 734 2452 est
761 2393 925 2470 diligenter

34 2495 78 2538 esse
93 2485 305 2559 examinatum,
322 2484 356 2542 in
369 2503 427 2560 quo
441 2483 579 2542 Dlibneri
597 2481 718 2559 quidem
736 2483 921 2559 collationes,

26 2585 88 2642 quem
105 2572 273 2633 identidem
297 2573 406 2631 scrinia
428 2575 637 2649 perscrutatus
661 2591 741 2644 sum,
769 2589 829 2629 non
855 2590 922 2645 rep-

29 2653 137 2722 Itnianes
154 2681 231 2723 vero
250 2665 397 2740 perpetuo
420 2661 459 2721 ad
477 2679 600 2722 manum
618 2659 777 2738 habebam,
799 2664 835 2719 ut
853 2677 922 2718 cum

29 2751 115 2810 annno
134 2751 297 2830 Silligiano
316 2754 455 2810 accurate
474 2751 609 2811 conferre
633 2752 664 2810 et
682 2754 784 2810 errata
806 2749 924 2827 aliquot

39 2839 125 2900 endere
137 2843 215 2900 milri
229 2841 344 2901 liceret.
380 2860 472 2918 qnare
491 2841 671 2916 ubicumque
689 2839 834 2900 dissentio
853 2857 921 2898 cum

12 2973 113 3054 fr

12 3057 204 3155 §pinnarorum
222 3081 410 3138 notandorum
433 3083 571 3138 rationem
594 3081 778 3152 peculiarem,
801 3081 922 3151 quaein

12 3145 86 3230 libris
103 3155 233 3223 cernitur,
253 3153 377 3209 breviter
395 3155 526 3225 exposuit
538 3153 715 3208 Detlefsenus
734 3153 764 3207 in
777 3152 922 3208 Leutschii

26 3219 98 3300 ptilol
115 3227 153 3280 III
172 3246 201 3297 p.
219 3232 278 3280 132.
311 3227 458 3296 praeterea
476 3225 525 3282 cir.
539 3223 701 3279 Friedleinii
720 3224 921 3280 commentatio

12 3239 58 3414 kin
75 3311 249 3353 numerorum
267 3297 417 3352 Romanis’
442 3298 473 3351 in
490 3297 633 3350 Bulletiao
655 3297 687 3350 di
709 3297 885 3366 biblioprofia
908 3313 922 3349 e

39 3364 55 3416 's
74 3369 133 3424 delle
154 3373 261 3425 eciem
282 3370 468 3424 mmonaticbe
490 3385 504 3424 e
525 3368 617 3436 fies'cbc
637 3368 799 3436 pubbliccto
823 3369 861 3421 du
883 3366 919 3422 B.

12 3441 112 3514 ”ditoni
129 3441 151 3494 I
167 3446 290 3497 48—50
312 3440 492 3509 eiusdemque
515 3440 588 3494 liber
610 3439 659 3508 qui
680 3439 843 3494 inscribitur
864 3438 921 3491 Die

12 3493 85 3566 buo
99 3514 154 3568 ard
170 3515 224 3570 due
242 3513 400 3568 elemeutcre
417 3511 545 3567 Rectam
562 3511 611 3566 der
629 3511 762 3566 Griechen
783 3512 844 3566 aad
861 3507 918 3563 ae·-

12 3573 124 3662 lssrlfflgste
143 3589 233 3655 less),
257 3601 328 3654 qnos
347 3583 433 3639 libros
451 3599 648 3650 commemoro,
666 3599 837 3654 quamquam
859 3581 920 3650 ipse

15 3661 98 3716 lupen.
898 3663 900 3666 ·

664 3743 703 3796 b*
