2544 3942
366 166 450 220 NAT.
469 165 561 221 Htsu.
581 166 619 220 xi
638 173 672 223 aa
692 169 817 238 <ar-ar)
1033 167 1099 234 245

71 318 161 376 mina
186 315 365 389 Strabonum
394 325 424 378 et
446 316 615 380 Paetorum.
661 317 697 378 ab
725 318 831 379 iisdem
859 321 911 398 qui
938 318 1030 380 altero
1054 321 1097 381 lu·

71 408 160 466 mine
197 404 262 466 orbi
297 415 493 468 nascerentur
528 406 655 469 Coclites
688 407 882 492 vocabantur,
915 410 966 488 qui
1000 412 1098 489 parvis

72 497 218 575 utrisque
249 494 380 578 ocellos,
413 494 535 558 Luscini
564 499 690 558 iniuriae
724 516 889 579 cognomen
920 497 1097 561 babuerunt.

73 592 299 664 nocturnorum
322 585 493 647 animalium
514 586 606 648 veluti
629 587 732 650 felium
755 591 786 650 in
814 587 946 651 tenebris
974 589 1089 669 fulgent
1099 595 1149 647 151

40 675 256 755 eradiantquc
280 675 372 760 oculi,
399 685 433 738 ut
457 679 594 739 contueri
616 696 677 739 non
700 680 752 762 sit,
781 681 810 739 et
833 697 938 759 caprae
967 677 1098 760 lupoque

74 767 239 848 splendent
260 767 418 848 lucemque
442 766 617 829 iaculantur.
663 768 747 830 vituli
775 770 881 829 marini
911 777 940 829 et
967 768 1097 849 hyaenae

73 861 109 918 in
134 857 215 919 mille
240 857 355 919 colores
383 865 540 925 transcunt
568 857 702 920 subinde.
749 860 821 938 quin
850 866 879 919 et
906 860 937 919 in
965 857 1098 919 tenebris

75 947 245 1009 multorum
273 950 400 1028 piscium
427 947 578 1028 refulgent
606 949 681 1010 aridi
710 950 787 1010 sicut
814 947 931 1009 robusti
959 947 1097 1009 caudices

75 1045 229 1099 vetustate
251 1045 365 1118 putres.
411 1055 471 1098 non
494 1039 631 1099 conivere
656 1038 784 1100 diximus
812 1056 887 1118 quae
915 1055 975 1100 ooo
999 1036 1070 1098 obli·
1082 1052 1151 1104 &1⁰⁷

27 1143 59 1182 ιο
78 1129 150 1206 quis
170 1127 273 1210 oculis,
292 1127 344 1188 sed
364 1129 544 1190 circumacto
563 1130 659 1209 capite
679 1135 846 1190 cernerent.
874 1126 1090 1188 chamaeleonis
1101 1134 1152 1186 152

77 1217 185 1278 oculos
208 1219 289 1297 ipsos
313 1219 476 1298 circumagi
499 1225 577 1280 totos
605 1219 735 1280 tradunt.
781 1220 882 1279 cancri
909 1219 945 1278 in
968 1216 1100 1278 oblicum

78 1307 250 1387 adspiciunt
269 1314 369 1369 crusta
389 1307 485 1388 fragili
504 1307 635 1370 inclusos
654 1316 800 1388 gerentes.
833 1307 965 1389 locustis,
985 1306 1099 1386 squillis

78 1413 187 1476 magna
212 1405 354 1477 exparte
379 1396 435 1458 sub
459 1397 564 1458 eodem
587 1400 772 1459 munimento
795 1396 936 1478 praeduri
960 1398 1099 1458 eminent.

80 1505 210 1566 quorum
239 1486 306 1546 duri
335 1495 405 1548 sunt
434 1488 533 1548 minus
563 1496 691 1550 cernunt
721 1506 809 1568 quam
840 1505 967 1567 quorum
998 1485 1099 1547 umidi.

32 1591 63 1631 ra
82 1578 269 1656 serpentium
299 1575 405 1637 catulis
435 1585 465 1638 et
494 1577 689 1640 hirundinum
718 1577 823 1660 pulliS,
854 1578 879 1637 si
910 1578 976 1655 quis
1005 1584 1100 1658 eruat,

80 1667 200 1726 renasci
231 1665 362 1727 tradunt.
411 1669 595 1728 insectorum
623 1669 756 1728 omnium
784 1675 814 1727 et
841 1669 963 1727 testacei
993 1668 1153 1747 operi-153

81 1757 177 1816 menti
205 1754 284 1816 oculi
311 1764 469 1817 moventur
498 1757 577 1817 sicut
604 1756 820 1837 quadripedum
848 1774 943 1816 aures
990 1754 1099 1835 quibus

82 1843 198 1924 fragilia
221 1846 418 1926 operimenta,
445 1846 482 1906 iis
506 1845 585 1906 oculi
609 1846 684 1908 duri.
731 1847 829 1916 omnia
857 1843 925 1905 talia
949 1852 979 1905 et
1001 1847 1099 1924 pisces

83 1943 113 1994 et
137 1936 250 1994 insecta
273 1952 332 1994 non
356 1932 466 1995 habent
493 1953 583 2014 genas
611 1953 666 1996 nec
690 1937 827 2016 integunt
850 1933 961 1994 oculos,
1007 1936 1099 1994 omni·

35 2039 66 2079 ao
82 2023 139 2084 hus
162 2023 334 2084 membrana
357 2025 426 2085 vitri
449 2024 536 2086 modo
560 2025 704 2086 tralucida
728 2023 908 2085 obtenditur.

151 2105 226 2196 (56)
253 2112 415 2193 Palpebrae
434 2115 465 2174 in
484 2116 568 2193 genis
591 2114 704 2174 homini
726 2115 892 2194 utrimque,
915 2111 1090 2173 mulieribus
1102 2118 1154 2168 154

83 2221 154 2263 vero
178 2204 267 2263 etiam
289 2203 416 2264 infectae
441 2203 602 2286 cotidian03
629 2212 710 2265 tanta
734 2211 780 2264 est
803 2201 919 2264 decoris
943 2202 1099 2263 adfectatio

84 2300 118 2353 nt
148 2294 322 2372 tinguantur
350 2290 429 2352 oculi
459 2310 586 2372 quoque.
637 2293 692 2354 alia
722 2292 759 2353 de
790 2311 878 2354 causa
907 2292 964 2352 hoc
994 2299 1100 2352 natura

86 2381 208 2442 dederat
232 2398 287 2441 ceu
314 2381 423 2441 vallum
454 2381 601 2461 quoddam
630 2385 712 2444 visus
742 2391 772 2443 et
801 2383 973 2462 prominens
1004 2383 1099 2442 muni-

42 2484 72 2527 25
87 2478 219 2531 mentum
239 2477 342 2531 contra
365 2471 552 2530 occursantia
580 2471 716 2531 animalia
743 2479 794 2531 aut
822 2469 876 2530 alia
904 2471 1028 2531 fortuito
1056 2471 1099 2530 in·

88 2558 223 2620 cidentia.
261 2557 392 2620 defluere
417 2577 466 2619 eas
484 2559 563 2620 haud
586 2561 725 2620 inmerito
748 2575 857 2620 venere
881 2556 1100 2620 abundantibus

87 2648 215 2710 tradunt.
243 2667 279 2708 ex
294 2650 402 2709 ceteris
417 2647 490 2709 nulli
504 2656 575 2711 sunt
593 2651 651 2710 nisi
666 2647 775 2728 quibus
794 2656 824 2709 et
842 2650 873 2708 in
891 2646 1007 2726 reliquo
1027 2665 1091 2708 cor·
1102 2654 1153 2704 155

87 2737 238 2822 pompili,
261 2736 313 2798 sed
333 2737 565 2818 quadripedibus
583 2741 615 2800 in
634 2739 788 2818 superiore
807 2745 922 2798 tantum
945 2755 1029 2818 gena,
1051 2755 1100 2796 vo-

90 2827 221 2890 lucribus
244 2829 275 2888 in
294 2827 450 2910 inferiore,
473 2835 503 2888 et
522 2827 631 2908 quibus
654 2827 741 2889 molle
760 2835 876 2909 tergus,
899 2834 933 2886 ut
956 2829 1100 2906 serpenti·

49 2935 78 2975 ao
92 2917 155 2998 bus,
174 2925 204 2978 et
218 2917 435 2998 quadripedum
450 2935 527 2997 quae
540 2936 592 2978 ova
606 2920 737 2999 pariunt,
754 2925 788 2979 ut
806 2916 943 2978 lacertae.
970 2914 1100 2976 strutho-

90 3007 216 3068 camelus
240 3006 342 3068 alitum
366 3005 427 3068 sola
450 3014 483 3068 ut
506 3006 594 3068 homo
618 3009 770 3087 utrimque
793 3004 949 3087 palpebras
972 3003 1068 3065 habet.

154 3089 228 3178 (57)
246 3095 290 3157 Ne
304 3115 396 3176 genae
412 3096 532 3176 quidem
546 3096 694 3179 omnibus,
712 3096 779 3157 ideo
799 3114 896 3176 neque
915 3097 1092 3156 nictationes
1103 3101 1154 3152 155

89 3243 299 3256 ..u-n*

159 3323 289 3392 epulares
307 3322 414 3378 515151.
432 3339 537 3398 -qesue
556 3320 794 3381 dedocendo
820 3323 824 3389 Ι
849 3337 947 3375 nono.
976 3337 1025 3376 om.
1045 3321 1072 3375 o.
1095 3320 1099 3392 l

91 3411 127 3448 55
147 3393 267 3447 diximus
285 3341 502 3464 ottradunbw.
521 3395 564 3464 11)
587 3395 674 3449 sedem
696 3390 892 3448 mutaverant?
920 3392 1100 3460 5151711181

89 3470 126 3548 (p
136 3469 172 3520 75
172 3468 246 3534 ,.13)
274 3465 306 3521 de
324 3466 517 3521 chamaeleonis
535 3466 659 3522 5551155.
675 3467 890 3520 V111121eacr.
964 3469 996 3518 12
1016 3463 1100 3532 squil-

89 3537 241 3606 lisquedo.
323 3538 746 3606 155555555155555.
774 3537 932 3590 seruatlta
959 3535 1100 3590 serballt

91 3603 242 3664 sorbeald
315 3615 348 3664 16
367 3611 485 3665 testacei
503 3609 657 3678 5511015·ᾑῖ
684 3608 844 3663 -taeittlta¹
868 3606 989 3662 testeid.
1067 3613 1096 3661 qe

91 3681 303 3737 locuturus
377 3687 512 3737 tanen
540 3699 655 3738 neore
