2544 3942
361 153 444 207 NAT.
463 153 556 207 lusu.
576 153 615 208 xi
634 161 668 208 aa
688 156 814 226 (ar-se)
1030 157 1094 220 247

70 303 206 384 homini,
230 321 320 384 equ03
350 305 473 384 exserti,
497 311 530 363 ut
553 321 638 384 apro,
666 303 902 385 hippopotamio,
930 305 1095 385 elephanto.

72 395 292 454 continuorum
316 394 366 471 qui
394 393 534 471 digerunt
563 392 663 454 cibum
685 391 737 453 lati
765 401 794 454 et
822 396 915 476 acuti,
948 397 999 474 qui
1027 414 1095 456 con-

73 483 186 544 ficiunt
210 481 355 563 duplices,
383 483 435 562 qui
463 482 669 544 discriminant
696 501 748 542 eos
776 485 883 560 canini
902 483 1095 564 appellantur.

73 571 108 631 hi
139 579 210 632 sunt
238 573 359 632 serratis
382 570 555 651 longissimi.
601 573 736 632 continui
766 580 817 633 aut
846 579 973 653 utraque
1002 583 1148 654 parte1at

46 663 141 722 soris
165 670 247 741 sunt,
271 669 305 721 ut
327 679 418 741 equo,
442 669 492 722 aut
516 664 670 742 superiore
694 680 842 740 primores
865 681 925 722 non
950 671 1033 745 sunt,
1063 672 1097 724 ut

75 749 192 832 bubus,
220 749 325 810 ovibus
348 749 546 830 omnibusque
571 770 645 830 quae
668 753 828 812 ruminant.
875 771 980 832 caprae
1009 772 1095 833 supc-

75 842 177 901 riores
200 858 260 900 non
284 847 354 900 sunt
376 847 496 919 praeter
518 842 665 920 primores
695 843 837 920 geminos.
883 841 957 902 nulli
985 845 1096 903 exserti

77 929 191 1010 quibus
215 931 337 1009 serrati,
361 948 428 989 raro
452 931 591 1012 feminae,
619 937 772 990 ettamen
796 933 858 990 sine
883 950 949 991 usu.
995 933 1094 1012 itaque

77 1037 150 1080 cum
174 1021 237 1098 apri
265 1021 446 1099 percutiant,
479 1019 604 1079 feminae
636 1037 705 1080 sues
735 1019 881 1080 mordent.
932 1021 1006 1081 nulli
1038 1024 1149 1082 cui1a‘t

33 1124 62 1162 10
78 1127 194 1169 cornua
213 1111 332 1188 exserti,
357 1107 409 1170 sed
428 1108 565 1170 omnibus
584 1110 713 1188 concavi,
738 1110 846 1169 ceteris
871 1109 975 1170 dentes
1000 1110 1094 1172 solidi.

75 1199 206 1277 piscium
229 1196 368 1258 omnibus
392 1199 497 1258 serrati
524 1207 643 1278 praeter
671 1216 802 1279 scarum,
829 1197 899 1258 huic
928 1201 980 1258 uni
1008 1219 1095 1280 aqua-

75 1286 176 1370 tilium
198 1286 290 1366 plani.
336 1295 436 1347 cetero
460 1287 562 1348 multis
586 1307 689 1348 eorum
712 1289 743 1347 in
767 1287 867 1367 lingua
891 1295 921 1348 et
944 1295 1006 1348 toto
1034 1308 1096 1369 ore,

76 1385 113 1437 ut
144 1375 233 1436 turba
264 1376 419 1450 vulnerum
452 1375 583 1438 molliant
616 1396 690 1457 quac
728 1379 830 1438 attritu
864 1375 1002 1456 subigere
1035 1397 1095 1438 non

32 1532 35 1537 ,
78 1473 204 1546 queunt.
241 1465 342 1526 multis
365 1474 395 1528 et
418 1468 453 1548 in¹
467 1465 574 1548 palato,
597 1475 686 1546 atquc
711 1468 799 1526 ctiam
823 1469 853 1526 in
877 1467 978 1527 cauda.
1011 1486 1095 1546 prae·

36 1571 63 1611 15
77 1563 162 1616 terea
184 1557 216 1616 in
239 1575 273 1615 os
296 1561 461 1636 vergentes
485 1575 522 1616 ne
547 1556 683 1618 excidant
706 1554 765 1617 cibi
785 1555 899 1616 nullum
918 1555 1096 1617 habentibus

78 1645 229 1706 retinendi
252 1643 472 1704 adminiculum.

147 1728 221 1817 (62)
243 1733 361 1794 Similes
384 1734 478 1813 aspidi
501 1742 531 1794 et
551 1735 749 1817 serpentibus,
774 1734 826 1794 sed
846 1734 955 1795 dunin
976 1753 1084 1814 supera
1096 1743 1147 1790 163

79 1831 178 1906 parte,
207 1824 310 1884 dextra
332 1822 473 1902 laevaque
501 1822 677 1905 longissimi,
706 1826 789 1885 tenui
817 1823 915 1884 fistula
943 1824 1096 1904 perforati,

80 1921 115 1982 ut
143 1915 334 1994 scorpionum
365 1911 472 1994 aculei,
503 1931 651 1974 venenum
680 1913 881 1974 infundentes.
927 1931 986 1973 non
1017 1913 1096 1974 aliud

40 1999 137 2064 roboc
162 2022 227 2064 esse
252 2021 341 2083 quam
364 2001 404 2062 lel
428 2005 626 2084 serpentium,
656 2011 685 2062 et
713 2003 781 2063 inde
809 2020 898 2062 venas
927 2001 983 2062 sub
1012 2005 1097 2082 spina

80 2094 116 2154 ad
143 2113 177 2154 os
204 2095 361 2174 pervenire
389 2092 608 2172 diligentissimi
635 2100 772 2152 auctores
801 2091 948 2172 scribunt,
976 2091 1096 2172 quidam

80 2203 173 2244 unum
201 2202 266 2244 esse
297 2201 366 2244 eum
396 2169 440 2262 et,
470 2183 539 2261 quia
569 2184 608 2242 sit
636 2182 783 2261 aduncus,
814 2183 995 2260 resupinari,
1027 2199 1096 2242 cum

81 2271 282 2352 momorderit,
301 2270 391 2350 aliqui
410 2279 474 2337 tum
493 2270 631 2332 decidere
651 2290 720 2332 cum
739 2288 904 2348 rursusque
924 2288 1095 2331 recrescere

82 2361 196 2421 facilem
218 2360 361 2440 decussu,
389 2368 418 2420 et
442 2362 505 2420 sinc
529 2379 565 2420 eo
589 2379 655 2420 esse
683 2379 756 2440 quas
784 2361 906 2420 tractari
929 2379 1095 2420 cernamus.

43 2464 69 2503 25
83 2451 246 2529 scorpionis
264 2449 374 2508 caudae
394 2451 492 2509 inesse
516 2468 585 2510 eum
608 2458 638 2510 et
655 2449 806 2528 plerisque
829 2457 940 2510 ternos.
977 2451 1087 2528 viperis
1098 2457 1150 2506 164

84 2539 186 2600 dentes
209 2541 324 2618 gingiva
348 2538 527 2598 conduntur.
569 2538 641 2598 haec
665 2538 770 2598 eodem
792 2555 957 2618 praegnans
981 2556 1095 2598 veneno

83 2631 217 2709 inpresso
241 2627 375 2688 dentium
399 2626 521 2706 repulsu
550 2630 631 2688 virus
660 2627 758 2687 lundit
785 2628 815 2685 in
843 2643 969 2686 morsus.
1015 2625 1095 2686 volu-

85 2737 166 2778 crum
196 2715 270 2778 nulli
300 2715 404 2776 dentes
434 2725 553 2796 praeter
583 2715 833 2796 vespertilionem.
880 2713 1010 2774 camelus
1038 2733 1097 2775 una

87 2868 296 2876 —-—-—--—--

154 2939 1096 3010 lmfflmffimfflmfflfflmmmffl.mmlmo

86 3019 175 3069 neda.
203 3033 253 3086 pro
271 3015 316 3070 12¹.
344 3015 395 3070 rtet.
414 3014 458 3066 Bi.
485 3015 488 3082 Ι
513 3013 715 3082 hippopotamo
733 3015 807 3065 Bdo.
835 3011 885 3079 cfr.
901 3013 975 3064 VIII
980 3017 1024 3067 95.
1077 3045 1079 3050 .

87 3087 174 3140 boris
192 3104 216 3140 ο.
245 3087 286 3141 ori
304 3088 332 3140 u.
415 3085 633 3152 Gomnibusque
652 3093 701 3138 om.
720 3083 764 3138 1t1.
870 3083 1031 3154 'lgeminos
1050 3088 1095 3138 dc.
1164 3081 1166 3086 '

87 3157 210 3230 genuinis
228 3175 252 3212 r.
325 3164 359 3212 to
378 3157 480 3211 exserti
497 3173 521 3212 ο.
551 3155 652 3209 exertis
670 3156 697 3211 ll.
772 3160 804 3207 12
823 3154 902 3224 plani
919 3171 943 3210 ο.
972 3155 1049 3225 pleni
1068 3155 1096 3209 tt.

156 3235 189 3284 14
212 3231 296 3298 atquo
315 3229 400 3284 eiiam
417 3229 447 3282 in
471 3226 560 3297 cauda
581 3228 709 3281 videntur
731 3227 937 3295 interpolatoris
960 3243 1026 3293 cese,
1049 3227 1098 3295 qui

87 3301 170 3356 Arist.
189 3302 222 3356 dc
235 3306 311 3370 part.
331 3299 644 3368 an.1111p.662A‚7
662 3300 759 3352 πολλοὶ
779 3299 804 3352 δ’
817 3300 908 3365 ἔχοοει
926 3301 970 3352 καὶ
989 3299 1019 3352 ἐν
1037 3305 1097 3352 ταῖς

87 3374 219 3439 γλώτταιε
233 3369 351 3428 ὀδόντος
364 3375 409 3426 καὶ
423 3372 453 3426 ἐν
467 3377 526 3426 τοῖς
545 3371 674 3438 οὐρανοῖς
691 3370 797 3424 invenit
814 3370 942 3424 vittatam
960 3369 1097 3424 tectionem

88 3446 116 3499 ἐν
129 3450 188 3500 ταῖς
202 3445 305 3512 οὐραῖς.
328 3445 385 3498 cici
398 3444 468 3511 sorte
484 3442 599 3498 Plistica
612 3442 670 3511 ipse
687 3442 719 3495 ἑο
736 3457 786 3498 eoo
804 3442 954 3510 camaplart'
971 3446 1096 3496 utram-

88 3517 312 3587 coelestionem,
335 3520 360 3569 et
377 3531 468 3570 veram
487 3519 512 3570 et
534 3515 648 3582 falsam,
671 3513 784 3568 incenit.
868 3519 899 3566 19
920 3513 1097 3583 scorpionum

89 3593 131 3643 do.
158 3587 248 3660 -pioni
266 3606 289 3644 a.
317 3586 396 3658 -poni
409 3592 467 3641 nrt.
553 3592 587 3640 ‘m
606 3585 724 3656 gingiua
736 3585 781 3639 Bi.
809 3601 871 3638 -uas
884 3585 951 3638 lvd.
980 3585 1052 3640 -inas
1072 3603 1095 3641 a.

90 3660 213 3731 gigmuas
231 3666 261 3714 n.
