2572 3936
340 178 424 234 unu.
443 178 536 234 Hiar.
556 179 582 233 x
600 185 705 236 senec
725 182 853 252 (rc-rc)
1041 183 1104 249 195

89 347 155 390 esse
182 347 297 410 proque
330 329 374 391 eis
405 329 460 391 alia
490 327 705 391 substituenda.
752 339 782 392 ct
808 334 840 393 in
869 351 944 413 aqua
977 343 1023 396 est
1054 355 1102 396 ex-

23 473 30 483 .
87 421 296 500 perimentum.
342 421 429 481 inane
449 417 553 502 fluitat,
576 421 675 498 itaque
699 421 834 504 sidentia,
857 421 914 483 hoc
938 431 985 484 est
1006 423 1103 506 plena,
1168 499 1171 504 Ι

88 508 184 570 subici
207 509 317 572 volunt.
363 511 483 570 concuti
505 526 576 570 vero
600 511 803 589 experimento
827 519 940 595 vetant,
963 515 1103 592 quoniam

87 616 148 660 non
176 603 296 680 gignant
329 600 461 660 confusis
480 597 630 661 vitalibus
657 601 748 662 venis.
795 600 980 663 incubationi
1007 603 1094 665 datur
1106 611 1155 663 152

58 689 205 750 sinicium
313 695 381 769 post
403 707 508 750 novam
531 688 644 770 lunam,
673 692 742 769 quia
769 693 854 772 prius
881 691 1019 754 inchoata
1042 711 1103 754 non

85 781 271 857 proveniant.
326 778 454 841 celerius
492 778 691 841 excluduntur
724 779 826 842 calidis
865 780 979 843 diebus.
1035 782 1101 844 idco

86 875 197 930 aestate
221 868 463 930 undevicensimo
487 869 615 929 educent
643 868 749 952 letum,
777 869 875 931 hieme
898 885 980 932 xxv.
1005 873 1031 932 si
1058 873 1101 933 in-

87 957 191 1019 cubitu
215 959 325 1041 tonuit,
353 975 407 1018 ova
433 966 575 1039 percunt,
603 967 632 1018 et
656 961 805 1039 accipitris
834 961 933 1022 audita
961 979 1033 1022 voce
1061 963 1101 1022 vi·
1151 969 1153 973 “

86 1049 207 1108 llantur.
262 1047 429 1109 remedium
461 1055 564 1108 contra
597 1049 726 1108 tonitrus
759 1049 859 1110 clavus
896 1050 1013 1112 lerneus
1046 1049 1101 1112 sub

43 1149 71 1188 10
85 1138 228 1198 stramine
256 1154 380 1198 ovorum
406 1138 522 1216 positus
550 1145 601 1198 aut
628 1145 708 1197 terra
737 1155 772 1198 ex
795 1146 902 1199 aratro.
949 1140 1093 1219 quaedam
1104 1145 1154 1196 153

85 1234 185 1287 autent
217 1234 248 1286 et
280 1229 355 1288 citra
386 1225 553 1288 incubitum
586 1234 691 1306 sponte
724 1235 830 1288 natura
863 1229 972 1310 gignit,
995 1237 1047 1308 ut⁴
1071 1231 1102 1288 in

85 1315 209 1395 Aegypti
231 1315 347 1377 timetis.
393 1318 502 1377 scitum
526 1317 562 1377 de
586 1316 713 1395 quodam
741 1324 846 1396 potore
874 1320 1026 1398 reperitur
1050 1317 1101 1398 Sy·

85 1407 200 1466 racusis
218 1405 330 1466 tamdiu
349 1413 453 1486 potare
473 1405 602 1488 solitum,
626 1405 720 1467 donec
740 1415 881 1488 cooperta
904 1415 985 1468 terra
1008 1407 1102 1468 letum

85 1494 211 1554 ederent
233 1513 295 1556 ova.

43 1595 69 1634 15
153 1577 211 1645 55.
245 1578 327 1668 (76)
365 1585 444 1655 Quin
477 1593 507 1646 et
539 1583 575 1644 ab
608 1584 726 1645 hunnine
758 1585 966 1665 perficiuntur.
1019 1583 1154 1646 lulia154

84 1673 217 1752 Augusta
240 1675 335 1752 prima
363 1691 416 1734 sua
440 1675 560 1734 iuventa
588 1672 652 1736 Tib.
676 1673 802 1734 Caesare
831 1694 867 1735 ex
891 1675 1008 1735 Nerone
1037 1693 1101 1754 gra-

42 1823 46 1830 ,
84 1761 163 1843 vida,
191 1780 388 1842 comparere
416 1762 532 1824 virilem
560 1781 665 1824 sexum
693 1762 853 1824 admodum
881 1771 1017 1844 cuperet,
1045 1763 1101 1824 hoc

84 1869 137 1911 usa
156 1859 203 1912 est
221 1851 347 1931 puellari
366 1854 500 1934 augurio,
519 1870 608 1912 ovum
627 1853 657 1913 in
677 1853 745 1912 sinu
765 1853 891 1913 fovendo
911 1860 1009 1934 atque,
1033 1870 1102 1914 cum

83 1940 293 2021 deponendum
307 1940 438 2023 baberet,
462 1943 572 2002 nutrici
586 1959 641 2020 per
660 1943 758 2002 sinum
778 1941 931 2023 tradendo,
954 1961 991 2002 ne
1010 1943 1100 2003 inter-

40 2044 67 2082 20
82 2031 253 2090 mitteretur
285 2038 379 2110 tepor.
435 2049 491 2092 nec
523 2030 596 2092 lalso
630 2038 772 2110 augurata
804 2030 949 2111 proditur.
1006 2049 1101 2111 nuper

82 2119 150 2180 inde
182 2120 316 2181 fortassis
348 2122 502 2182 inventum
535 2128 569 2182 ut
601 2139 655 2180 ova
687 2119 780 2182 calido
813 2123 844 2180 in
876 2120 941 2181 loco
974 2121 1101 2201 inposita

82 2207 262 2288 paleisiigne
281 2210 397 2271 modico
421 2210 595 2271 foverentur
617 2209 737 2271 bomine
760 2219 906 2291 versante,
929 2212 1100 2290 pariterque

82 2306 115 2358 et
136 2305 212 2358 stato
232 2297 279 2358 die
303 2297 385 2359 illinc
408 2294 580 2379 erumperet
603 2299 690 2360 letus
722 2299 851 2360 traditur
875 2299 1019 2378 quaedam
1042 2317 1090 2360 ars
1102 2304 1152 2355 155

82 2385 226 2465 gallinarii
250 2387 404 2448 cuiusdam
428 2387 554 2448 dicentis
578 2388 657 2467 quod
681 2406 717 2448 ex
748 2407 864 2468 quaque
896 2396 984 2450 esset.
1035 2406 1100 2450 nar·

37 2489 66 2530 ro
82 2483 188 2537 rantur
211 2484 241 2537 et
260 2484 377 2536 mortua
400 2475 507 2555 gallina
530 2478 629 2538 mariti
652 2495 755 2538 earum
773 2479 829 2537 visi
853 2477 1048 2539 succedentes
1071 2481 1101 2538 in

81 2567 191 2647 vicem,
219 2573 250 2627 et
276 2565 390 2646 reliqua
413 2565 491 2626 fetae
515 2583 598 2626 more
627 2565 770 2626 facientes
798 2565 1041 2646 abstinentesque
1069 2585 1100 2627 se

81 2663 180 2716 cantu.
227 2673 318 2735 super
342 2656 440 2716 omnia
464 2663 511 2715 est
538 2662 659 2716 anatum
687 2656 750 2714 ovis
779 2653 906 2716 subditis
935 2663 1023 2734 atquc
1052 2673 1100 2716 ex-

81 2744 173 2806 clusis
197 2744 352 2806 admiratio
375 2746 471 2825 prima
495 2763 555 2804 non
578 2743 664 2824 plane
688 2746 878 2824 agnoscentis
902 2744 1009 2826 letum,
1033 2761 1100 2803 mox

80 2835 190 2895 incerti
219 2833 367 2914 singultus
395 2833 521 2895 sollicite
551 2835 757 2915 convocantis,
794 2841 946 2912 postremo
974 2833 1101 2894 lamenta

34 2937 66 2977 ³0
81 2925 161 2984 circa
184 2926 315 3004 piscinae
341 2931 443 3004 stagna
467 2923 672 3004 mergentibus
696 2941 728 2984 se
752 2921 842 3004 pullis
866 2930 971 2984 natura
995 2922 1079 2984 duce.

153 3118 169 3166 ὁ
184 3114 313 3170 lammam
327 3131 374 3186 eqo
387 3115 512 3170 iudicant
526 3113 585 3168 coll.
601 3111 704 3167 Colunt.
725 3114 799 3165 VIII
809 3116 862 3179 5,9
877 3113 945 3167 luna
960 3113 1101 3167 crescente

80 3201 98 3240 a
117 3183 332 3256 decimamque
351 3186 387 3241 ad
406 3185 534 3256 quintam
553 3183 698 3238 decimam.
773 3191 787 3238 7
808 3183 932 3239 educunt
949 3187 994 3238 dc.
1069 3188 1101 3236 10

80 3255 215 3311 stramine
234 3260 281 3312 do.
310 3274 358 3312 -na
375 3274 398 3313 r.
421 3259 425 3326 Ι
446 3258 538 3312 erebro
557 3254 668 3310 ΜΨ,
697 3257 788 3311 crebro
807 3255 845 3310 αἱ.
873 3257 1002 3311 1191011-
1068 3259 1100 3308 11

79 3327 174 3398 gignit
186 3331 217 3382 B.
237 3331 320 3384 -aunt
331 3345 355 3384 r.
420 3335 453 3384 13
468 3329 567 3400 potore
582 3324 721 3382 ruebat.
745 3325 805 3381 vini
818 3343 867 3397 po·
882 3326 941 3382 edd.
957 3329 1021 3381 aute
1033 3324 1100 3380 Dal.

79 3415 130 3454 om.
145 3398 239 3454 Hurd.
262 3399 313 3468 cfr.
323 3399 410 3456 Arist.
427 3403 470 3454 VI
476 3403 496 3456 2
505 3415 537 3469 p.
549 3397 677 3466 559B,2
696 3399 852 3467 φιλοπότης
865 3415 914 3453 τις.
985 3401 1023 3452 14
1037 3395 1101 3450 ede·

78 3473 143 3526 rent
160 3487 185 3527 a.
218 3487 260 3526 -ro
279 3471 307 3526 ll.
381 3477 415 3526 16
433 3472 510 3528 ibus
525 3476 554 3525 r.
582 3469 656 3525 tibus
670 3485 694 3525 r.
722 3469 824 3525 tiberio
839 3469 933 3538 d(.9)c.
1008 3472 1040 3524 18
1059 3467 1101 3524 fo·

79 3541 203 3598 nendum
221 3547 304 3598 ΜΒ.
395 3549 429 3598 23
447 3541 527 3598 illinc
546 3541 645 3598 We.
678 3541 728 3596 -lic
746 3540 792 3596 Ρ.
824 3541 935 3596 milium
953 3558 976 3597 r.
1067 3545 1101 3594 24

79 3616 154 3672 esset
171 3631 195 3670 o.
230 3615 305 3670 -scnt
322 3613 401 3670 ΒΨ.
435 3631 518 3671 -ser,
614 3620 648 3670 29
670 3612 771 3670 incerti
795 3613 934 3684 singultus
954 3611 1032 3670 Prot.
1066 3613 1090 3668 ·t

80 3687 275 3744 -oultuusur,
302 3687 337 3743 -ti
356 3687 460 3743 -cultus
479 3683 516 3743 ι’.
544 3687 592 3744 dis
610 3685 732 3743 incultus
752 3689 777 3742 d.
807 3685 856 3742 -bia
874 3685 1015 3741 incubilus
1033 3683 1099 3739 122¹.

884 3775 938 3831 13*
