2308 3936
180 214 257 264 nno.
281 218 373 266 mnan.
396 218 432 265 11.
455 213 576 270 16-11.
599 210 742 284 (ee-48.)
926 209 965 272 91

10 366 93 446 reliquis
99 369 214 448 partibus
221 370 296 431 caeli
309 371 426 446 ignotus
434 383 490 450 est,
504 377 556 436 sed
567 396 604 437 ne
612 375 753 438 Viennam
760 378 873 456 quidem
889 381 965 440 eius·

11 453 49 512 len
60 455 204 530 provinciae
215 455 320 516 urbem
334 459 491 536 attingens,
507 461 607 538 paucis
620 469 687 521 ante
701 462 817 522 milibus
829 465 889 541 iugi
905 483 965 524 mo·

11 536 42 596 liei
54 555 154 596 occursu
167 546 262 599 tautum
280 541 333 602 ille
348 549 452 602 ventus
468 545 622 605 coercitus.
648 554 679 605 et
696 554 812 607 austros
823 548 853 607 in
865 547 965 626 Aegy·

10 629 56 696 ptum
67 629 205 699 penetrare
219 633 312 703 negat
325 625 481 706 Fabianus,
498 646 556 706 quo
569 629 600 687 iit
610 629 763 692 manifesta
778 631 828 692 lex
843 640 964 714 naturae

10 707 68 763 ventis
80 707 154 766 etiam
169 715 199 767 et
213 716 350 790 tempore
366 719 395 771 et
410 711 468 772 fine
483 711 572 776 dicto.

43 787 103 870 (lt.)
116 791 172 852 Ver
187 811 263 871 ergo
277 796 373 874 aperit
387 798 590 874 navigantibus
606 799 706 876 maria,
723 800 804 860 cuius
820 802 850 862 in
868 803 945 881 priu-
956 810 1007 862 122

10 875 52 950 ipio
71 875 164 936 favonii
189 877 345 940 hibernum
367 878 501 942 molliunt
527 881 639 943 eaelum
659 883 725 944 sole
749 888 848 962 aquari
871 885 963 949 XXV.

10 959 110 1036 optinente
120 969 239 1040 partem.
262 965 288 1024 is
301 963 365 1024 dies
383 974 485 1028 sentus
499 965 675 1028 Februarias
687 976 754 1028 ante
770 969 864 1032 iduus.
888 969 964 1032 Con·

10 1045 50 1120 petit
64 1045 141 1105 lerme
157 1053 187 1106 et
202 1045 262 1108 hoc
278 1049 411 1110 omnibus
429 1068 503 1129 quos
519 1049 625 1112 deinde
640 1069 746 1130 ponam
763 1056 963 1134 persingulas

10 1125 187 1191 horcalationes
211 1149 272 1192 uno
296 1132 344 1194 die
365 1133 588 1214 anticipantibus
612 1153 773 1216 rursusque
799 1137 892 1199 lustro
917 1159 964 1200 se·

10 1213 66 1286 quenti
83 1213 204 1275 ordinem
226 1218 423 1278 servantibus.
463 1219 626 1280 Favonium
649 1220 763 1299 quidam
782 1239 809 1284 a.
831 1223 858 1284 d.
882 1222 961 1283 Vlll.

10 1293 196 1360 alendasllartii
219 1301 407 1362 chelidonian
427 1313 534 1364 vocant
553 1303 589 1364 ab
609 1303 770 1365 hirundinis
785 1307 868 1385 visu,
892 1325 963 1366 non·

10 1378 109 1442 ullvcro
124 1383 281 1464 ornithian,
296 1387 333 1447 ab
345 1387 470 1448 adventu
487 1390 591 1465 avium,
610 1405 668 1449 uno
685 1397 715 1449 et
725 1388 813 1452 LXX.
829 1391 878 1452 die
893 1399 963 1471 post

10 1467 206 1528 maculantem
222 1489 280 1548 per
291 1471 355 1532 dies
371 1489 487 1535 novem.
513 1473 632 1533 favonio
645 1477 806 1535 contrarius
820 1484 866 1535 est
876 1493 1005 1555 quemne

10 1545 136 1611 absolonum
146 1554 370 1634 appellavimus.
398 1556 455 1618 Dat
466 1565 609 1618 aestatem
624 1566 745 1618 exortus
758 1559 945 1637 vergiliarum
955 1566 1006 1618 123

10 1635 121 1695 rtctidem
139 1638 275 1716 partibus
295 1641 368 1700 tauri
390 1659 446 1700 sex
460 1641 563 1700 diebus
579 1649 646 1700 ante
663 1640 751 1702 blaias
767 1644 867 1722 iduus,
884 1643 962 1722 quod

10 1725 75 1796 tnpus
85 1725 238 1784 austrinum
254 1731 313 1801 est,
331 1723 399 1785 huic
413 1733 503 1786 vento
519 1725 723 1805 septentrione
737 1729 893 1787 contrario.
918 1745 962 1786 ar·

10 1797 121 1866 lentissimo
140 1817 240 1868 autern
261 1810 383 1869 aestatis
403 1817 538 1888 tempore
561 1809 693 1869 excritur
708 1809 855 1889 caniculae
882 1810 961 1870 sidus

10 1886 40 1944 ule
55 1891 154 1966 primam
174 1901 293 1972 partem
313 1893 409 1954 leonis
433 1893 636 1972 ingrediente,
659 1894 708 1971 qui
726 1893 789 1954 dies
809 1893 872 1956 XV.
893 1903 961 1954 ante

10 1968 100 2047 trenas
113 1975 250 2040 edendas
263 1986 319 2038 cst.
341 1977 423 2039 huius
436 1986 570 2040 exortum
581 1976 684 2038 diebus
697 1986 765 2039 octo
778 1979 871 2039 lerme
883 1980 962 2057 aqui·

10 2055 53 2114 lones
65 2061 240 2140 antecedunt,
264 2079 338 2139 quos
353 2062 528 2142 prodromos
545 2061 703 2141 appellant.
735 2062 807 2124 Post
826 2062 942 2124 biduum
953 2069 1004 2122 124

10 2147 59 2200 111111
74 2154 205 2208 eacrtuua
224 2146 314 2207 iidem
334 2147 487 2226 aquilones
511 2147 692 2208 constantius
712 2145 836 2226 perllant
856 2147 960 2208 diebus

10 2219 58 2303 lll,
74 2247 137 2307 quoe
153 2233 267 2292 etesias
289 2231 447 2312 appellant.
464 2231 580 2292 mollire
601 2247 655 2292 eos
674 2231 803 2292 ereditur
820 2231 893 2292 solis
913 2250 962 2292 va·

10 2323 34 2366 111
43 2315 179 2388 geminatus
195 2316 306 2378 ardore
321 2316 444 2395 sideris,
468 2335 524 2377 nec
543 2316 594 2376 ulli
610 2323 763 2377 ventorum
778 2319 870 2395 magis
893 2317 960 2377 stati

10 2403 45 2452 1111.
65 2398 124 2460 Post
140 2419 193 2462 eos
215 2419 320 2462 rursus
342 2402 433 2462 austri
455 2409 627 2480 trequentes
651 2400 797 2480 usquead
820 2401 900 2461 sidus
917 2419 962 2460 ar-

10 2481 45 2536 turi
59 2483 121 2561 qnod
142 2487 282 2546 exoritur
302 2485 560 2546 undecim-diebus
582 2493 650 2546 ante
676 2487 891 2564 aequinoctium
912 2503 960 2544 au·

10 2567 61 2625 toci.
83 2587 139 2629 cum
151 2571 210 2632 hoc
226 2588 317 2632 corus
333 2571 451 2649 incipit,
464 2587 551 2630 corus
566 2578 721 2630 autumnat.
744 2569 811 2629 huie
828 2577 874 2630 est
891 2585 959 2630 eon-

10 2649 66 2708 tan'ue
77 2653 230 2718 volturnus.
256 2655 327 2716 Post
341 2654 371 2714 id
387 2655 602 2734 aequinoctium
613 2652 716 2714 diebus
731 2654 796 2714 lere
807 2661 943 2731 quattuor
954 2660 1003 2711 125

10 2735 188 2816 tiquadraginta
209 2739 403 2817 vergiliarum
427 2757 548 2802 occasus
569 2739 695 2799 hiemem
721 2737 855 2814 inchoat,
882 2737 961 2815 qucd

10 2821 107 2892 manin
120 2823 169 2885 Ill.
190 2824 279 2885 iduus
294 2822 478 2886 Novembres
500 2821 631 2884 incidere
652 2824 822 2899 consuevit,
842 2821 899 2881 hoc
914 2830 962 2882 est

10 2900 95 2974 tquilonis
113 2907 228 2970 hiberni
247 2907 425 2988 multumque
446 2908 560 2969 aestivo
577 2907 620 2967 illi
636 2907 801 2984 dissimilis,
823 2907 905 2966 euius
922 2925 959 2966 ea

10 2981 81 3048 thom
93 3001 134 3052 est
147 2993 280 3055 Africus.
311 2991 349 3052 llt
371 3001 438 3054 ante
456 2993 586 3054 brumam
603 3000 700 3052 autem
720 2999 835 3070 septem
857 2990 960 3052 diebus

10 3069 130 3156 totitemque
146 3086 216 3157 post
232 3095 297 3138 cam
314 3079 453 3138 sternitur
468 3095 549 3137 mare
566 3075 718 3153 alcyonum
736 3075 868 3153 feturae,
885 3075 961 3136 unde

10 3161 135 3222 tenendies
155 3172 298 3242 traxere,
330 3160 475 3240 reliquom
496 3170 610 3242 tempus
639 3160 756 3221 hiemat.
785 3178 840 3220 nec
866 3167 962 3220 tamen

10 3241 82 3302 aetitia
91 3253 292 3326 tempestatum
303 3245 449 3307 concludit
460 3263 548 3306 mare.
572 3246 685 3322 piratae
697 3246 818 3323 primum
831 3261 962 3321 coegere

10 3327 66 3384 cortis
77 3333 197 3406 periculo
215 3334 247 3392 in
269 3330 391 3392 mortem
409 3349 497 3391 ruere
520 3338 550 3390 ct
566 3327 690 3390 hiberna
711 3330 841 3408 experiri
861 3329 959 3388 maria.

10 3411 117 3474 meilen
128 3415 183 3475 hoc
199 3417 325 3476 avaritia
338 3415 426 3493 cogit.

44 3491 104 3578 (lt.)
121 3497 285 3562 Ventorum
306 3501 391 3560 etiam
406 3498 588 3577 frigidissimi
605 3505 671 3559 sunt
687 3514 761 3558 nuos
783 3514 800 3556 a
823 3499 1004 3575 septen-120
