2302 3938
139 198 197 260 198
465 211 495 259 c.
511 211 607 258 rcum
623 209 773 260 sncuunu

135 367 291 429 Phoenice.
328 367 403 424 intus
417 373 512 424 autom
528 364 667 426 Samaria.
692 364 800 442 oppida
814 363 971 444 Neapolis,
992 364 1066 442 quod
1081 382 1121 426 an-

134 461 182 511 tea
206 449 365 512 Mamortha
386 448 552 525 dicebatur,
576 447 699 511 Sebaste
720 449 750 509 in
771 458 883 525 monte,
907 457 936 511 et
956 448 1058 508 altiore
1077 449 1122 510 Ga-

133 535 217 596 mala.

93 629 128 684 70
222 620 269 679 14.
293 619 377 698 (15.)
401 618 495 696 Supra
517 613 680 696 ldunraeom
704 625 733 676 ot
754 617 909 680 §aaaron
925 615 1030 679 Iudaea
1046 615 1122 693 longe

135 704 252 782 lateque
274 702 408 762 funditur.
451 718 520 779 pars
535 701 600 762 aius
615 699 718 777 Suriae
735 701 832 764 intacto
849 698 980 765 Galilaea
1003 709 1140 776 accolunt

136 781 262 846 Arabiae
277 803 350 845 varo
367 795 397 845 ct
413 784 552 864 Aegypto
574 785 706 862 prosimu
722 783 851 861 Peraea,
876 784 990 863 asperis
1005 785 1125 863 dispersa

135 869 279 930 montibus
296 878 325 929 et
345 888 361 930 a
379 869 487 930 ceteris
506 867 622 929 ludaeis
645 868 769 932 Iordane
794 886 877 932 amne
899 869 1037 932 obusta.
1067 869 1136 938 reli-⁴

136 969 192 1032 qua
212 951 318 1014 Iudaea
339 953 474 1015 dividimr
496 954 525 1014 in
544 953 712 1031 toparchias
734 951 762 1014 x
783 971 840 1032 quo
864 953 995 1016 dicemus
1019 952 1124 1012 ordine:

135 1037 330 1098 Hiericuntsm
346 1037 655 1116 calmosiacensium,
679 1036 807 1099 lontibus
827 1039 957 1115 riguam,
980 1035 1124 1107 umnam,

135 1120 279 1198 buddam,
299 1121 445 1202 lopicam,
476 1119 698 1198 ncraomrrrr,
721 1119 958 1201 titubantium,
983 1120 1137 1194 'lhamnitil

136 1224 209 1280 cam,
221 1205 532 1285 neahmsqsapheaem
553 1203 680 1281 θείω,
703 1206 732 1266 in
755 1223 812 1284 qua
831 1207 915 1266 haere
935 1203 1124 1280 llierasdqna

136 1290 224 1367 longe
242 1290 400 1352 clarissima
421 1289 533 1352 urbium
559 1291 681 1352 orionus
699 1307 757 1353 non
777 1288 906 1358 ludaaao
919 1289 1026 1365 ruodo,
1047 1287 1125 1349 llaro·

136 1375 210 1434 diurn
227 1393 291 1433 cum
306 1374 415 1454 oppido
427 1374 542 1435 vinlustri
557 1374 688 1438 umisa
704 1375 836 1439 nominis.

93 1467 124 1521 il
220 1458 269 1518 15.
296 1457 435 1520 Iordanes
451 1459 649 1524 causamur
663 1477 683 1518 e
698 1458 780 1520 lame
793 1457 935 1536 Paniade,
958 1458 1010 1536 qui
1032 1475 1125 1535 cogno·

103 1559 203 1602 zaroen
222 1541 301 1602 dedit
323 1539 547 1604 Caesareae-da
570 1560 625 1620 que
651 1543 791 1606 dicemus.
828 1543 917 1604 amnis
947 1559 1085 1604 amoenus
1104 1549 1139 1599 etr

135 1635 276 1704 quatenus
308 1626 441 1686 locorum
470 1627 543 1690 situs
573 1627 680 1705 paulun
707 1625 875 1690 ambitiosus
908 1626 1076 1706 accolisque
1100 1643 1125 1682 se

134 1709 281 1788 praebens
307 1709 388 1770 velut
408 1711 512 1772 invitus
534 1709 719 1790 Asphaltiten
741 1711 837 1772 lacum
858 1709 949 1774 diruam
963 1719 1066 1774 natura
1085 1727 1125 1786 pe·

134 1795 183 1870 tit,
200 1812 216 1854 a
232 1811 290 1873 quc
306 1804 456 1874 postremo
475 1793 601 1857 ebibitur
617 1812 766 1876 aquasque
786 1794 917 1858 laudatas
933 1793 1033 1874 pardis
1049 1792 1125 1872 pesti-

134 1877 259 1937 lentibus
276 1880 390 1940 mixtas.
426 1896 500 1956 ergo
516 1878 566 1940 ubi
584 1880 675 1958 prima
693 1879 867 1942 convallium
881 1878 934 1940 luit
950 1878 1085 1951 occasio,
1105 1877 1125 1934 in

134 1962 229 2022 lacum
252 1981 285 2022 se
306 1963 397 2024 fandis
423 1962 629 2042 quamplures
654 1962 830 2026 fflnesamm
859 1970 980 2040 ruma,
1017 1960 1084 2024 xvl
1103 1957 1139 2024 lli

134 2062 271 2123 passuum
291 2046 495 2145 inmodicis,
516 2046 557 2108 v1
571 2047 600 2110 n
613 2048 792 2146 'latitudinis⁰⁶
813 2049 943 2114 amoenis
963 2047 1125 2146 circumseq-

134 2137 213 2206 ptum
229 2129 358 2207 oppidis,
380 2130 418 2190 ab
433 2140 547 2192 ¹crrcnte
566 2131 676 2198 Iuliade
701 2140 732 2194 et
750 2131 865 2211 Hqsqso,
888 2131 1045 2199 antandro
1061 2129 1126 2190 Tarr-

136 2212 224 2287 chea‚
253 2230 311 2290 quo
333 2215 447 2274 nomine
470 2215 561 2293 aliqui
579 2225 613 2276 et
629 2215 724 2278 lucum
739 2215 907 2295 appellunt„
927 2214 964 2276 ab
982 2215 1126 2276 occidente

135 2295 289 2356 Tiberiade
306 2297 387 2375 aquia
404 2297 506 2360 calidis
522 2299 642 2362 salubri.

92 2387 126 2442 in
221 2379 268 2440 16.
296 2379 477 2460 Asphaltites
499 2382 569 2444 nihil
589 2393 708 2462 praeter
728 2383 855 2446 bitumen
876 2384 985 2460 gignit,
1012 2381 1126 2444 umdeet

134 2481 247 2523 nomeu.
285 2465 393 2526 nullum
420 2484 526 2546 eorpus
550 2468 851 2546 armatorumque,
880 2467 953 2527 tauri
974 2465 1125 2542 camelique

134 2547 252 2608 fluitant.
285 2549 352 2610 inde
366 2551 442 2612 lama
455 2551 525 2614 nihil
540 2553 569 2612 in
586 2569 624 2612 eo
641 2553 744 2630 mergi.
783 2551 961 2630 longitudine
978 2549 1093 2612 excedit
1108 2543 1126 2604 t

132 2630 317 2711 mossarum,
334 2634 482 2696 latitudine
502 2636 623 2696 maxima
639 2635 855 2714 nxxvmqmq
873 2634 992 2698 minima
1003 2633 1053 2696 vi.
1071 2647 1125 2710 pro

134 2717 220 2795 spicit
236 2735 300 2778 eum
317 2717 353 2780 ab
369 2720 481 2780 animae
494 2718 605 2784 Arabia
623 2719 797 2794 Nomadum,
823 2737 840 2782 a
860 2719 981 2780 meridie
1002 2716 1125 2781 Machae-

132 2818 191 2876 rus,
208 2802 337 2863 secunda
352 2803 495 2882 quondam
512 2821 564 2864 arx
578 2803 704 2868 Iudaeae
720 2803 756 2866 ab
770 2801 992 2879 Hierosolymis.
1034 2800 1102 2862 ende

133 2883 226 2944 latere
246 2894 291 2944 est
312 2885 423 2946 calidus
441 2887 507 2949 icus
529 2887 662 2950 medicas
682 2886 861 2950 salubritatis
870 2885 1036 2950 Callirrhoe
1050 2901 1100 2961 aqu

132 2985 193 3026 rum
207 2967 330 3044 gloriam
345 2971 410 3049 ipso
426 2973 540 3032 nomino
555 2972 737 3050 praeferens.

91 3058 125 3113 73
219 3053 267 3110 17.
294 3052 341 3112 Ah
357 3056 510 3117 occidente
527 3055 612 3116 litora
626 3055 732 3118 Esseni
756 3057 867 3134 fugiunt
893 3072 986 3134 usque
1007 3070 1063 3134 qua
1083 3069 1098 3110 u

134 3144 215 3210 cent,
238 3154 313 3212 gans
327 3138 407 3214 sola,
433 3140 505 3199 etin
525 3147 587 3200 toto
604 3140 677 3201 orbe
692 3149 811 3220 praeter
827 3139 1045 3212 cataractis,
1071 3135 1092 3195 ε’

134 3218 191 3280 ulla
206 3220 327 3297 lamina,
344 3224 420 3282 omni
437 3241 547 3283 venere
564 3223 717 3301 abdicata,
735 3225 798 3284 sine
815 3225 956 3304 pecunia,
974 3219 1057 3282 socia
1071 3236 1103 3297 pa

133 3321 252 3364 marum.
302 3307 330 3365 in
356 3306 433 3366 diem
456 3325 494 3368 ex
522 3326 616 3386 aequo
645 3327 840 3370 convenarum
861 3307 943 3370 turbe
970 3303 1115 3383 renascit¹

132 3389 214 3466 large
230 3390 478 3469 frequentantibus
498 3409 572 3471 quos
588 3393 646 3454 vita
668 3394 766 3454 fessos
783 3393 819 3454 ad
839 3409 937 3456 mores
959 3407 1059 3452 eorum
1072 3387 1098 3446 io

133 3481 218 3532 tunae
237 3474 371 3535 ductibus
391 3478 489 3553 agitat.
511 3477 551 3536 ita
577 3495 631 3556 per
660 3477 824 3538 seculorum
845 3477 922 3540 milia
945 3467 1106 3554 (incredibil
