2286 3938
162 217 225 282 226
510 235 540 282 c.
564 223 660 282 rorat
683 235 834 306 saeuum

163 389 281 450 Seleuci
309 389 385 450 lilius
414 389 518 450 eodem
549 389 617 450 loco
650 392 780 450 restituit
809 390 957 466 Syrianam
989 391 1128 452 interfluente

163 472 266 551 Margo
291 477 339 552 qui
360 475 528 534 corrivatur
547 475 575 533 in
597 472 729 534 Zothale.
771 477 797 534 is
817 475 957 535 maluerat
976 475 1043 534 illam
1059 476 1129 534 Antio·

164 557 257 618 chiam
271 558 422 637 appellari.
454 558 534 617 urhis
552 557 710 636 amplitudo
727 561 893 618 circumitur
914 559 1011 619 stadiis
1023 557 1090 619 lllll.
1112 561 1128 618 ln

164 642 239 704 hanc
259 642 373 705 Orodes
391 642 539 708 Romanos
564 641 719 703 Crassiana
740 643 823 704 clade
842 653 943 722 captos
964 643 1074 704 deduxit.
1101 645 1117 702 l

165 727 248 787 huius
270 728 397 788 excelsis
420 745 474 806 per
494 728 561 804 iuga
583 725 703 788 Caucasi
726 729 910 807 protenditur
931 729 965 788 ad
982 731 1086 790 Bactros
1103 747 1124 784 us

165 831 222 889 quc
244 829 317 888 gens
337 811 503 874 Mardorum
526 815 606 888 lena,
635 813 679 871 sui
706 813 785 874 iuris.
823 813 876 872 suh
900 832 937 873 eo
957 821 1044 873 tractu
1060 821 1130 888 gente

165 895 296 973 Orciani,
327 895 491 974 Communi,
528 896 706 974 Berdrigae,
735 896 966 974 Harmatotropl,
1001 895 1126 956 Citamarae

110 988 148 1040 48
166 977 301 1058 Comani,
322 979 533 1058 Murrasiarae,
553 981 731 1042 Mandruanl.
768 979 882 1046 ll'unnina
905 981 1060 1058 Mandrum,
1078 977 1127 1038 Clln

165 1065 262 1141 dnum,
293 1065 429 1145 ultraque
461 1063 631 1139 Chorasmi,
661 1064 801 1143 Gandari,
838 1065 986 1144 Paricaai,
1017 1065 1128 1140 Saranges

165 1150 298 1228 Arasmi,
310 1147 484 1232 Marotiani,
500 1151 587 1226 Arsi,
604 1149 685 1210 Caeli
702 1169 776 1229 quos
793 1151 896 1212 Graeci
919 1150 1053 1211 Cadusios
1067 1145 1126 1227 appel

165 1235 282 1308 lavere,
297 1233 423 1294 Matiani.
459 1233 595 1313 oppidum
616 1233 758 1295 Heraclea
776 1236 812 1296 ab
834 1235 1003 1296 Alexandro
1019 1234 1128 1294 conditura

165 1319 243 1397 quod
259 1319 365 1380 deinde
384 1319 558 1379 subversum
577 1337 610 1379 ac
626 1320 791 1380 restitutam
806 1319 968 1380 Antiochus
985 1317 1094 1380 Achaida
1106 1334 1128 1392 ap

165 1401 293 1482 pellavit.
333 1402 477 1463 Derbices
500 1421 621 1482 quorum
644 1403 756 1464 medios
779 1404 852 1464 lines
877 1413 959 1464 secat
987 1403 1059 1464 Oxus
1077 1399 1127 1460 anni

166 1495 248 1548 ortus
270 1488 298 1546 in
323 1487 387 1547 lacu
412 1486 512 1566 Oaxo,
541 1487 707 1564 Syrmatae,
734 1487 917 1566 Oxyttagae,
944 1489 1036 1565 Moci,
1058 1486 1130 1546 Baton

166 1572 344 1650 Saraparae,
365 1571 461 1632 Bactri
483 1590 605 1651 qnorum
623 1573 759 1652 oppidum
782 1573 950 1654 Zariastes,
974 1571 1047 1652 quod
1065 1577 1128 1649 poste

164 1656 310 1731 Bactrum,
325 1657 469 1716 allumine
481 1655 657 1735 appellatum
676 1666 732 1718 est.
755 1655 923 1733 Geashaec
942 1659 1053 1736 optinet
1067 1671 1128 1713 avers

164 1743 271 1801 montis
287 1741 457 1821 Paropanisi
473 1741 654 1801 exadversus
675 1743 773 1802 fontes
789 1741 869 1820 Indi,
890 1741 1043 1805 includitur
1057 1739 1128 1798 lluniu

113 1833 148 1885 49
164 1825 254 1886 Ocho.
287 1823 370 1886 Ultra
395 1825 550 1903 Sogdiani,
576 1825 712 1904 oppidum
730 1826 824 1886 Panda
846 1835 876 1886 et
897 1827 925 1886 in
948 1821 1052 1886 ultimis
1071 1840 1130 1890 corn

166 1912 270 1972 linibus
288 1910 464 1970 Alexandria
485 1911 520 1970 ab
540 1910 709 1970 Alexandro
726 1909 831 1988 Magno
846 1912 1002 1972 conditum.
1034 1905 1120 1969 Arael

166 2004 232 2054 sunt
252 1995 287 2057 ah
309 1995 436 2056 Hercule
459 2014 493 2056 ac
514 1993 622 2055 Libero
640 1993 727 2054 Patre
743 1997 937 2074 constitutae,
962 1997 1032 2056 item
1050 1991 1130 2068 Cyro

166 2079 352 2139 Samiramide
368 2089 455 2159 atque
473 2080 660 2157 Alexandro,
682 2080 746 2139 linis
764 2083 888 2140 omnium
905 2098 1007 2140 eorum
1022 2079 1129 2138 ductast

166 2163 215 2222 illa
232 2172 315 2240 parte
331 2171 482 2240 terrarum,
501 2165 668 2224 includente
685 2164 801 2225 llumine
815 2163 942 2240 laxante,
959 2163 1036 2244 quod
1050 2157 1127 2236 Scyth

167 2245 248 2306 Silina
260 2255 377 2324 vocant,
390 2246 559 2308 Alexander
570 2249 735 2326 militesque
750 2251 813 2308 eius
822 2247 930 2308 Tanain
943 2257 1079 2326 putavere
1090 2261 1130 2302 css

166 2331 344 2390 transcendit
370 2349 435 2391 eum
460 2350 570 2392 amnem
599 2331 806 2408 Demodamas,
836 2331 952 2392 Seleuci
986 2342 1016 2392 et
1039 2330 1130 2390 Antioc

166 2433 268 2492 regum
283 2415 357 2493 dax,
378 2434 462 2494 quem
479 2417 602 2476 maxime
618 2417 766 2496 sequimur
782 2419 811 2476 in
825 2417 887 2494 his,
904 2413 1029 2496 arasque
1047 2411 1126 2492 Apolli

165 2498 325 2574 Didymaeo
342 2503 450 2560 statuit.
583 2535 586 2538 ι

115 2592 150 2645 a0
230 2583 278 2646 17.
304 2584 388 2665 (19.)
419 2584 502 2647 Ultra
533 2595 600 2646 sunt
625 2586 794 2663 Scytharum
819 2586 930 2666 populi.
974 2586 1079 2646 Persae
1101 2579 1130 2641 ill

166 2669 258 2748 Sages
277 2671 307 2730 in
328 2673 493 2730 universum
522 2671 712 2748 appellavere
736 2690 753 2730 a
779 2673 911 2749 proxima
933 2681 1042 2747 gente,
1067 2667 1126 2738 antia

166 2757 309 2815 Aramios.
346 2755 471 2833 Scythae
492 2755 548 2834 ipsi
564 2753 671 2814 Persas
687 2753 851 2815 Chorsaros
872 2765 903 2814 et
926 2753 1081 2814 Caucasum
1094 2765 1127 2808 na

167 2847 225 2899 tem
247 2836 431 2916 Croucasim,
454 2839 510 2900 hoc
537 2849 583 2900 est
604 2841 670 2900 nive
686 2839 845 2900 candidum.
884 2838 1038 2900 Multitudo
1053 2831 1125 2916 popul

166 2941 228 2982 rum
243 2925 391 2984 innumera
408 2932 528 3002 atquae
545 2943 608 2984 curn
623 2924 735 2984 Parthis
753 2941 899 3001 exaequo
917 2924 1014 3000 degat.
1043 2917 1129 2984 celebr

166 3008 229 3066 rimi
246 3025 346 3068 eorum
361 3008 469 3082 Sacae,
485 3007 687 3086 Massagetae,
704 3008 820 3084 Dahae,
836 3007 1023 3083 Essedones,
1042 3008 1129 3066 Astaca

166 3089 308 3168 Rumnioi,
324 3091 443 3171 Pestici,
458 3091 626 3171 Homadoti,
643 3092 730 3169 Histi,
743 3092 874 3168 Edones,
890 3090 1008 3167 Camae,
1026 3089 1128 3150 Camere

163 3173 329 3253 Dachatae,
348 3174 477 3254 Cotieri,
495 3176 685 3255 Antlruslani,
700 3178 826 3253 Psacae,
847 3178 1011 3254 Arimaspi,
1032 3175 1127 3234 Antnca

165 3257 477 3336 Chroasai‚‚Oetaei..
496 3259 540 3320 lbi
565 3260 676 3339 Napaei
699 3264 838 3322 interisse
860 3261 992 3322 dicuntur
1015 3256 1123 3320 aPalac

111 3352 144 3408 ol
163 3343 281 3404 Nobilia
302 3345 377 3423 apud
400 3362 453 3404 eos
478 3343 591 3404 tlumina
612 3345 835 3424 Mandragaeum
851 3348 885 3406 ‘et
907 3344 1073 3423 Caspasum.
1113 3357 1125 3394 11

164 3432 193 3488 in
209 3429 264 3490 alia
282 3437 364 3507 parte
379 3431 471 3488 maior
486 3438 632 3490 auctorum
649 3433 859 3509 inconstantia,
880 3431 969 3491 credo
985 3436 1104 3507 propter
1123 3423 1128 3478 i

162 3531 298 3576 numeras
326 3531 475 3592 vagasque
494 3524 618 3590 gentes.
659 3513 797 3575 Haustum
822 3517 915 3595 ipsius
948 3507 1129 3574 marisdrlee
