2302 3938
150 203 211 266 164
495 216 525 264 c.
548 215 644 263 rniur
667 213 815 264 sncuuor

17 421 18 442 .
149 367 313 450 Sarmatae,
337 365 411 452 quos
435 373 559 434 Areatas
578 381 709 448 vocant,
722 369 907 448 Scythaeque
930 378 959 432 et
976 371 1042 432 circa
1057 369 1119 429 Ponti

17 509 18 548 ,
97 467 130 516 42
149 459 236 519 litora
250 456 391 520 llloriseni
407 458 557 536 Sitonique
573 456 682 536 Orphei
700 458 772 516 vatis
788 458 939 534 genitores
955 456 1075 534 optinent.
1090 454 1120 514 lta

148 544 210 603 linit
227 540 327 603 Hister
351 563 367 604 a
389 544 607 622 septentrione,
624 541 666 600 ab
683 549 749 600 ortu
766 540 876 601 Pontus
898 559 931 600 ac
946 539 1095 617 Propontis,
1110 557 1120 596 a

146 627 270 688 meridie
285 627 437 704 Aegaeum
451 646 549 702 mare,
568 627 648 686 culus
671 627 699 684 in
721 643 772 685 ora
788 644 805 684 a
819 625 974 702 Strymone
988 623 1121 704 Apollonia

148 712 310 790 Oesymna,
332 711 489 788 Neapolis,
510 711 608 776 Batos.
639 711 715 770 intus
731 709 856 789 Philippi
877 711 999 770 colonia.
1019 708 1122 769 absmta

147 796 329 873 Dyrrhachio
356 793 515 856 CCCXXV
544 797 573 858 Μ
600 813 679 874 pass.
709 795 865 871 Scotussa,
893 795 1016 874 'lopiros
1040 795 1123 856 civitas.

146 879 234 948 Mesti
261 882 351 940 amnis
374 883 489 941 ostium.
523 899 605 942 mons
622 881 783 958 Pangaeus.
817 879 979 957 Heraclea,
1004 877 1123 954 Olynthos.

146 964 268 1026 Abdera
292 965 386 1026 libem
405 967 524 1044 civitas,
547 975 678 1042 stagnum
692 965 842 1024 Bistonum
863 973 893 1026 et
912 982 1036 1044 genno
1022 961 1126 1042 oppludtr

146 1051 201 1110 tuit
232 1049 330 1110 Tirida
354 1049 504 1112 Diomedis
532 1069 673 1129 equorum
702 1049 823 1110 stabulis
851 1049 951 1110 dirum.
989 1067 1056 1108 nunc
1081 1053 1126 1108 sunt

146 1133 267 1214 Dicaea,
282 1133 422 1213 Ismaron,
437 1135 518 1196 locus
532 1134 708 1196 Parthenion
716 1133 909 1213 ,Phalesinau
925 1133 1083 1208 Maroneap
1085 1133 1126 1188 rius

94 1226 129 1278 43
148 1219 331 1298 Orthagurea
345 1220 430 1281 dicta.
459 1239 541 1282 mons
559 1221 704 1298 Serrium,
719 1217 820 1297 Zone,
836 1229 894 1280 tum
910 1219 993 1280 locus
1007 1219 1127 1278 Doriscum

147 1305 249 1366 decem
267 1305 375 1365 milium
396 1305 540 1366 hominum
563 1323 664 1383 capax.
702 1305 743 1364 ita
761 1303 884 1365 Xerxes
904 1305 945 1364 ibi
972 1301 1128 1364 dinumeravit

148 1392 320 1450 exercitum.
342 1409 375 1449 os
391 1389 492 1450 Hebri.
514 1399 617 1468 portus
635 1391 791 1450 Stentoris.
816 1389 953 1470 oppidum
968 1384 1128 1449 Aenoslllru·

146 1491 210 1533 rum
223 1492 287 1534 cum
293 1472 431 1550 Polydori
443 1474 562 1550 tumulo,
573 1471 714 1534 Ciconum
723 1473 866 1552 quondam
878 1475 972 1551 regio.
996 1471 1129 1533 ADorisco

146 1559 314 1619 incurvatur
336 1576 388 1618 ora
409 1557 444 1618 ad
464 1557 582 1618 Macron
607 1557 701 1618 tichos
730 1555 808 1618 CXll
834 1559 941 1618 milium
968 1577 1053 1637 pass,
1075 1555 1131 1614 cirta

147 1661 234 1718 quem
257 1643 353 1702 locum
379 1642 483 1702 lluvius
505 1641 597 1703 Helas
626 1661 643 1703 a
664 1660 721 1720 quo
748 1645 828 1704 sinus
851 1643 1022 1723 appellatur.
1051 1635 1131 1718 oppida

148 1725 293 1806 Cypsela,
313 1727 452 1788 Bisanthe
469 1726 589 1789 lllacron
613 1726 708 1788 tichos
728 1727 849 1806 dictum,
872 1730 937 1806 quia
953 1747 970 1790 a
985 1721 1131 1806 Propontide

147 1811 183 1871 ad
203 1811 347 1873 lllelanem
372 1813 465 1873 sinum
490 1810 567 1873 inter
595 1811 652 1872 duo
677 1813 767 1872 maria
792 1821 947 1892 porrectus
973 1831 1065 1885 murus
1085 1825 1125 1886 pro

94 1904 131 1956 44
147 1906 311 1958 currentem
338 1897 466 1958 excludit
493 1895 716 1958 Cherronesum.
759 1896 891 1975 Namque
917 1897 1039 1958 Threcia
1061 1893 1129 1953 alten

148 1982 242 2042 latere
258 1981 409 2042 aPontico
425 1982 514 2042 litore
526 1983 680 2061 incipienS,
696 1981 746 2042 uhi
758 1981 858 2043 Hister
871 1984 962 2043 amuis
978 1981 1127 2056 inmergitur

148 2065 198 2126 vel
215 2065 421 2143 pulcherrimas
444 2068 474 2126 in
490 2084 526 2126 ea
542 2077 625 2146 parte
641 2067 729 2128 urbes
745 2067 851 2140 habet,
871 2066 1061 2146 Histropolim
1073 2062 1127 2122 tute

149 2153 275 2226 siorum,
295 2148 403 2210 Tomos
421 2147 612 2230 Callatimque
629 2171 704 2232 quae
726 2160 810 2212 antea
833 2149 969 2212 Cerbatis
993 2149 1129 2212 uocabatur

40 2241 41 2246 ’
147 2232 318 2293 Heracleam
333 2233 433 2294 habuit
450 2244 479 2296 ct
491 2235 621 2298 Bizonen
635 2245 734 2298 terrae
749 2235 829 2296 hiatu
844 2245 967 2314 raptam,
984 2255 1057 2296 nunc
1069 2233 1128 2293 habe

147 2317 373 2398 Dionysopolim
387 2317 505 2380 Crunon
519 2330 605 2381 antea
620 2321 731 2381 dictam.
761 2321 852 2382 adluit
868 2320 959 2398 Zyras
975 2322 1071 2382 amnis.
1096 2315 1128 2375 lo

147 2413 206 2462 tum
232 2421 298 2464 eum
329 2413 450 2465 tractum
473 2405 598 2482 Scythae
625 2407 771 2467 Aroteres
804 2408 1001 2484 cognominati
1027 2414 1131 2465 tenuere

105 2549 128 2557 ,,
149 2505 251 2548 eorum
266 2489 373 2567 oppida
384 2488 589 2568 Aphrodisias
605 2489 748 2568 Libistus,
766 2489 900 2568 Zygere,
916 2490 1083 2565 Rhocobae,
1097 2485 1131 2544 Bu

147 2575 241 2633 menia
249 2571 518 2652 ,Parthenopolis,
537 2573 672 2651 Gerania,
689 2575 737 2635 ubi
749 2574 962 2654 Pygmaeorum
977 2595 1053 2652 gens
1068 2573 1127 2634 lulss

148 2658 290 2734 proditur.
331 2656 447 2719 Catlzos
470 2659 585 2720 barhmi
610 2660 753 2720 vocabant
760 2660 972 2740 ,creduntque
999 2679 1016 2721 a
1040 2656 1128 2737 gruihu

95 2734 130 2788 45
147 2745 275 2820 fugatos.
298 2743 331 2804 ln
344 2759 395 2804 ora
409 2763 425 2803 a
439 2743 635 2823 Dionysopoli
652 2753 697 2804 est
710 2743 839 2804 Odessus
851 2743 1045 2823 Milesiorum,
1058 2744 1128 2803 durno

147 2827 304 2904 Pannysis,
319 2827 455 2928 oppidum
468 2828 724 2888 Tetranaulochus.
745 2828 830 2889 Mons
846 2828 970 2892 Haemus
986 2839 1072 2890 vasto
1088 2830 1128 2900 lug

147 2911 367 2989 procumhens
359 2931 388 2970 ιιι
403 2912 524 2972 Pontum
539 2913 674 2992 oppidum
690 2913 814 2974 habuit
806 2933 835 2972 m
853 2917 965 2982 vertice
982 2913 1131 2974 Aristaeun

147 3011 222 3079 nunc
239 2997 269 3054 in
285 3013 336 3056 ora
351 2995 538 3070 ttesemoria,
554 2997 734 3074 Anchialum,
754 2997 913 3060 ubilllessa
929 2999 1035 3060 luerat.
1059 2999 1131 3058 Astic

136 3081 232 3156 ¹regio
251 3080 350 3140 habuit
366 3081 502 3160 oppidum
521 3081 674 3159 Anthium,
695 3101 770 3142 nunc
785 3092 831 3142 est
847 3082 1017 3162 Apollonia.
1048 3081 1132 3142 flumin

147 3163 287 3240 Panisos,
303 3163 402 3241 luras,
423 3164 553 3242 Tearos,
572 3165 732 3243 Orosiues,
756 3166 863 3246 oppida
884 3167 1028 3247 Thynias,
1050 3168 1123 3227 Halm

147 3248 252 3325 desos,
276 3248 429 3310 Develcon
454 3268 516 3310 curn
545 3259 649 3328 stagno
674 3251 752 3332 quod
778 3271 853 3312 nunc
878 3251 1014 3313 Deultum
1041 3260 1119 3312 vocat

146 3343 369 3410 veteranorum,
389 3333 577 3414 Phinopolis,
598 3337 677 3397 iuxta
695 3355 778 3414 quam
798 3336 959 3416 Bosporus.
998 3337 1049 3398 Ab
1072 3335 1128 3396 Hist

148 3420 224 3496 ostio
243 3420 279 3479 ad
295 3437 328 3479 os
340 3418 425 3480 Ponti
438 3438 516 3499 pass.
529 3419 605 3480 DLlI
619 3421 676 3481 mil.
693 3422 812 3500 fecere,
828 3421 961 3501 Agrippa
971 3419 1026 3482 LX
1046 3421 1129 3482 adieci

106 3522 129 3558 o
148 3501 217 3564 Inde
233 3503 267 3564 ad
283 3523 392 3566 murum
409 3504 615 3584 supradictum
631 3503 686 3585 CL,
708 3507 744 3568 ab
762 3524 799 3567 eo
817 3505 1021 3570 Cherronesus
1040 3503 1132 3568 cxxi
