2364 3930
242 129 325 212 unu.
344 157 436 213 uisu.
455 159 495 212 m
514 165 602 216 c-ro
621 162 731 230 <r-1e)
930 163 994 226 165

37 312 53 368 si
70 317 179 389 partem
202 328 218 368 a
241 308 425 389 piscantibus
448 328 532 370 suam
555 329 712 392 accepere,
740 330 869 391 expansa
891 330 997 374 eorum

37 401 66 457 tia
85 399 221 459 lacerant.

58 489 214 567 Accipitres
238 491 335 550 avium
353 508 413 550 uon
432 489 524 561 edunt
543 489 640 550 corda.
669 498 835 550 nocturnus
854 494 995 571 accipiter
1013 498 1049 548 24

37 576 117 636 biudis
139 585 272 659 vocatur,
295 596 381 638 rarus
400 581 488 638 etiam
507 581 538 638 in
558 577 648 660 silvie,
670 579 801 640 interdiu
815 583 914 641 uineis
933 600 996 642 cer-

37 685 70 725 ns.
110 665 224 727 bellurn
250 669 466 728 internecivum
494 671 571 747 gerit
599 687 668 728 curm
697 669 807 750 aquila,
837 669 996 730 cohaeren-

37 775 89 833 que
111 774 200 835 saepe
223 756 421 834 prenduntur.

56 839 85 906 9.
100 839 174 927 (11)
198 843 315 924 Coccyx
333 845 450 906 uldetur
469 864 505 908 ex
523 849 663 926 accipitre
682 848 756 928 fieri,
775 856 909 928 tempore
928 850 998 910 anni
1015 852 1050 902 25

37 953 106 994 uram
127 943 258 1016 mutans,
281 937 420 1014 quoniam
443 943 515 996 tunc
538 954 598 996 non
623 983 701 997 .....
724 945 868 1016 apparent
890 937 998 1015 reliqui

38 1025 46 1081 1
64 1042 207 1104 perquam
229 1027 332 1103 paucis
355 1024 469 1086 diebus.
505 1027 570 1105 ipse
588 1044 708 1105 quoque
727 1026 844 1087 modico
863 1033 998 1105 tempore

37 1115 101 1172 tatis
120 1115 207 1174 uisus
230 1131 290 1172 non
314 1117 449 1175 cernitur
467 1121 578 1193 postea.
606 1122 653 1174 est
671 1122 771 1175 autem
789 1133 887 1193 neque
906 1113 997 1174 adun·

52 1201 199 1280 unguibus
223 1201 304 1263 solus
328 1205 511 1284 accipitrum,
534 1221 590 1264 nec
610 1206 705 1282 capite
729 1203 834 1264 similis
856 1203 924 1283 illis,
947 1221 997 1262 ne-

37 1291 118 1350 ealio
143 1309 234 1370 quam
258 1291 369 1373 colore,
397 1311 431 1352 ac
455 1294 536 1352 rictu
560 1291 689 1353 columbi
712 1295 821 1372 potius.
867 1294 940 1370 quin
969 1299 999 1352 et

37 1382 148 1440 1111111111
178 1379 215 1440 ab
245 1383 399 1462 accipitre,
432 1383 458 1442 si
489 1382 606 1460 quaudo
637 1401 696 1442 una
727 1399 905 1462 apparuere,
938 1380 999 1440 sola

37 1471 114 1529 11111111
139 1471 202 1529 avis
225 1488 243 1530 a
266 1488 320 1530 suo
348 1489 457 1549 genere
485 1473 672 1550 interempta.
718 1479 813 1532 mutat
840 1478 940 1530 autem
967 1477 998 1529 et
1015 1475 1050 1524 26
1144 1537 1145 1540 Ἴ

37 1576 91 1638 em,
113 1558 253 1638 procedit
275 1577 354 1641 vere,
377 1558 542 1620 occultatur
566 1559 716 1620 caniculae
735 1569 804 1621 ortu
822 1562 999 1637 intereaque

38 1648 57 1705 it
78 1649 109 1706 in
133 1647 240 1707 alienis
259 1647 346 1729 nidis,
370 1651 495 1708 maxime
513 1649 706 1730 palumbium,
729 1652 840 1710 maiore
860 1655 999 1726 exparte

37 1735 94 1812 qula
117 1755 184 1816 ova,
207 1736 286 1814 quod
306 1737 391 1800 1111111
414 1737 469 1797 alia
492 1740 562 1819 avis,
585 1756 653 1798 raro
676 1737 754 1798 bina.
791 1755 879 1797 causa
900 1736 999 1816 pullos

37 1825 149 1884 iciendi
171 1833 308 1905 putatur,
337 1826 417 1903 quod
440 1828 513 1886 sciat
537 1845 568 1886 se
591 1829 716 1886 invisam
744 1829 861 1886 cunctis
888 1825 999 1886 avibus.

37 1931 49 1970 n
70 1916 206 1974 minutae
229 1931 348 1992 quoque
364 1903 523 1975 infestant.
560 1917 601 1975 ita
619 1933 679 1974 uon
698 1915 764 1975 fore
782 1923 878 1976 tutam
895 1916 999 1993 generi

58 2004 187 2082 stirpem
209 2003 357 2082 opinatur,
379 2005 411 2062 ni
434 2003 585 2084 fefellerit,
609 2022 700 2082 quare
724 2005 839 2065 nullum
862 2005 932 2064 facit
954 2005 998 2064 ni-

37 2109 58 2171 n,
81 2091 194 2170 alioqui
218 2091 369 2171 trepidum
388 2092 503 2152 animal.
532 2091 638 2154 educat
657 2112 728 2173 ergo
748 2093 900 2154 subditum
918 2091 998 2152 adul·
1018 2089 1052 2138 2⁷

37 2187 73 2239 rto
101 2181 166 2240 feta
193 2180 272 2241 nido.
317 2179 367 2240 ille
400 2180 502 2241 avidus
534 2199 571 2240 ex
602 2191 709 2243 natura
740 2184 884 2262 praeripit
916 2180 999 2241 cibos

37 2272 101 2346 quis
124 2268 228 2349 pullis,
250 2271 351 2348 itaque
374 2272 544 2348 pinguescit
567 2280 597 2331 et
617 2271 729 2332 nitidus
748 2274 780 2332 in
799 2290 831 2332 se
850 2271 1000 2330 nutricem

38 2361 136 2418 vertit.
185 2357 234 2418 illa
257 2357 367 2437 gaudet
390 2360 455 2420 eius
479 2362 578 2438 specie
601 2363 787 2439 miraturque
811 2378 877 2420 sese
905 2361 1000 2438 ipsam

37 2448 57 2506 11
79 2447 176 2508 talem
198 2449 358 2527 pepererit.
400 2467 471 2508 suos
494 2451 713 2528 comparatione
737 2451 802 2508 eius
825 2449 944 2508 damnat
966 2455 1001 2507 ut

37 2555 88 2595 nos
128 2535 306 2614 absumique
338 2538 426 2596 etiam
461 2556 493 2597 se
529 2540 714 2616 inspectante
743 2539 873 2616 patitur,
904 2536 999 2596 donec

37 2628 121 2704 ripiat
149 2627 246 2703 ipsam
274 2643 393 2704 quoque
423 2627 482 2686 iam
512 2625 628 2685 volandi
657 2633 772 2706 potens
818 2625 899 2684 nulla
928 2632 1000 2684 tunc

37 2733 74 2772 un
98 2715 247 2774 suavitate
271 2717 370 2774 carnis
393 2721 583 2793 comparatur
605 2714 656 2774 illi.

47 2797 103 2864 10.
131 2795 209 2885 (12)
232 2803 316 2863 Milui
338 2821 375 2862 ex
398 2803 503 2863 eodem
525 2805 702 2882 accipitrum
720 2820 829 2881 genere
853 2797 1052 2881 negritu-*28

37 2910 47 2949 e
67 2892 225 2952 differunt
252 2898 390 2952 notatum
411 2893 443 2952 in
464 2891 511 2952 his
535 2893 758 2971 rapacissimam
782 2899 813 2951 et
835 2890 1001 2951 famelicam

37 3000 95 3059 iper
120 2981 225 3040 alitem
248 2979 323 3040 nihil
346 2980 492 3040 esculenti
515 2999 620 3060 rapere
644 2999 786 3059 umquam
805 2999 841 3039 ex
860 2981 1001 3040 funerum

49 3160 61 3204 1
83 3150 251 3220 acceperint
268 3151 312 3204 122.
386 3158 402 3205 6
420 3151 594 3220 prenduntur
611 3151 675 3206 ruf.
698 3151 798 3222 praed·
817 3151 897 3204 212¹.
920 3167 1000 3219 prue-

37 3223 146 3276 1321.
238 3226 254 3275 8
279 3223 409 3276 lactucam
431 3223 555 3278 iudicavi
576 3239 623 3292 eqo
645 3225 705 3278 coll.
723 3224 811 3277 Arist.
830 3223 855 3275 11.
875 3239 901 3276 o.
926 3223 1001 3276 VI?

37 3299 68 3347 13
77 3296 117 3360 B,
132 3297 180 3346 15.
214 3293 345 3348 eccidisse
362 3294 491 3348 uideatur
509 3297 628 3364 apparet
645 3294 669 3348 is
689 3294 735 3348 eui
753 3293 853 3347 similis
872 3294 926 3358 est,
951 3291 1001 3346 sed

110 3370 148 3418 12
167 3364 242 3418 rictu
258 3381 283 3418 v.
309 3364 388 3418 uictu
405 3365 487 3426 13222.
513 3365 589 3418 uisbu
607 3365 644 3419 al.
669 3365 732 3418 uiiu
749 3365 852 3418 1¹¹B¹cl
879 3363 944 3416 uisu
962 3363 999 3416 ⁸².

43 3443 74 3489 13
96 3435 223 3490 sumitur
240 3441 271 3490 B.
302 3437 307 3502 Ι
336 3436 372 3490 ab
390 3435 487 3490 11111111.
512 3453 554 3490 om
572 3454 595 3490 r.
679 3441 712 3490 15
730 3437 893 3502 intereaque
911 3432 998 3486 Rheae.

37 3525 103 3576 rque
125 3507 157 3562 11.
184 3522 348 3576 semperque
361 3524 386 3560 c.
460 3513 493 3561 19
512 3507 637 3562 minutae
656 3507 788 3576 auoruymi
802 3521 846 3573 ap.
861 3504 927 3584 Dal.
947 3503 999 3585 cfr.

37 3585 62 3632 11.
82 3580 109 3633 b.
131 3595 161 3632 a.
180 3580 228 3630 IX
241 3582 279 3633 29
299 3583 367 3632 ectr.
396 3579 451 3636 -bas
469 3578 511 3632 Ill.
540 3580 581 3632 -tc
599 3595 623 3631 r.
714 3584 746 3631 21
767 3594 806 3631 cu
824 3577 854 3630 et
871 3572 999 3642 ahoqm?

38 3658 71 3703 ‘22
91 3651 156 3703 feto
174 3653 199 3700 B
218 3665 251 3702 eac
269 3665 338 3703 corr.
364 3650 450 3702 -11111,
523 3655 558 3702 24
577 3665 637 3702 sese
656 3647 732 3702 W.
758 3663 859 3704 esser.
