2396 3940
176 170 242 237 258
520 169 549 226 (1.
567 165 669 224 Pulsi
688 167 846 224 suenum

176 324 265 384 ranis.
301 320 499 402 aegocephalo
522 321 569 382 avi
591 337 651 382 non
674 320 774 381 inesse
796 325 914 390 constat
935 335 1035 398 neque
1057 319 1092 380 iis
1113 337 1171 398 quae

122 417 173 469 noo
180 418 300 474 careant
313 413 465 492 sanguim.
492 409 641 492 peculiare
656 427 764 470 cursus
781 403 1020 488 inpedimentum
1037 406 1173 488 aliquando

174 503 207 564 in
235 519 286 582 eo,
315 497 509 580 quamobrem
538 500 683 562 minuitur
713 515 871 562 cursorum
899 495 1110 559 laborantibus.
1152 509 1174 556 et

174 609 229 672 per
252 589 360 654 vulnus
383 591 473 652 etiam
495 596 633 668 exempto
655 588 755 648 virere
782 585 919 648 animalia
945 586 1079 650 tradunt
1120 597 1174 646 sont

174 683 227 761 qui
247 687 356 762 putent
378 679 467 742 adimi
495 676 583 740 simul
610 677 706 738 risum
732 675 845 738 homini
871 678 1188 756 intemperantiamque

175 772 241 834 eius
264 776 402 830 constare
423 767 511 831 lienis
534 765 747 846 magnitudine.
783 765 868 828 Asiae
891 768 976 846 regio
1000 763 1119 847 Scepsis
1138 785 1174 844 ap-

173 857 310 940 pellatur,
332 859 365 920 in
388 875 447 938 qua
468 857 607 918 minimos
630 873 697 918 esse
718 857 822 936 pecori
844 855 981 936 tradunt,
1010 863 1042 918 et
1064 855 1129 918 inde
1148 855 1174 914 ad

173 948 284 1010 lienem
306 949 423 1010 invecta
446 944 585 1008 remedia.

122 1043 174 1093 too
242 1029 317 1120 (81)
340 1035 473 1098 *Renes
495 1033 606 1098 habent
628 1037 727 1096 omnia
750 1033 966 1116 quadripedum
984 1053 1062 1116 quae
1088 1033 1176 1096 animal

174 1134 327 1209 generant,
349 1144 404 1188 ova
421 1126 600 1206 parientium
624 1123 743 1186 testudo
767 1123 838 1207 sola,
861 1142 937 1203 quae
961 1133 991 1186 et
1015 1124 1188 1186 1113011111]

173 1217 300 1298 viscera,
324 1213 376 1278 sed
399 1223 433 1278 ut
454 1213 543 1276 homo
566 1211 687 1274 bubulis
710 1213 821 1274 similes
843 1213 925 1275 velut
948 1232 966 1274 e
987 1213 1094 1276 multis
1115 1215 1176 1274 reni·

173 1303 231 1368 bus
254 1301 476 1386 compositos*
513 1310 543 1364 at
565 1301 597 1364 in
615 1299 727 1364 Brileto
750 1309 781 1365 et
799 1301 918 1366 Tharne
942 1305 1084 1384 quaterni
1105 1321 1175 1364 renes

174 1396 270 1456 cervis
277 1442 286 1476 ,
317 1400 421 1458 contra
451 1393 582 1472 pinnatis
614 1393 838 1472 squamosisque
870 1391 953 1454 nulli.
1016 1392 1054 1454 de
1093 1401 1175 1454 cetero

174 1485 299 1554 summis
322 1481 483 1544 adhaerent
504 1479 623 1544 lumbis.
668 1481 773 1542 dexter
795 1479 933 1560 omnibus
956 1481 1064 1544 elatior
1088 1491 1116 1547 et
1136 1483 1175 1541 mi·

140 1631 146 1640 ,
174 1591 232 1636 nus
253 1573 373 1652 pinguis
397 1573 572 1652 sicciorque.
618 1571 739 1650 utrique
762 1578 862 1632 autem
883 1571 1065 1652 pinguitudo
1090 1591 1105 1632 e
1130 1585 1188 1632 mot

175 1661 224 1724 dio
244 1663 306 1724 exit
322 1668 532 1742 praeterquam
550 1662 582 1722 in
601 1659 692 1722 vitulo
711 1661 835 1722 marino.
863 1659 1000 1722 animalia
1018 1659 1051 1722 in
1069 1659 1177 1722 renibus

172 1752 384 1834 pinguissimo,
415 1767 485 1812 oves
513 1749 633 1830 quidem
660 1748 788 1811 letaliter
819 1751 933 1812 circum
965 1768 1019 1814 eos
1051 1757 1188 1812 concreto

173 1843 286 1922 pingui.
331 1839 488 1921 aliquando
511 1839 543 1902 in
565 1841 603 1900 iis
625 1839 819 1902 inveniuntur
841 1834 976 1920 lapilli*

119 1936 172 1986 20⁷
237 1923 326 2014 (82)
362 1927 484 2010 Pectus,
514 1927 573 1990 hoc
601 1935 648 1990 est
676 1947 757 2014 ossa,
783 1928 967 2009 praecordiis
995 1936 1028 1990 et
1054 1926 1176 1990 vitalibus

174 2028 280 2082 natura
303 2018 513 2100 circumdedit,
543 2026 573 2080 at
594 2020 707 2102 ventri,
735 2037 826 2098 quem
847 2037 972 2080 necesse
1000 2025 1067 2082 erat
1095 2021 1176 2080 incre

174 2127 269 2192 scere,
286 2107 404 2170 ademit.
435 2107 510 2182 nolli
528 2105 698 2170 animalium
716 2109 796 2171 circa
814 2115 949 2170 ventrem
968 2126 1045 2170 ossa
1086 2117 1177 2190 pectus

172 2197 287 2272 homini
305 2205 420 2260 tantum
437 2196 540 2280 latum,
555 2195 686 2279 reliquis
705 2199 880 2280 carinatum,
902 2195 1077 2260 volucribus
1099 2197 1178 2276 magis

174 2294 205 2348 et
233 2289 312 2348 inter
342 2305 392 2348 eas
421 2288 565 2367 aquaticis
595 2287 731 2348 maxime.
782 2293 882 2348 costae
912 2286 1029 2348 bomini
1058 2295 1178 2351 octonae.

173 2375 267 2438 subus
290 2375 393 2457 denae,
416 2377 582 2456 cornigeris
602 2389 684 2459 xm,
706 2375 896 2456 serpentibus
918 2391 1003 2440 xxx,

121 2470 173 2523 208
241 2457 316 2550 (83)
339 2464 419 2526 lnlra
437 2465 535 2528 alvum
553 2471 634 2528 esta
656 2467 756 2546 priore
779 2473 864 2548 parte
886 2467 994 2550 vesica,
1019 2484 1093 2546 quae
1116 2463 1177 2526 nulli

174 2574 228 2618 ova
246 2555 445 2637 gignentium,
466 2562 585 2634 praeter
602 2555 798 2638 testudinem,
820 2555 894 2618 nulli
916 2555 976 2618 nisi
993 2557 1175 2636 sanguineum

172 2645 345 2727 pulmonem
363 2642 494 2726 habenti,
516 2642 590 2706 nulli
606 2644 733 2724 pedibus
757 2646 931 2706 carentium.
967 2645 1050 2706 iuter
1071 2663 1134 2706 eam
1154 2653 1185 2722 et,

174 2735 271 2798 aluum
293 2736 420 2798 arteriae
443 2733 480 2796 ad
502 2731 614 2816 pubem
635 2735 792 2798 tendentes
816 2752 891 2814 quae
918 2733 968 2796 ilia
994 2733 1175 2816 appellantur.

246 2959 473 3031 taogocephalo
490 2959 621 3015 B¹Borb
657 2974 729 3029 equo
747 2977 791 3016 ce·
809 2965 835 3015 d
872 2959 1026 3032 eogoeprlo
1044 2979 1069 3016 ι
1102 2973 1184 3029 egee,

173 3030 241 3102 palo
254 3047 278 3086 r.
351 3036 367 3085 3
381 3031 516 3086 minuitur
529 3032 623 3088 Ionos
635 3031 695 3086 ccli.
713 3034 890 3090 XXV1132.
916 3031 1038 3088 inanior
1050 3033 1104 3088 llo.

174 3110 190 3159 6
206 3101 265 3158 eius
278 3105 331 3157 Bd.
356 3101 414 3158 cios
427 3119 451 3158 r.
469 3101 525 3159 ioci
537 3103 597 3158 edd.
607 3105 671 3158 onte
680 3101 737 3173 Gal.
809 3107 826 3158 8
839 3103 954 3160 inuecta
966 3102 1027 3158 m
1038 3103 1092 3160 cod.
1101 3101 1173 3168 ctist

172 3173 288 3230 inuenta
305 3189 350 3229 uo.
378 3173 476 3230 inaeta
492 3191 516 3233 r.
610 3179 626 3228 9
645 3173 820 3230 Renes-ta
839 3191 903 3230 com
923 3174 1079 3232 unicubae
1093 3177 1171 3230 oons-

168 3247 339 3316 pomino.
352 3249 390 3302 18
404 3247 463 3300 coll.
477 3244 568 3302 budica
581 3245 656 3302 labri.
728 3251 797 3301 9.10
853 3245 861 3258 '
923 3245 930 3257 ⁶
967 3248 1109 3318 garant!

173 3324 206 3372 11
230 3316 330 3372 ainrilis
349 3315 454 3372 similes
472 3321 507 3370 1.
594 3321 627 3372 17
645 3315 831 3388 pinguissima
847 3334 872 3373 o.
900 3335 974 3374 -mns
990 3321 1023 3373 R
1052 3316 1112 3374 -rnis
1128 3331 1170 3369 r.·

173 3389 303 3442 concreto
320 3391 398 3442 Ida.
430 3389 486 3442 tos
504 3401 528 3442 r.
636 3393 670 3442 19
694 3389 738 3443 est
759 3403 823 3444 ossa
839 3393 924 3444 Ino.
956 3391 1104 3446 ecostod
1135 3387 1169 3440 ed

173 3458 236 3511 orta
248 3463 302 3511 Itu.
366 3463 399 3512 23
414 3454 725 3514 hominembonum.
785 3466 821 3516 114
834 3461 919 3516 subus
931 3459 1001 3520 w.
1023 3457 1169 3516 aurbum

173 3525 279 3581 subitus
292 3525 357 3581 11111.
380 3529 436 3583 -tos
450 3546 475 3582 ι,
492 3529 497 3598 Ι
512 3527 648 3586 tredecim
661 3533 687 3592 et
699 3529 818 3602 trign'nta
829 3531 948 3602 Μῶν.
971 3532 1019 3589 md
1030 3527 1170 3590 metulla

172 3595 350 3652 diatrt‘lrutt‘ou
365 3599 495 3666 ponmdo
511 3604 605 3656 aaut:
628 3599 793 3673 0115165.
817 3605 892 3656 VIII
895 3607 940 3660 45.
962 3607 1058 3664 11156.
1139 3601 1182 3664 ii,

173 3669 258 3724 eal,
295 3735 301 3746 Ι
336 3671 370 3722 28
388 3667 530 3725 ilialldo.
557 3667 610 3725 illa
626 3673 725 3728 11111.
752 3671 795 3729 ila
812 3673 849 3732 ι’,
