2286 3938
295 135 379 191 Nar.
397 135 489 190 Hrsr.
509 135 562 189 VII
582 142 598 189 2
619 137 661 205 (2)·
704 192 707 202 ,
966 131 985 196 7

12 305 70 348 senos
91 293 133 347 aut
157 287 237 366 aegri
264 301 324 346 non
352 287 518 366 capiuntur.
565 284 839 347 choromandarum
862 291 987 365 gentem

12 387 68 437 uocat
85 377 212 436 Tauron
240 375 419 458 silvestrem,
452 379 517 437 sine
545 394 630 456 voce,
663 375 801 436 stridoris
828 375 988 456 horrendi,

10 467 69 527 hirtis
90 464 267 546 corporibuS,
300 465 394 527 oeulis
417 465 542 547 glaucIs,
575 465 714 526 dentibus
743 466 866 526 caninis.
911 463 983 527 Eu·

10 557 86 616 dorus
110 557 137 616 in
164 555 334 616 meridianis
362 554 461 616 Indiae
490 557 561 616 viris
588 555 703 634 plantas
732 573 798 616 esse
831 553 1012 637 cubitales,¹

9 645 91 706 lenInis
110 645 176 706 adeo
199 661 305 725 parvas
328 652 362 705 ut
386 644 603 724 Struthopodes
626 643 821 724 appellentur.
865 643 982 724 Mega·
1002 653 1038 702 25

9 735 114 794 sthenes
139 741 257 814 gentem
284 736 364 794 Inter
386 734 531 795 Nomadas
555 734 644 795 Indos
672 737 790 795 narium
812 734 879 794 loco
903 734 987 794 lora-

8 827 59 884 uina
77 832 179 886 tautum
202 824 376 905 habentem,
403 827 545 904 anguium
568 825 655 884 modo
679 823 857 904 loripedem,
880 825 987 884 vocari

9 915 101 974 lenitas.
125 915 159 974 ad
182 921 332 974 extremos
356 915 430 974 fines
444 914 544 974 Indiae
568 913 604 974 ab
628 915 743 974 oriente
767 916 847 974 eirca
866 913 981 975 iontem

8 1001 81 1082 llargis
100 1003 285 1064 Istomorum
309 1010 429 1083 gentem
451 1006 515 1064 siue
539 1021 605 1084 ore,
636 1021 761 1084 corpore
785 1011 849 1064 toto
873 1003 984 1064 hirtam

6 1095 76 1152 'retici
90 1093 235 1154 frondium
252 1093 400 1174 lanugine,
423 1093 516 1154 halitu
535 1100 651 1154 tantum
670 1096 818 1154 uiuentem
839 1099 870 1153 et
889 1093 985 1173 odore

7 1199 65 1260 quen
83 1183 197 1244 naribus
220 1181 348 1244 trahant.
389 1183 504 1244 nullum
527 1183 584 1244 illis
608 1183 709 1244 cibum
732 1183 908 1262 nullumque
932 1201 985 1262 po-

7 1279 55 1350 lnn,
72 1273 196 1333 radicum
209 1281 327 1334 tantum
341 1272 508 1353 florumque
522 1275 620 1333 varios
634 1273 742 1333 odores
757 1280 787 1332 et
802 1273 988 1333 sllvestrium

8 1360 123 1444 uelorum,
149 1381 225 1442 quae
253 1381 357 1424 secum
384 1369 504 1443 portant
530 1363 664 1442 longiore
692 1365 815 1443 itinere,
843 1379 880 1422 ne
904 1361 986 1422 desit

8 1449 100 1512 elluatus.
137 1453 273 1532 graviore
296 1452 384 1532 paulo
408 1453 499 1512 odore
523 1451 601 1512 haud
625 1451 786 1512 difficulter
809 1453 984 1511 exanimari.

8 1555 66 1618 uper
80 1541 128 1601 hos
143 1549 280 1602 extrema
300 1545 332 1602 in
350 1549 434 1622 parte
452 1544 600 1602 montium
618 1541 810 1620 'l'rispithami
828 1541 979 1620 Pygmaei·
999 1550 1034 1598 26

8 1645 41 1706 pre
55 1640 210 1713 narrantur,
228 1640 331 1692 ternas
350 1631 510 1711 spithamas
529 1631 727 1712 longitudine,
746 1631 802 1690 hoc
817 1635 864 1690 est
878 1637 986 1690 ternos

9 1715 137 1802 lolrantes,
166 1740 229 1781 nou
252 1721 444 1803 excedentes,
475 1721 587 1782 salubri
610 1719 691 1781 caelo
716 1737 894 1800 semperque
917 1737 984 1780 ver·

9 1817 62 1868 nante
81 1811 227 1872 montibus
251 1810 287 1870 ab
311 1811 448 1890 aquiIone
472 1812 630 1893 oppositis,
653 1829 728 1889 quos
752 1827 769 1868 a
791 1809 917 1888 gruibus
941 1811 986 1869 In-

9 1895 74 1958 lutari
97 1899 269 1961 Homerus
300 1916 420 1980 quoque
447 1900 585 1979 prodidit.
632 1899 709 1960 lama
741 1905 788 1960 est
819 1899 987 1959 insidentes

9 1987 95 2049 nictum
110 2007 327 2070 caprarumque
347 1991 443 2051 dorsis
462 1997 591 2050 armatos
615 1992 730 2069 sagittis
750 1991 828 2049 veris
847 1996 986 2068 tempore

9 2079 106 2139 aduerso
127 2084 245 2160 agmine
267 2081 304 2142 ad
328 2099 408 2141 mare
428 2080 610 2140 descendere
635 2087 665 2139 et
688 2095 741 2138 ova
759 2078 917 2158 pullosque
941 2097 989 2139 ea-

10 2181 49 2226 mn
67 2168 157 2230 alitum
181 2188 370 2251 consumere,
393 2172 487 2230 ternis
506 2169 726 2249 expeditionem
745 2187 809 2228 eam
833 2167 991 2229 mensibus

11 2257 89 2338 unici,
118 2259 203 2320 aliter
227 2259 337 2320 suturis
360 2259 500 2339 gregibus
527 2277 588 2320 non
616 2261 725 2319 resisti.
772 2275 855 2318 casas
883 2275 990 2318 eorum

11 2345 46 2404 blo
63 2350 212 2428 pinnisque
236 2356 266 2409 et
289 2367 412 2409 ovorum
434 2347 637 2428 putaminibus
661 2350 805 2413 construi.
847 2346 988 2408 Aristo·
1008 2356 1042 2404 2⁷
1088 2408 1089 2411 ,

10 2434 67 2496 bles
90 2440 117 2498 in
144 2440 282 2498 cavernis
309 2440 408 2498 vivere
431 2437 594 2518 Pygmaeos
618 2438 721 2519 tradit,
754 2445 855 2497 cetera
878 2435 915 2497 de
939 2437 991 2496 his

10 2529 28 2580 et
43 2526 160 2606 reliqui·
185 2527 301 2608 Cyrnos
324 2527 466 2588 Indorum
493 2545 588 2606 genus
611 2527 779 2606 IsIgonus
807 2528 892 2586 annis
916 2544 988 2586 een-

10 2615 58 2672 lmis
76 2617 266 2697 quadragenis
289 2619 397 2698 vivere,
420 2619 494 2677 item
512 2615 671 2696 Aethiopas
694 2614 860 2675 Macrobius
884 2621 915 2674 et
935 2614 987 2674 Se-

10 2715 38 2758 ee
55 2707 186 2768 existimat
210 2709 317 2786 etqui
340 2706 437 2767 Athon
460 2713 592 2767 montem
614 2704 754 2786 Incolant,
777 2704 832 2764 hos
856 2703 988 2784 quidem,

9 2793 52 2868 blla
65 2797 196 2874 ulperInis
215 2795 357 2857 carnibus
375 2796 504 2876 alantur,
528 2799 628 2874 itaque
647 2813 702 2854 nec
717 2795 807 2873 capiti
826 2811 882 2852 nee
896 2797 991 2854 vesti-

9 2873 45 2939 bus
65 2902 156 2946 eorum
184 2888 273 2947 noxia
300 2888 420 2966 corpori
442 2887 540 2946 inesse
564 2883 707 2946 animalia.
756 2882 989 2944 Onesicritus
1009 2893 1044 2940 28

11 2969 85 3046 qubus
110 2975 180 3037 loeis
210 2975 311 3036 Indiae
341 2975 464 3036 umbrae
494 2993 555 3036 non
588 2976 648 3034 sint
678 2991 804 3054 corpora
834 2973 992 3035 hominum

12 3058 140 3125 cubitorum
162 3067 290 3146 quinum
314 3073 344 3126 et
366 3065 504 3125 blnarum
526 3063 690 3144 palmarum
713 3065 874 3146 eststere,
898 3071 928 3124 et
951 3067 994 3124 ri-

12 3161 55 3211 vere
73 3170 155 3214 anvucs
172 3168 283 3237 cxxx,
306 3173 362 3214 nec
382 3171 539 3216 senescere
564 3153 616 3214 sed
639 3160 673 3214 ut
691 3143 789 3214 medio
813 3171 884 3213 aevo
904 3157 992 3213 mori.
1051 3215 1052 3219 ,

20 3323 195 3342 ’κῇ-.-

36 3434 195 3508 ¹decumbas
213 3441 267 3490 H.
297 3435 421 3490 Sciratae
440 3433 509 3490 conl.
529 3433 586 3490 Url.
606 3434 681 3490 vind.
700 3451 727 3491 n.
739 3439 802 3490 150.
877 3435 910 3486 15
930 3431 992 3486 Tri-
1081 3445 1084 3452 ’

15 3499 112 3563 prthemi
124 3504 211 3564 Hard.
235 3507 409 3578 trisphibemi
422 3510 446 3560 d.
470 3505 605 3576 spithami
619 3511 646 3560 Τ,
669 3505 803 3576 sphitami
816 3509 894 3558 Bra.
914 3503 992 3574 sphi·

15 3567 327 3705 lpp'xpffianpenppon
344 3577 470 3648 isigonus
490 3577 527 3632 aa
564 3673 566 3678 Ι
600 3583 635 3632 er
656 3577 752 3631 eruere
770 3575 859 3631 esan
876 3575 920 3630 ιν.
