2302 3938
254 234 444 322 numism
461 237 496 286 v.
513 229 600 282 4-5.
616 223 736 304 (s-s.)
941 217 1002 284 189

30 391 128 452 latinum
156 409 237 452 unum
272 389 462 454 Uzalitanum.
503 391 640 471 oppidum
669 391 887 472 stipendiarium
920 408 1004 451 uuum

30 476 111 537 Castris
123 471 272 537 Corneliis.
298 475 405 556 oppida
417 476 511 538 libera
522 475 617 554 XXX,
628 477 780 556 exquibus
791 475 912 537 dicenda
928 477 1003 536 intus
1020 478 1055 534 33

29 561 223 637 Achollitanum,
238 561 460 639 Aecaritanum,
482 560 650 640 Arinense,
671 559 886 638 Abziritanum,
909 557 1002 620 Cano·

29 649 136 723 pilanum,
156 643 369 722 idelizitanum,
393 643 578 722 Naterense,
604 644 835 724 Salophitauum,
856 643 1003 705 Tusdrita·

11 741 80 807 trum,
93 727 272 808 Tiphicense,
284 729 458 808 Tunisense,
469 727 656 808 Theodense,
669 728 850 808 Tagesense,
866 728 1003 806 Sigeuse,

29 811 286 891 lllusubburitauum,
300 813 440 892 vagense
459 814 550 892 aliud,
567 814 688 890 Siense,
706 813 869 876 Ziamense.
895 811 942 872 br
957 831 1003 873 re·

29 898 80 974 liquo
91 917 203 959 numero
215 917 276 960 uon
290 899 425 960 civitates
440 907 548 960 tautum
562 898 615 959 sed
625 899 759 978 plerique
773 900 859 958 etiam
870 899 1002 958 nationes

28 985 67 1041 iure
83 981 130 1042 dici
153 991 293 1061 possunt,
314 992 345 1042 ut
366 981 552 1060 Natabudes,
577 979 742 1063 Capsitani,
763 981 932 1058 Musulami,
954 981 1004 1042 Sa·

28 1065 147 1144 barbares,
173 1065 314 1144 hlassyli,
340 1066 477 1146 Nicives,
502 1065 695 1138 Vamacures,
726 1064 849 1144 Cinithi,
879 1064 1004 1142 llusuni,

11 1147 165 1228 ohamhubii,
188 1161 219 1212 et
242 1160 303 1212 tota
325 1150 458 1212 Gaetulia
475 1150 510 1212 ad
533 1149 639 1212 flumen
658 1150 786 1230 Nigrim,
808 1149 1004 1230 quintrionis

28 1234 49 1292 ah
59 1233 199 1314 Aethiopia
214 1235 330 1296 dirimit.

67 1317 90 1380 5.
107 1317 164 1399 (5.)
180 1317 355 1399 Cyrenaica,
371 1319 472 1382 eadem
487 1320 708 1401 Pentapolitana
724 1323 821 1398 regio,
837 1321 1005 1380 inlustratur
1022 1334 1053 1389 31

27 1401 153 1464 hammonis
171 1405 294 1465 oraculo
308 1405 386 1484 quod
401 1423 416 1464 a
430 1403 554 1482 Cyrenis
570 1405 655 1466 abest
668 1403 907 1484 CCCClhpass.,
923 1405 1003 1464 fonte

27 1487 91 1563 Solis,
113 1489 235 1549 urbibus
254 1492 377 1550 maxime
398 1491 443 1567 V,
463 1489 621 1570 Berenice,
644 1491 788 1566 Arsinoe,
811 1489 1003 1566 Ptolomaide,

11 1571 146 1649 ctpotiouia
166 1574 294 1652 ipsaque
310 1571 435 1652 Cyrene.
470 1574 614 1636 Berenice
629 1577 658 1635 in
674 1575 768 1652 Syrtis
791 1575 899 1634 extimo
915 1590 1004 1634 cornu

29 1663 67 1732 cot,
82 1657 218 1734 quondam
235 1667 339 1720 uocata
353 1659 546 1738 Hesperidum
562 1678 647 1740 supra
664 1660 818 1737 dictarum,
834 1657 1004 1736 vagantibus
1023 1679 1035 1714 r

27 1739 130 1802 luceiae
149 1741 271 1802 iabulis.
309 1743 372 1804 Nec
399 1743 501 1822 procul
522 1751 589 1804 ante
611 1744 748 1824 oppidum
771 1741 873 1803 fluvius
898 1741 1003 1820 beton,

27 1823 78 1884 lucus
96 1845 192 1904 sacer,
224 1827 274 1886 ubi
300 1826 494 1907 Hesperidum
517 1828 595 1890 horti
617 1836 821 1888 memorantur.
861 1827 946 1887 abest
967 1825 1004 1886 ab

27 1905 81 1985 lepti
94 1908 277 1970 CCCLXXV
288 1909 319 1970 Μ
335 1930 413 1992 pass.
450 1911 497 1972 Ab
514 1931 549 1973 ea
573 1912 701 1974 Arsinoe
718 1911 861 1974 Teuchira
879 1913 1005 1970 vocitata
1022 1917 1055 1970 32
1139 1941 1140 1982 c

11 1989 129 2054 tthlhl
150 2014 245 2075 pass,
274 2005 304 2056 et
325 1996 429 2056 deiude
451 1995 608 2057 Ptolomais
630 1999 747 2076 antiquo
770 1997 886 2058 nomine
911 1995 1003 2054 Barce

28 2075 119 2138 lllllll
139 2099 289 2160 passuum.
316 2099 385 2142 mox
405 2077 454 2142 XL
470 2080 500 2140 Μ
520 2099 603 2160 pass.
623 2082 850 2160 promunturium
871 2079 1003 2155 Phycuus

27 2179 60 2235 por
71 2160 205 2226 Creticum
220 2183 300 2227 mare
314 2166 452 2242 excurrit,
470 2165 580 2226 distans
594 2162 690 2240 ccci,
701 2163 731 2226 Μ
743 2184 822 2246 pass.
840 2184 856 2224 a
871 2163 1003 2224 Taenaro

27 2241 146 2310 laconicae
169 2252 392 2329 promunturio,
413 2269 429 2310 a
449 2247 537 2310 Creta
553 2268 625 2311 vero
649 2252 712 2331 ipsa
730 2247 863 2311 CCXXV
876 2247 915 2309 Μ.
934 2255 1003 2326 post

27 2327 43 2384 id
55 2327 167 2410 Cyrene,
182 2336 284 2394 amari
292 2333 372 2394 ΧΙΜ
383 2353 473 2414 pass,
486 2335 521 2394 ab
534 2333 683 2408 Phycunte
695 2335 880 2414 Apolloniam
893 2330 1004 2392 XXllll

11 2410 43 2468 ill
55 2434 125 2494 pass,
138 2417 172 2478 ad
189 2416 408 2480 Cherronesum
421 2417 599 2481 LXXXVIII
613 2417 642 2478 Μ
660 2437 810 2498 passuum,
830 2418 905 2478 unde
921 2415 1004 2476 Cata·

27 2495 131 2560 haihmum
144 2500 404 2582 CCXVlhlpass.
435 2501 1002 2580 Aecolunthiarmaridae,aParaetoni
1020 2504 1054 2558 33
1139 2535 1140 2538 =

26 2579 87 2643 ieme
101 2589 224 2664 regione
244 2587 280 2647 ad
294 2587 401 2664 Syrtim
416 2590 554 2648 maiorem
576 2606 669 2666 usque
684 2589 826 2666 porrecti.
857 2593 924 2664 post
949 2601 1002 2644 eos

28 2661 166 2730 Acrauceles
182 2689 218 2730 ae
233 2672 288 2730 iam
307 2673 336 2731 in
352 2688 403 2732 ora
419 2671 511 2747 Syrtis
527 2670 724 2748 Nasamones,
747 2689 821 2752 quos
839 2678 924 2729 antea
941 2666 1002 2727 lle·

28 2766 150 2815 saumones
167 2754 237 2815 Grai
252 2755 443 2836 appellavere
460 2755 496 2816 ab
512 2765 683 2834 argumento
700 2756 774 2834 loci,
798 2754 910 2816 medios
926 2754 1003 2812 inter

11 2829 113 2898 tharenas
133 2841 217 2900 sitos.
256 2838 436 2916 Cyrenaicus
453 2859 525 2918 ager
540 2839 596 2900 XV
610 2838 640 2900 Μ
655 2859 790 2920 passuum
813 2837 963 2899 latitudine
986 2853 1003 2896 a

30 2913 84 2980 litore
100 2931 127 2982 et
140 2923 297 2986 arboribus
319 2925 425 2985 fertilis
440 2924 581 3002 habetur,
605 2926 680 2986 intus
702 2925 806 2986 eodem
824 2925 919 3004 spatio
944 2921 1003 2982 iru-

29 3001 83 3074 yihus
101 3014 221 3086 tantum,
252 3027 320 3070 mox
339 3007 424 3068 XXX
444 3007 474 3068 Μ
496 3027 633 3088 passuum
657 3009 807 3068 latitudine
828 3018 857 3068 et
879 3004 950 3066 CCL
973 3004 1003 3064 Μ

30 3099 125 3158 paruum
138 3091 320 3170 longitudine
341 3093 427 3152 lasari
447 3094 543 3156 modo.
577 3093 648 3154 Post
668 3093 844 3153 Nasamonas
862 3091 1001 3151 Hasbitae
1020 3095 1054 3148 34

29 3175 46 3224 et
56 3169 135 3236 bacae
151 3178 270 3256 vivont,
286 3177 361 3238 ultra
379 3196 432 3238 eos
442 3177 590 3244 ,Amantes
607 3177 757 3238 duodecim
771 3177 880 3238 dierum
896 3177 1001 3236 itinere

11 3253 161 3347 l{Syrtibus
183 3263 343 3324 maioribus
367 3262 402 3324 ad
423 3263 603 3324 occidentem
628 3271 659 3322 et
680 3263 736 3342 ipsi
759 3281 862 3323 versus
885 3261 1001 3322 harenis

30 3343 171 3423 circumdati,
186 3355 295 3425 puteos
312 3355 407 3408 tamen
418 3347 486 3408 haut
497 3347 614 3408 diiiicile
628 3347 723 3408 binum
734 3347 827 3408 herme
840 3347 1003 3407 cubitorum

31 3417 142 3488 altitudine
170 3431 322 3492 inveniunt
351 3431 390 3492 ibi
424 3433 659 3512 restagnantibus
683 3431 879 3492 Mauretaniae
909 3431 1000 3506 aquis.

32 3501 115 3572 honnus
128 3513 187 3576 sale
202 3517 349 3578 montibus
364 3518 426 3578 suis
444 3520 546 3579 ercisc
562 3537 616 3578 ceu
631 3516 727 3597 lapide
745 3522 923 3576 construunt.
954 3512 1001 3574 llo
1038 3571 1040 3576 ,
1139 3591 1140 3596 ¹
