2364 3930
175 163 240 228 222
519 160 547 215 0.
566 159 666 214 PLINI
685 157 841 216 suenum

175 313 334 394 aberravit,
357 310 449 372 odore
467 310 667 390 persequitur.
707 307 887 387 ubicumque
905 305 955 368 ille
974 303 1109 385 consedit,
1126 303 1156 364 ibi

176 411 351 465 cunctarum
374 407 471 462 castra
493 406 571 461 sunt.
754 447 757 456 .

140 499 174 547 55
242 485 324 574 (18)
357 490 442 552 Tunc
472 495 589 550 ostenta
618 488 732 548 iaciunt
759 488 872 566 privata
901 505 935 568 ac
964 485 1090 568 publica,
1117 503 1157 546 uva

174 580 359 662 dependente
382 581 414 640 in
437 577 574 640 domibus
598 577 789 658 templisque,
816 594 903 656 saepe
935 579 1049 657 expiata
1069 578 1158 654 magnis

175 669 338 732 eventibus
391 669 494 730 sedere
524 670 556 728 in
591 685 643 728 ore
677 667 798 728 inlantis
831 674 895 727 tum
929 669 1019 727 etiam
1045 665 1169 744 Platonica

174 763 349 822 suavitatem
375 758 455 819 illam
481 756 649 838 praedulcis
677 755 787 835 eloquii
814 756 1036 835 portendentes.
1077 755 1158 814 sedere

173 851 334 909 incastris
358 847 447 908 Drusi
469 848 672 926 imperatoris,
700 863 770 906 cum
792 847 996 924 prosperrime
1023 851 1157 925 pugnatun

173 938 251 1017 apud
279 936 457 997 Arbalonem
484 942 543 1017 est,
569 935 798 1014 haudquaquam
825 941 969 1015 perpetua
996 934 1159 1013 haruspicum

174 1029 361 1106 coniectura,
394 1028 446 1104 qui
480 1025 579 1086 dirum
608 1025 638 1085 id
669 1031 821 1086 ostentum
855 1025 1026 1086 existimant
1058 1039 1157 1102 semper.

121 1123 155 1173 56
174 1115 250 1176 duce
269 1133 380 1194 prenso
398 1121 494 1175 totum
513 1121 634 1176 tenetur
652 1131 767 1195 agmen,
785 1115 894 1174 amisso
908 1112 1048 1176 dilabitur
1064 1115 1169 1191 migrat-t

173 1223 231 1284 que
255 1204 291 1264 ad
310 1203 391 1265 alios.
428 1221 493 1264 esse
516 1204 620 1281 utique
644 1205 708 1264 sine
731 1221 802 1282 rege
826 1221 886 1264 non
907 1210 1043 1282 possunt.
1075 1203 1158 1263 invita

172 1301 272 1354 autem
290 1296 473 1354 interemunt
490 1310 551 1374 eos,
570 1309 640 1354 oum
652 1291 754 1371 plures
772 1293 867 1374 luere,
884 1294 1045 1372 potiusque
1062 1309 1157 1353 nascen-

172 1385 247 1444 tium
275 1381 377 1442 domos
407 1381 543 1463 diruunt,
576 1383 601 1441 si
630 1388 794 1460 proventus
826 1381 1012 1460 desperatur.
1054 1388 1117 1442 tunc
1137 1387 1157 1438 et

119 1481 153 1530 57
173 1473 257 1532 lucos
279 1471 410 1550 abigunt.
456 1488 634 1550 quamquam
661 1478 692 1531 et
714 1470 751 1530 de
773 1469 820 1531 his
847 1471 932 1532 video
960 1470 1086 1532 dubitari
1109 1487 1157 1549 pro·

171 1563 330 1640 prinmque
353 1561 389 1620 iis
412 1578 506 1639 genus
529 1577 595 1620 esse
619 1559 735 1639 aliquos
757 1561 936 1642 existimare,
958 1563 1038 1622 sicut
1059 1558 1169 1636 iuribus]

172 1649 375 1728 grandissimis
398 1648 575 1729 interillos,
598 1649 651 1710 sed
674 1651 768 1729 nigris
791 1649 909 1730 lataque
931 1649 1007 1732 alvo,
1028 1652 1068 1711 ita
1084 1647 1158 1728 appel·

171 1739 251 1820 latis,
280 1741 348 1817 qnia
376 1737 478 1798 lurtim
501 1737 645 1800 devorent
667 1738 761 1800 mella.
808 1747 924 1800 certum
950 1747 999 1800 est
1021 1739 1056 1800 ah
1077 1737 1169 1817 opilius¹

171 1829 256 1888 lucos
279 1827 416 1888 interfici,
460 1829 565 1906 utique
588 1845 692 1907 regem
713 1846 775 1888 non
797 1827 916 1890 hahent.
961 1837 993 1890 et
1014 1847 1072 1908 quo
1092 1825 1156 1887 modo

171 1919 235 1978 sine
259 1915 362 1978 aculeo
385 1924 545 1977 nascantur
567 1919 599 1978 in
623 1919 798 1997 quaestione
822 1925 876 1980 est.

117 2015 152 2064 58
237 2005 344 2067 Umido
366 2023 436 2066 vere
459 2005 565 2066 melior
594 2006 687 2088 letus,
717 2009 797 2068 sicco
825 2007 883 2068 mel
910 2009 1072 2088 copiosius,
1098 2001 1168 2083 quodi

171 2098 196 2157 si
215 2095 325 2156 deiecit
342 2095 455 2175 aliquas
474 2095 554 2156 alvos
573 2095 672 2177 cibus,
690 2098 835 2176 impetum
853 2099 885 2158 in
902 2099 1052 2176 proximas
1069 2095 1157 2155 iaciunt

170 2187 290 2264 rapinae
317 2187 480 2265 proposito.
524 2191 555 2245 at
577 2185 643 2246 illae
667 2193 772 2246 contra
794 2185 927 2266 dirigvmt
952 2188 1060 2268 aciem,
1083 2191 1120 2263 et,
1140 2183 1156 2240 si

171 2281 271 2334 custos
294 2273 385 2355 adsit,
414 2274 558 2335 alterutra
580 2292 663 2355 pars,
692 2292 767 2353 quae
791 2275 849 2336 sibi
875 2277 974 2336 lavere
998 2276 1095 2355 sensit,
1114 2287 1156 2330 non

170 2363 283 2442 adpetit
301 2381 378 2424 eum.
407 2381 443 2424 ex
462 2361 526 2424 aliis
548 2377 668 2443 quoque
692 2382 780 2444 saepe
808 2365 949 2426 dimicant
975 2365 1072 2425 causis
1092 2362 1156 2422 duas·

170 2471 228 2533 que
242 2455 321 2514 acies
335 2455 498 2514 contrarias
513 2452 648 2532 duosque
663 2454 858 2533 imperatores
876 2457 1037 2534 instruunt,
1055 2453 1155 2512 manime

170 2545 233 2603 rina
262 2544 294 2604 in
324 2541 523 2603 convehendis
552 2541 677 2604 llorihns
708 2550 824 2604 exserta
853 2551 884 2604 et
913 2561 983 2604 suos
1013 2540 1155 2621 quibusque

170 2631 369 2713 evocantibus,
392 2650 469 2711 quae
488 2630 637 2693 dimicatio
656 2633 768 2692 iniectu
786 2631 917 2712 pulveris
940 2637 992 2693 aut
1013 2632 1092 2692 inmo
1111 2637 1166 2689 total

38 2781 52 2806 ,
171 2722 338 2783 discutitur.
384 2720 616 2782 reconciliantur
638 2739 709 2782 vero
732 2721 808 2782 lacte
831 2716 877 2782 vel
899 2739 976 2802 aqua
997 2719 1096 2783 mulsa.

116 2820 150 2869 59
236 2805 290 2872 18.
315 2803 389 2892 (19)
413 2810 490 2891 Apes
510 2817 628 2872 suntet
647 2813 776 2872 rrrrticae
796 2810 1019 2892 silvestresque,
1043 2805 1155 2870 horridae

169 2907 304 2981 aspectu,
334 2898 428 2960 rnrrlto
454 2900 673 2982 iracundiores,
706 2901 758 2961 sed
786 2919 877 2981 opere
903 2919 936 2961 ac
966 2899 1066 2960 laboro
1092 2899 1165 2976 prae-l

170 2995 291 3049 stantes.
337 2986 519 3050 urbanarum
547 2991 605 3052 diro
633 3008 756 3069 genera:
784 2993 910 3070 optimae
937 2989 1043 3050 breves
1068 2987 1153 3046 variae·

170 3095 227 3156 que
252 3085 282 3138 et
304 3079 335 3138 in
358 3078 570 3140 rotunditatem
599 3079 802 3162 compactiles,
829 3080 992 3142 deteriores
1018 3076 1113 3156 longae
1134 3079 1153 3128 d

171 3227 385 3237 -—-————

242 3302 398 3356 lconeedit
411 3307 454 3356 do.
482 3320 562 3358 conc·
576 3321 600 3358 r.
679 3309 711 3358 18
731 3306 761 3359 et
777 3321 833 3372 quo
850 3319 904 3373 eqo.
932 3307 1035 3372 quot.
1062 3313 1122 3374 equo
1136 3298 1151 3344 l.

169 3387 282 3439 equor.
311 3373 360 3426 sed
379 3389 434 3441 quo
452 3389 477 3426 o.
558 3381 593 3428 20
611 3375 712 3430 melior
729 3381 785 3430 lio.
813 3391 863 3430 om.
881 3391 904 3430 ι.
984 3380 1015 3428 21
1035 3369 1150 3426 deficite

239 3447 273 3496 22
291 3443 423 3512 derigunt
435 3449 470 3496 nl.
488 3447 491 3509 Ι
508 3446 537 3497 et
554 3450 610 3500 lio.
638 3461 688 3501 oen.
704 3451 728 3500 d.
758 3446 783 3501 ei
797 3463 821 3502 r.
897 3451 939 3500 24.
950 3450 983 3500 25
1002 3445 1114 3510 duaeque
1127 3441 1150 3488 ΙΙ

168 3525 270 3589 oasqua
292 3529 338 3572 ro.
429 3519 464 3568 25
487 3514 612 3587 duosque
635 3522 671 3570 Ι,
708 3518 764 3572 dno
787 3533 832 3572 ro.
921 3523 956 3572 26
979 3517 1082 3571 exserte
1100 3507 1163 3563 Ill

167 3582 272 3634 meerta
291 3582 328 3636 d¹.
357 3587 454 3639 exerte
471 3591 522 3638 lta.
548 3588 646 3640 exorta
662 3587 761 3658 R(?)v.
835 3593 869 3643 28
887 3585 1094 3644 reconciliantur
1108 3577 1151 3634 edd·

168 3654 231 3702 ante
244 3651 336 3706 Hand.
365 3657 440 3710 -atur
459 3656 585 3712 llHard.
