2590 3934
403 193 487 248 Ner.
506 193 599 248 Hier.
611 193 658 247 ἸΧ
676 200 746 249 a-o
765 195 856 264 (2-5)
1074 192 1137 256 115

121 353 192 406 tano
215 363 326 405 oceano
353 347 502 405 marinum
525 343 676 404 hominem
699 352 762 404 toto
786 362 911 423 corpore
939 342 1074 405 absoluta
1097 345 1134 404 si-

121 434 298 496 militudine.
344 434 504 494 ascendere
532 453 602 494 eum
625 435 739 513 navigia
766 436 922 494 nocturnis
950 431 1135 514 temporibus

122 525 282 603 statimque
311 524 464 604 degravari
496 541 570 602 quas
597 522 741 583 insederit
767 531 867 602 partes
896 532 937 604 et,
970 525 996 583 si
1023 523 1135 583 diutius
1162 599 1167 608 ι

121 621 303 694 permaneat,
326 615 414 675 etiam
438 615 539 692 mergi.
586 611 706 672 Tiberio
728 613 863 692 principe
891 619 994 674 contra
1017 610 1134 691 Lugdu·

92 705 225 764 cnensis
248 705 417 782 provinciae
443 702 515 763 litus
542 701 692 762 ininsula
715 700 802 762 llimu
833 707 986 762 trecentas
1010 700 1136 781 amplius

121 791 225 853 beluas
253 794 442 874 reciprocans
471 792 607 853 destituit
638 809 768 852 oceanus
800 793 892 852 mirae
925 793 1076 852 varietatis
1105 799 1136 851 et

121 881 348 963 magnitudinis,
378 900 433 942 nec
456 883 613 961 pauciores
639 883 671 941 in
695 879 858 942 Santonum
881 880 968 942 litore
996 882 1134 959 interque

122 971 253 1050 reliquas
277 969 449 1050 elephantus
473 978 503 1038 et
521 971 632 1031 arietes
648 969 775 1031 candore
791 978 905 1031 tantum
922 967 1064 1030 cornibus
1087 968 1135 1030 ad·

122 1059 278 1142 simulatis,
300 1059 443 1122 Nereidas
461 1078 532 1122 vero
555 1059 672 1122 multas.
709 1059 908 1121 Turranius
930 1059 1061 1140 prodidit
1084 1077 1133 1120 ex·
1153 1071 1185 1121 11

79 1165 107 1206 10
121 1149 238 1228 pulsam
261 1149 379 1211 beluam
401 1152 432 1210 in
447 1149 590 1211 Gaditano
608 1149 696 1210 litore
720 1152 805 1210 cuius
828 1151 907 1211 inter
930 1150 1004 1211 duas
1022 1167 1135 1230 pennas

122 1235 245 1300 ultimae
272 1239 382 1300 caudae
411 1238 510 1301 cubita
538 1240 670 1301 sedecim
697 1240 837 1321 luissent,
870 1239 974 1300 dentes
1002 1239 1136 1300 eiusdem

123 1341 208 1411 cxx,
239 1331 358 1390 maximi
388 1328 578 1390 dodrantium
611 1347 765 1410 mensura,
796 1330 910 1389 minimi
943 1329 1136 1408 semipedum.

122 1416 227 1478 beluae
247 1420 296 1479 cui
310 1418 465 1480 dicebatur
483 1421 618 1500 exposita
632 1419 724 1480 luisse
739 1418 926 1478 Andromeda
944 1437 1011 1478 ossa
1026 1417 1135 1479 Romae

122 1515 276 1588 apportata
305 1527 341 1568 ex
368 1509 476 1588 oppido
504 1508 629 1570 Iudaeae
656 1508 726 1589 lope
759 1507 889 1568 ostendit
916 1509 995 1568 inter
1022 1506 1137 1586 reliqua

81 1610 107 1652 15
122 1596 265 1658 miracula
292 1599 324 1658 in
347 1597 494 1658 aedilitate
523 1617 576 1660 sua
598 1597 636 1658 M.
661 1597 792 1658 Scaurus
819 1597 1003 1676 longitudine
1026 1596 1137 1676 pedum

122 1699 179 1768 xn,
202 1686 356 1748 altitudine
381 1695 531 1748 costarum
550 1687 668 1748 Indicos
687 1686 860 1767 elephantos
883 1686 1054 1767 excedente,
1077 1687 1135 1765 spi·

123 1793 177 1836 nae
201 1777 397 1838 crassitudine
422 1777 629 1856 sesquipedali.

190 1861 224 1928 6.
249 1859 301 1948 (5)
333 1863 487 1927 Ballaenae
519 1875 550 1928 et
577 1868 607 1926 in
635 1874 738 1926 nostra
765 1867 857 1926 maria
883 1873 1050 1945 penetrant.
1105 1866 1189 1929 in12

123 1952 265 2016 Gaditano
289 1973 399 2016 oceano
428 1973 488 2016 non
512 1963 580 2016 ante
608 1954 745 2016 brumam
768 1956 901 2034 conspici
929 1972 978 2014 eas
1005 1953 1137 2034 tradunt,

82 2059 109 2100 eo
123 2043 211 2104 condi
235 2052 334 2105 autem
358 2047 442 2106 statis
465 2044 650 2125 temporibus
673 2047 705 2105 in
728 2044 859 2123 quodam¹
878 2045 946 2104 sinu
968 2042 1083 2123 placido
1107 2051 1137 2103 et

124 2135 224 2213 capaci
238 2136 313 2195 mire
327 2135 491 2214 gaudentes
505 2134 546 2195 ibi
560 2153 675 2214 parcre.
708 2133 765 2194 hoc
783 2135 860 2194 scire
877 2151 976 2215 orcas,
998 2133 1136 2193 infestam

123 2223 169 2283 bis
193 2222 310 2284 beluam
333 2232 363 2285 et
386 2227 472 2285 cuius
490 2227 587 2303 imago
612 2224 691 2285 nulla
714 2225 986 2304 repraesentatione
1011 2223 1148 2302 exprimi·

123 2313 218 2391 possit
252 2313 307 2372 alia
340 2332 428 2392 quam
456 2316 554 2374 carnis
585 2316 747 2374 inmensae
775 2311 914 2374 dentibus
941 2311 1136 2373 truculentae.

124 2403 300 2480 imumpunt
323 2421 393 2482 ergo
416 2405 448 2463 in
471 2411 587 2464 secreta
610 2421 644 2464 ac
668 2401 774 2463 vitulos
798 2420 900 2462 earum
923 2409 975 2462 aut
992 2402 1067 2462 letas
1091 2399 1189 2463 vel13

84 2505 110 2546 rs
124 2491 287 2550 etiamnum
305 2492 439 2570 gravidas
457 2491 607 2554 lancinant
625 2511 737 2573 morsu,
760 2493 943 2570 incursuque
962 2509 1018 2552 ceu
1031 2489 1136 2551 Libur-

123 2581 257 2640 nicarum
276 2582 383 2641 rostris
406 2581 531 2643 fodiunt.
568 2581 633 2647 illae
653 2581 690 2642 ad
710 2580 820 2641 flexum
843 2580 1007 2662 inmobiles,
1030 2579 1065 2640 ad
1090 2597 1135 2640 re-

123 2668 315 2749 pugnandum
338 2671 451 2732 inertes
474 2675 504 2732 et
526 2671 658 2750 pondere
673 2690 730 2732 suo
751 2677 899 2751 oneratae,
921 2676 993 2730 tunc
1017 2669 1136 2748 quidem

123 2767 153 2819 et
176 2767 263 2830 utero
287 2777 392 2838 graves
418 2761 588 2839 pariendive
616 2763 721 2840 poenis
750 2757 908 2841 invalidae,
936 2758 1032 2819 solum
1055 2759 1135 2818 auxi·

122 2848 195 2909 lium
210 2866 319 2910 novere
333 2851 365 2909 in
379 2848 471 2910 altum
489 2849 649 2930 profugere
669 2859 745 2912 etse
760 2857 823 2910 toto
838 2847 1003 2909 dillundere
1015 2865 1135 2908 oceano.

84 2952 111 2992 ³0
124 2946 227 2999 contra
250 2957 338 2999 orcae
362 2956 522 3000 occurrere
545 2938 681 2999 laborant
708 2956 834 3017 seseque
858 2955 1008 3018 opponere
1037 2944 1067 2997 et
1090 2954 1135 2997 ca·

123 3035 220 3088 reatos
243 3030 389 3106 angustiis
413 3027 573 3110 trucidare,
596 3030 628 3088 in
646 3027 718 3088 vada
741 3045 881 3108 urguere,
904 3029 982 3088 saxis
1002 3025 1136 3087 inlidere.

123 3149 334 3158 --o—--h--v—

195 3204 294 3253 2eum
311 3199 378 3255 Dal.
407 3218 471 3255 cum
490 3201 518 3256 ll.
587 3201 652 3255 oin
669 3205 700 3255 B.
719 3216 769 3257 om.
788 3216 810 3252 r.
828 3201 833 3268 1
849 3197 921 3252 rimu
938 3203 970 3252 B.
993 3197 1063 3252 rime
1080 3202 1137 3252 nr.

123 3287 204 3324 rumu
223 3273 268 3324 ed.
297 3270 380 3326 simul
398 3271 464 3327 Dal.
482 3272 486 3342 Ι
502 3274 642 3328 trecentas
660 3288 684 3328 o.
716 3274 769 3326 -tes
788 3271 816 3326 ll.
863 3269 1019 3338 areliquos
1037 3272 1136 3324 uren.

195 3347 228 3396 10
247 3341 477 3411 gaditanolitore
490 3343 535 3399 1².
562 3361 629 3400 -ano
641 3360 686 3400 ·ra
698 3361 742 3399 ru.
802 3347 837 3396 20
851 3341 948 3397 estatis
961 3340 1040 3395 ΒΨ.
1064 3342 1137 3395 cest·

123 3413 186 3468 1²²6,
223 3414 273 3481 cti.
297 3429 357 3468 noo.
377 3415 429 3470 luc.
449 3420 561 3484 p.101.
633 3421 669 3472 24
691 3414 765 3471 fetus
786 3420 840 3468 Re.
913 3417 946 3467 25
968 3411 1137 3481 incursuque

122 3486 177 3540 2¹11.
201 3501 298 3554 -seque
316 3485 383 3541 Ν.
409 3503 524 3556 -sueque
542 3505 565 3542 r.
616 3493 650 3544 26
669 3487 766 3544 rostri·
784 3486 843 3541 edu.
868 3501 925 3542 ·ros
942 3501 965 3540 r.
985 3484 1046 3540 Seli.
1066 3483 1136 3539 coci.

123 3559 220 3614 rostro.
294 3563 328 3612 29
347 3559 407 3614 tote
424 3558 469 3612 12¹.
492 3561 552 3614 tute
570 3558 614 3614 12².
644 3563 649 3628 Ι
682 3558 837 3616 diffundere
855 3563 879 3614 d.
908 3555 1056 3612 defendere
1074 3554 1136 3610 αὐ,

123 3628 239 3686 defiand-
258 3646 281 3684 r.
315 3629 365 3697 cfr.
385 3645 446 3685 noo.
466 3631 518 3686 luc.
535 3648 564 3700 p.
584 3635 630 3687 86.
734 3637 769 3687 30
788 3633 918 3688 eaveems
936 3634 968 3683 B.
1001 3629 1092 3684 -vutas
1110 3645 1135 3680 e.

122 3701 248 3758 incautos
267 3705 291 3756 d.
321 3703 434 3758 cevetcs
452 3718 475 3758 r.

873 3757 977 3846 ,μ
