2302 3938
158 212 220 278 192
509 226 539 278 a.
559 225 654 276 amur
673 227 824 278 succuum

157 393 188 445 et
210 383 327 445 easdem
350 383 446 463 giguit
464 381 624 458 aalmantes
647 381 808 462 iisdemque
830 381 1011 462 temporibus
1031 383 1144 460 augescit

158 470 251 529 uritur
269 471 346 528 inter
366 465 533 528 Tarraelios
552 465 718 545 Aethiopas.
738 475 769 527 et
786 465 971 528 Oechalicas.
999 466 1093 528 horum
1109 485 1144 546 op·

157 551 253 634 pidum
269 551 403 630 hlagium.
430 551 545 632 quidam
558 549 762 612 solitudinibus
774 552 1023 630 interposuerunt,
1038 549 1144 610 Atlantas

157 654 270 716 eosque
286 639 365 696 iuxta
381 636 550 715 Aegipanas
567 633 723 696 semiferos
746 643 777 698 et
796 634 961 712 Blemmyas
983 643 1014 696 et
1034 632 1144 724 Gampha-

158 730 255 781 santas
272 729 303 782 et
317 719 439 798 Satyros
456 727 487 780 et
502 717 739 800 Himantopodas.
772 719 909 780 Atlantes
925 718 1085 797 degeneres
1098 727 1144 778 sunt

107 805 270 866 cohumari
293 805 401 880 rituus,
429 804 454 864 si
475 805 628 866 credimus.
670 821 732 864 nam
756 822 853 882 neque
879 803 1024 864 nominum
1049 801 1144 862 ullorum

158 891 236 949 inter
251 890 333 968 Ipsos
349 887 507 968 appellatio
524 895 586 966 est,
612 895 642 948 et
662 887 756 948 solem
775 890 918 973 orientem
933 887 1144 964 occidentemque

159 973 221 1032 dIra
236 973 438 1052 inprecatione
454 980 629 1034 contuentur
645 980 676 1031 ut
696 972 844 1032 exitialem
858 974 932 1051 ipsis
952 973 1101 1050 agrisque,
1113 989 1144 1030 ue·

159 1059 266 1141 quala
288 1073 390 1116 somno
415 1057 512 1116 visunt
533 1055 627 1134 qualia
657 1055 763 1134 reliqui
787 1056 937 1117 mortales.
984 1053 1144 1132 Trogodytae

159 1159 284 1220 specuus
297 1148 449 1202 excavant.
474 1139 529 1201 hae
541 1139 599 1200 illis
612 1140 743 1219 domnus,
759 1141 853 1201 victus
867 1141 1046 1220 serpentium
1058 1157 1144 1212 carnes,

159 1225 344 1304 stridorque,
363 1243 420 1285 non
436 1241 504 1284 vox.
528 1225 601 1284 adeo
617 1226 762 1285 sermonis
780 1227 956 1286 commercio
973 1231 1080 1285 carent.
1109 1221 1144 1282 Ga·

157 1318 301 1370 ramantes
314 1311 558 1370 matrimoniorum
570 1317 707 1370 exsortes
721 1311 829 1389 passim
844 1327 908 1370 cum
922 1309 1039 1370 leminis
1055 1309 1144 1386 degunt

157 1393 283 1471 Augilae
307 1392 418 1454 interos
435 1399 546 1454 ‘tantum
573 1391 683 1454 colunt.
713 1392 941 1474 Gamphasantes
958 1393 1027 1454 nudi
1044 1391 1144 1472 proelio-

106 1481 139 1531 46
158 1495 278 1556 rumque
295 1485 435 1556 expertes
451 1476 520 1536 nulli
541 1484 663 1540 externo
684 1486 911 1558 congregantur.
942 1477 1094 1554 Blemmyis
1108 1486 1144 1536 tra·

157 1559 262 1622 duntur
285 1563 381 1640 capita
402 1561 509 1622 abesae
534 1579 587 1621 ore
609 1570 640 1622 et
659 1562 752 1624 oculis
775 1563 889 1642 pectori
906 1563 1021 1624 adfixis.
1059 1561 1144 1636 Satyris

158 1654 276 1724 praeter
294 1645 414 1723 liguram
428 1644 498 1705 nihil
512 1645 602 1706 moris
618 1645 740 1708 humani.
772 1646 955 1726 Aegipanum
971 1645 1067 1727 qualis
1081 1645 1144 1720 vulgo

159 1731 289 1810 pingitur
304 1731 406 1790 torma.
439 1729 668 1810 Himantopodes
684 1730 835 1810 loripedes
851 1731 964 1810 quidam
985 1731 1086 1810 quihus
1104 1747 1144 1788 ser·

157 1815 253 1894 pendo
270 1814 383 1892 ingredi
401 1823 501 1875 natura
516 1816 564 1875 sit.
592 1815 735 1894 Pharusii,
750 1815 894 1894 quondam
909 1815 1032 1890 Persae,
1050 1814 1136 1874 comite

157 1900 248 1959 luisse
272 1900 405 1961 dicuntur
425 1898 559 1974 herculis
585 1900 621 1959 ad
642 1899 821 1979 hesperidas
847 1900 1007 1961 tendentis.
1040 1897 1106 1958 'Nec
1123 1825 1144 1954 II

158 1981 260 2044 Alrica
277 1983 359 2063 plura
376 2001 449 2063 quae
464 1993 661 2046 memorentur
677 1993 840 2046 occurrunt.

106 2081 139 2129 47
226 2065 255 2128 9.
274 2065 334 2146 (9.)
349 2067 499 2128 Adhaeret
514 2069 598 2147 Asia,
620 2087 703 2148 quam
719 2079 852 2148 patarea
869 2067 1024 2149 Canopico
1041 2069 1109 2129 ostio
1123 2061 1143 2180 aq

157 2149 241 2210 Ponti
262 2153 367 2210 ostium
383 2150 587 2214 Timosthenes
601 2157 704 2238 p'ffir‘p
720 2151 874 2214 XXXVIII
887 2151 917 2212 Μ
932 2171 1070 2232 passuum
1083 2149 1142 2210 tradi

157 2234 210 2311 dit,
222 2234 258 2294 ab
275 2252 327 2295 ore
341 2243 437 2296 autem
447 2233 534 2296 Ponti
552 2237 587 2298 ad
604 2255 637 2298 os
650 2237 775 2298 Maeotis
788 2237 1004 2298 Eratosthenes
1016 2238 1081 2319 pi'v'p
1090 2233 1128 2294 XI

156 2317 185 2378 Μ
197 2336 287 2397 pass,
299 2321 462 2380 universam
475 2339 549 2381 vero
560 2339 623 2382 curn
636 2321 776 2402 Aegypto
788 2322 823 2383 ad
836 2321 952 2382 Tanaim
965 2319 1136 2383 Artemidoro

158 2412 187 2462 et
205 2403 333 2464 Isidorus
350 2406 412 2488 ΠΙ
433 2403 474 2464 lIl
496 2403 525 2464 Μ
549 2403 648 2466 DGCL
671 2424 748 2485 pass.
782 2403 873 2468 Illuria
889 2408 952 2468 eius
969 2407 1106 2486 conplura
1123 2399 1141 2460 al

106 2490 140 2542 48
157 2487 265 2548 accolis
281 2497 398 2549 traxere
414 2491 546 2566 nomina,
568 2509 658 2569 quare
683 2490 767 2550 simul
791 2490 1001 2572 indIcahuntur.
1038 2487 1141 2638 Proximq

158 2571 276 2634 Alricae
293 2573 429 2634 incolitur
443 2573 616 2653 Aegyptus,
638 2575 781 2636 introrsus
796 2574 831 2635 ad
844 2574 995 2636 meridiem
1015 2572 1139 2635 recedens

157 2657 252 2718 donec
281 2676 296 2718 a
327 2667 414 2736 tergo
440 2659 667 2737 praetendantur
693 2659 866 2739 Aethiopes.
906 2657 1080 2720 Interiorem
1102 2657 1140 2714 eiu

157 2751 269 2821 partem
280 2741 363 2803 Nilus
381 2741 503 2803 dextera
523 2743 665 2821 laevaque
683 2743 793 2816 divisus
813 2743 947 2823 amplexu
959 2761 1016 2804 suo
1036 2739 1140 2874 determpi

157 2835 220 2904 nat,
239 2825 389 2906 Canopico
407 2829 484 2887 ostio
500 2825 535 2887 ah
551 2826 670 2906 Africa,
692 2827 727 2887 ab
744 2827 816 2888 Asia
830 2827 999 2906 Pelusiaco,
1024 2823 1135 2887 CLXX

158 2927 292 2988 passuum
312 2911 479 2972 intervallo.
525 2908 617 2984 Quam
638 2911 676 2972 oh
693 2930 808 2974 causam
829 2914 905 2974 inter
923 2911 1035 2972 insulas
1056 2908 1139 2990 quidaq

157 2992 324 3073 Aegyptum
344 2995 485 3073 retulere,
505 2997 545 3056 ita
563 3014 596 3054 se
613 2997 739 3058 findente
756 2995 824 3057 Nilo
839 3005 871 3056 ut
887 2999 1057 3075 triquetram
1072 3003 1139 3096 terrq

157 3077 275 3155 figurem
303 3080 421 3139 alliciat.
464 3080 589 3157 ideoque
616 3081 695 3140 multi
723 3080 854 3142 Graecae
879 3081 998 3142 litterae
1024 3075 1138 3140 vocahul

156 3159 241 3221 Delta
256 3163 444 3242 appellavere
460 3164 634 3242 Aegyptum.
662 3163 798 3226 Mensura
813 3165 849 3226 ah
865 3167 975 3227 unitate
988 3165 1074 3240 alvei,
1090 3159 1138 3221 und

157 3265 189 3306 se
205 3247 325 3324 primum
344 3247 424 3308 lindit
443 3250 472 3308 in
490 3249 600 3327 latera,
616 3249 650 3310 ad
667 3247 843 3330 Canopicum
866 3251 970 3310 ostium
994 3245 1101 3310 CXLVI
1119 3217 1138 3326 II

156 3330 191 3390 ad
206 3329 387 3392 Pelusiacum
407 3329 524 3394 CLXVI
547 3332 576 3394 Μ
596 3343 652 3395 est.
688 3351 795 3396 summa
816 3353 884 3414 pars
907 3336 1084 3396 contermina
1103 3328 1137 3388 Ae

104 3420 138 3471 49
155 3415 285 3495 thiopiae
301 3414 427 3476 Thebais
443 3425 575 3478 vocatur.
613 3417 758 3480 Dividitur
777 3421 805 3478 in
821 3421 1021 3499 praefecturas
1044 3413 1137 3496 oppidu

155 3517 216 3560 rum
237 3519 308 3581 quas
331 3519 432 3562 nomos
457 3509 580 3564 vocant:
608 3502 760 3582 Ombiten,
789 3502 1066 3584 Apollonopoliten,
1091 3469 1137 3558 ΗΜ
