2340 3934
112 145 116 154 ·
137 118 181 182 42
485 111 515 168 c.
533 113 634 168 Ριιιιι
652 111 810 167 succum

82 276 134 328 167
145 274 288 349 quartana
310 265 454 328 liberatus
477 272 523 325 est
545 264 576 324 in
600 264 671 324 acic.
712 266 861 326 incertum
883 280 917 322 ac
940 259 1046 341 fragile
1068 261 1146 322 uimi-

135 375 205 420 rum
227 364 274 418 est
296 355 353 416 hoc
381 373 490 416 munus
518 360 656 434 naturae,
686 352 829 433 quicquid
852 352 939 413 datur
962 350 1066 432 nobis,
1095 368 1147 410 ma·

135 447 250 528 lignum
271 464 343 508 vero
366 452 397 506 ct
416 443 506 506 breve
530 445 620 504 etiam
642 444 674 504 in
696 443 744 504 bis
762 440 872 522 quibus
893 440 1063 521 largissime
1087 458 1147 500 con·

135 538 211 620 tigit,
229 537 403 598 universum
420 535 524 612 utiquc
543 534 608 594 aevi
625 540 743 613 tempus
760 530 956 594 intuentibus.
983 529 1059 610 quid
1078 528 1148 609 quod

136 627 339 688 aestimatione
362 631 526 685 nocturnae
546 623 655 702 quietis
673 622 795 684 dimidio
815 623 940 702 quisque
962 623 1063 701 spatio
1081 622 1167 680 vitaer

136 734 207 777 suae
230 717 313 797 vivit,
342 731 412 794 pars
441 730 535 792 aequa
561 713 652 772 morti
674 711 779 774 similis
807 713 935 791 exigitur
959 719 1011 772 aut
1035 727 1151 790 poenae,

135 806 194 866 nisi
212 806 336 884 contigit
350 798 459 883 quies?
482 820 538 862 nec
556 808 735 881 reputentur
747 801 888 862 infantiae
908 803 979 862 aurii
992 801 1050 880 qui
1069 817 1150 861 sensu

136 900 251 976 carent,
274 911 335 953 non
358 899 495 954 senectae
518 893 550 952 in
572 909 699 970 poenam
722 893 838 952 uvacis.
883 897 928 951 tot
950 889 1150 970 periculorum

135 1000 254 1066 genera,
276 990 321 1044 tot
344 980 450 1063 morbi,
473 989 518 1042 tot
540 988 647 1063 metus,
670 989 715 1042 tot
738 999 837 1062 curae,
861 978 1000 1058 [totiens]
1022 981 1151 1040 invocata

80 1080 135 1130 168
145 1080 241 1134 morte
264 1079 299 1133 ut
316 1071 433 1133 nullum
451 1070 638 1150 frequentius
662 1073 701 1132 sit
719 1078 829 1132 votum.
857 1078 965 1132 natura
987 1088 1063 1130 vero
1087 1067 1167 1128 nihili

135 1161 305 1223 homiuibus
323 1159 467 1222 brevitate
485 1162 562 1222 ritae
580 1162 729 1240 praestitit
751 1159 867 1222 melius.
897 1157 1071 1222 hebescunt
1094 1177 1151 1218 sen-

136 1271 197 1333 sus,
219 1249 352 1313 membra
370 1257 499 1332 torpent,
521 1251 722 1330 praemoritur
744 1252 835 1331 visus,
858 1249 987 1332 auditus,
1011 1251 1152 1326 incessus,

136 1341 241 1402 dentes
264 1343 353 1402 etiam
376 1359 410 1401 ac
433 1338 570 1402 ciborum
592 1341 800 1422 instrumenta,
823 1346 853 1400 et
875 1348 975 1401 tamen
997 1340 1080 1400 vitae
1103 1337 1151 1396 bor

135 1438 253 1510 tempus
277 1430 497 1492 adnumeratur.
542 1447 614 1509 crgo
637 1448 692 1508 pro
715 1428 858 1492 miraculo
882 1437 912 1490 et
934 1428 966 1490 id
988 1428 1152 1490 solitarium

136 1521 286 1599 reperitur
309 1519 477 1600 exemplum
499 1517 658 1598 Xenophili
681 1521 801 1601 musici,
824 1526 944 1580 centurn
967 1526 998 1579 et
1024 1519 1167 1598 quinque]

82 1617 135 1666 169
145 1610 230 1670 annis
252 1610 359 1670 vixisse
388 1611 452 1670 sine
475 1607 536 1670 ullo
564 1610 700 1688 corporis
722 1608 919 1670 incommodo.
972 1615 1003 1668 at
1028 1605 1151 1668 Hercule

136 1698 260 1778 reliquis
282 1697 421 1759 omnibus
443 1716 499 1777 per
521 1698 652 1777 singulas
677 1697 881 1760 membrorum
902 1705 1005 1778 partes
1031 1697 1167 1777 qualiter}

136 1787 225 1849 nullis
253 1786 317 1848 aliis
344 1787 520 1848 animalibus
550 1789 642 1849 certis
668 1789 793 1868 pestifer
822 1787 904 1848 calor
930 1795 1050 1848 remeat
1077 1787 1167 1847 horis*

136 1884 187 1938 ant
213 1879 307 1960 rigor,
340 1895 437 1958 neque
465 1877 547 1938 horis
575 1877 663 1938 modo
692 1877 745 1938 sed
767 1885 798 1938 et
820 1876 926 1938 diebus
953 1876 1150 1956 noctibusque

53 1971 58 1978 '
135 1968 223 2027 trinis
246 1967 449 2048 quadrinisvc,
476 1969 567 2028 etiam
589 1985 666 2028 anno
689 1974 762 2028 toto.
807 1975 895 2046 atque
919 1968 1010 2028 etiam
1035 1965 1166 2028 moroni

136 2064 182 2117 est
211 2056 317 2135 aliquis
346 2075 401 2136 per
433 2058 607 2136 sapientiam
639 2059 724 2118 mori.
776 2055 888 2117 morbis
921 2073 1046 2136 quoque
1080 2057 1166 2136 eninq

81 2152 135 2202 1t0
146 2144 287 2224 quasdam
314 2144 395 2226 leges
422 2153 528 2208 natura
549 2148 666 2226 posuit:
702 2146 840 2226 quadrini
867 2148 1013 2207 circuitus
1041 2141 1166 2206 febrem

135 2252 297 2313 numquam
323 2234 442 2318 bruma,
475 2253 638 2315 numquam
665 2234 798 2297 hibernis
830 2235 984 2297 mensibus
1012 2237 1152 2315 incipere,

136 2323 279 2402 quosdam
305 2332 374 2404 post
396 2327 634 2405 sexagensimum
657 2328 733 2387 vitae
757 2327 886 2405 spatium
912 2343 973 2386 non
1001 2326 1165 2402 accedere,

136 2413 209 2474 alios
231 2413 388 2494 pubertate
412 2415 530 2497 deponi,
552 2433 570 2474 a
592 2416 711 2476 leminis
728 2417 897 2496 praecipue,
921 2432 1009 2476 senes
1033 2417 1151 2476 minime

136 2505 247 2564 sentire
277 2503 485 2582 pestilentiam.
540 2523 668 2584 namque
700 2512 731 2566 et
759 2507 907 2566 universis
939 2503 1083 2584 gentihus
1113 2507 1150 2564 in·

136 2601 248 2672 gruunt
270 2592 376 2676 morbi,
400 2601 429 2656 et
449 2596 614 2674 generatim
631 2593 719 2655 modo
738 2595 867 2656 servitiis
885 2593 973 2654 modo
992 2611 1150 2674 procerum

136 2683 234 2744 ordini
257 2683 389 2762 aliosque
412 2701 468 2763 per
490 2683 620 2767 gradus..
648 2685 760 2763 quain
783 2702 816 2745 re
840 2683 1032 2746 observatum
1054 2703 1073 2744 a
1095 2702 1164 2772 mc,

135 2772 260 2833 ridianis
277 2772 412 2852 partibus
435 2773 472 2834 ad
490 2792 629 2834 occasum
652 2773 722 2834 solis
739 2773 939 2853 pestilentiam
962 2791 1084 2854 semper
1102 2773 1164 2841 irc*

135 2878 191 2920 nec
219 2879 360 2940 umquam
387 2862 473 2923 aliter
501 2863 577 2945 iere,
607 2882 667 2926 non
689 2862 801 2946 hieme,
833 2882 888 2924 nec
906 2871 949 2924 -ut
971 2870 1078 2924 ternos
1105 2787 1164 2940 err-⁴

82 2955 134 3004 1⁷1
146 2949 231 3011 cedat
256 2967 383 3012 menses.
435 2945 494 3015 bl.
528 2945 602 3036 (52)
640 2955 698 3014 iam
726 2954 809 3032 signa
836 2951 945 3014 letalia:
982 2954 1014 3013 in
1044 2953 1147 3014 luroris

135 3037 239 3100 morbo
258 3040 361 3122 risum,
380 3042 540 3120 sapientiae
559 3061 630 3103 vero
649 3042 833 3123 aegritudine
848 3041 1035 3122 fimbriarum
1052 3058 1163 3104 curan

136 3137 166 3191 et
180 3129 326 3210 stragulae
341 3132 433 3192 vestis
445 3130 614 3213 plicaturas,
628 3150 645 3192 a
659 3150 764 3193 somno
777 3133 960 3193 moventium
974 3131 1146 3212 neglectum,

138 3271 350 3282 Ἥ

207 3343 258 3392 1.2
281 3338 414 3393 nimirum
436 3337 514 3392 ΒΨ.
545 3339 664 3394 nimium
687 3356 732 3394 ro.
812 3347 828 3395 9
850 3341 968 3396 uncinos
988 3341 1073 3410 posui
1094 3355 1145 3410 epo:

135 3407 186 3473 cfr.
205 3409 257 3464 luc.
272 3425 303 3477 p.
313 3415 351 3465 90
368 3426 396 3463 o.
407 3415 451 3464 57.
507 3415 540 3464 15
559 3409 713 3480 Xenophili
731 3412 832 3467 musici
848 3411 893 3466 2².
916 3411 950 3465 ·li
968 3412 1092 3468 muniens
1108 3414 1143 3464 1².
1161 3419 1162 3438 ¹

136 3477 230 3532 -limns
248 3496 271 3533 r.
301 3481 306 3548 Ι
336 3482 448 3538 centnm
465 3485 519 3535 lid.
547 3481 699 3538 ducentum
717 3501 740 3538 r.
814 3489 846 3538 21
867 3483 1033 3554 sapiendum
1050 3481 1142 3536 ΜΨ.

136 3547 210 3602 locos
228 3550 318 3605 adhue
335 3557 482 3621 corruptus
500 3557 546 3607 eat.
566 3556 570 3622 Ι
591 3554 667 3608 enim
685 3571 795 3624 quoque
814 3561 845 3610 B.
901 3560 936 3609 24
954 3555 1081 3610 cecidere
1097 3556 1141 3605 lid

207 3625 240 3672 33
259 3622 433 3677 monentium
451 3628 475 3678 d.
503 3625 635 3679 morient»
654 3631 730 3680 ltro.
