2302 3938
137 205 201 272 212
481 216 513 268 o.
534 217 629 266 nunu
652 215 802 267 saeuum

139 387 218 454 tero,
234 383 265 438 et
280 375 310 438 in
323 373 497 436 Arconneso
513 371 651 452 oppidana
663 368 815 436 Ceramus.
846 369 876 432 in
891 366 992 432 Cariae
1007 385 1056 432 ora
1069 387 1131 448 quae

140 469 281 523 vocantur
301 460 412 538 Argiae
436 474 557 522 numero
578 453 651 534 XX,
674 463 705 518 et
721 453 886 532 llqetussa,
902 453 1023 534 Lepsia,
1043 452 1130 516 heros.

89 557 140 612 134
151 545 332 608 nobilissima
345 551 441 606 autern
456 543 486 602 in
500 559 538 602 eo
557 542 622 604 sinu
640 538 719 604 Coos
736 539 773 600 ab
787 537 974 602 Halicarnaso
990 537 1133 617 quindecim

140 631 199 692 mil.
212 647 349 709 passuum
363 627 485 704 distans,
500 627 622 688 eirenitn
637 621 671 702 C,
685 631 719 704 ¹ut
733 623 834 704 plures
850 623 1014 686 existimant
1027 621 1134 701 blerope

140 724 261 790 voeata,
284 709 344 774 Cea
361 719 392 772 ut
407 710 581 790 Staphylus,
596 707 728 789 bleropis
742 715 774 768 ιιι
791 707 967 786 Dionysius,
983 705 1052 770 dein
1064 703 1135 782 um-

140 799 242 880 phaea.
274 813 357 858 mons
372 795 412 856 ibi
428 794 528 873 Prion,
542 803 573 856 et
582 793 713 871 Nisyron
727 792 879 873 abruptam
892 791 936 854 illi
948 799 1059 872 putant,
1075 807 1135 870 quae

140 881 302 961 Porphyris
317 887 402 942 antea
422 878 498 940 dieta
513 887 570 940 est.
603 877 678 940 lliae
694 875 843 955 Caryaoda
859 889 923 940 οιιιι
942 875 1061 962 oppido.
1094 893 1137 936 nee

141 965 247 1046 procul
273 965 309 1028 ab
331 963 518 1026 Halicarnaso
539 962 690 1026 Pidossus.
731 961 761 1022 in
788 959 941 1024 Ceramieo
968 969 1063 1026 autem
1087 961 1137 1020 sinu

141 1050 377 1130 Priaponnesos‚
398 1045 626 1128 llipponnesos,
647 1047 794 1126 Pserima,
815 1045 953 1126 Lampsa,
975 1044 1137 1122 dempndos,

142 1133 279 1212 Passala,
296 1131 404 1212 Crura,
420 1131 648 1211 Pyrrhaaeiusa,
669 1131 810 1212 Sepiusa‚
825 1129 959 1207 blelano,
981 1128 1138 1210 paulumque

142 1237 160 1280 a
176 1219 345 1280 continente
361 1217 471 1279 distans
493 1235 569 1296 quae
584 1224 687 1278 voeata
708 1224 755 1278 est
772 1213 981 1296 Cinaedopolis
1002 1213 1138 1294 probrosis

142 1303 184 1366 ibi
200 1303 344 1364 relietisa
361 1319 435 1380 rege
454 1301 633 1364 Alexandro.

93 1400 143 1457 135
218 1385 302 1467 (37.)
324 1385 425 1447 loniee
442 1403 493 1446 ora
507 1384 628 1464 Aegeas
645 1393 676 1450 et
693 1381 822 1450 Corseas
837 1385 926 1448 habet
943 1393 975 1446 et
992 1381 1102 1460 haaron,
1114 1381 1141 1442 de

93 1491 200 1552 sesqua
216 1471 322 1533 diotnrn
337 1478 394 1548 est,
407 1468 506 1530 baden
520 1487 595 1549 quae
610 1471 691 1550 prius
703 1468 775 1532 hate
790 1470 959 1547 vorabatur,
974 1477 1064 1548 atque
1079 1469 1141 1528 inter

144 1555 293 1634 ignobiles
322 1554 433 1633 aliquot
459 1553 530 1616 duas
551 1551 707 1619 Camelitas
732 1553 837 1619 Mileto
865 1554 997 1632 vieinas,
1027 1551 1141 1630 bipeelae

144 1640 291 1720 Trogilias
307 1648 381 1715 tres,
396 1637 521 1716 Philion,
537 1638 710 1719 Argennon,
725 1637 897 1717 Sandalion,
912 1636 1022 1700 Samon
1037 1636 1142 1700 liberam

145 1725 268 1786 circuitu
291 1721 456 1799 LXXXVII
477 1723 508 1786 bl
533 1723 559 1783 D
584 1741 720 1802 passuum
743 1731 809 1802 aut,
834 1730 866 1786 ut
890 1719 1044 1802 Isidorus,
1072 1720 1093 1782 C
1114 1719 1142 1780 ll.

145 1809 328 1872 Partheniam
358 1809 480 1888 primum
509 1808 685 1888 appellatam
710 1807 892 1871 Aristoteles
916 1807 1023 1884 tradit,
1056 1807 1142 1950 posteq

145 1893 304 1970 Dryusam,
329 1892 434 1954 deinde
456 1891 672 1956 Anthemusam.
712 1892 908 1956 Aristocritus
932 1891 1023 1954 adieit
1045 1889 1136 1952 llelarn

145 1977 285 2058 phpllnm,
298 1977 366 2038 dein
378 1975 586 2056 Cyparissiam,
600 1977 648 2040 alii
659 1975 967 2054 Parthenoarrhusam,
978 1974 1141 2054 Stephanae

145 2080 245 2123 amnes
263 2063 293 2122 in
309 2079 344 2124 ea
359 2061 521 2140 Imbrasus,
539 2061 680 2140 Chesios,
701 2060 872 2139 Hibiethes,
887 2061 988 2124 fontes
1004 2059 1141 2140 Gigartho

145 2145 325 2224 Leucothea,
344 2161 426 2208 monn
440 2141 603 2210 Cereetius.
627 2146 761 2210 ediaeeat
776 2145 890 2208 insulae
907 2143 1064 2226 Rhypara,
1075 2075 1141 2222 Nm*

145 2229 257 2310 phaea,
271 2228 415 2290 Achillea.

97 2327 147 2382 lae
222 2311 305 2393 (38.)
329 2313 385 2375 Par
404 2313 537 2378 eleritate
556 2315 593 2377 ab
610 2333 645 2378 ea
663 2315 752 2378 distat
766 2312 919 2380 XCllllll
939 2331 1080 2395 passuum
1097 2329 1140 2374 curt

148 2398 258 2478 oppido
271 2395 360 2460 Chios
379 2398 489 2479 libera,
508 2418 591 2479 quam
601 2400 765 2462 Aethaliam
777 2399 912 2482 Ephorus
927 2402 1031 2481 priseo
1046 2379 1140 2494 nonin(

148 2483 295 2562 appellat,
313 2482 500 2546 Metrodorus
525 2493 555 2546 et
571 2482 731 2548 Cleobulus
748 2483 879 2548 Cbiama
895 2481 1009 2548 Chione
1026 2483 1139 2562 nympha

148 2568 236 2647 aliqui
258 2585 274 2628 a
294 2569 379 2646 niue,
403 2578 433 2630 et
450 2568 561 2632 llamin
580 2577 610 2632 et
627 2568 784 2646 Pityusam.
815 2577 941 2632 montera
961 2569 1054 2632 habet
1068 2568 1139 2629 Pelio

148 2671 262 2731 meeum,
278 2669 401 2714 marmor
421 2652 529 2716 Chium.
565 2655 688 2716 eirouitu
704 2651 856 2718 CXXVll
876 2672 1012 2734 passuum
1037 2653 1139 2766 eolligiq

148 2745 180 2796 ut
194 2746 313 2798 veteres
325 2736 483 2817 tradidere,
498 2738 629 2802 Isidorus
645 2737 728 2802 Vllll
741 2737 771 2802 M
786 2739 880 2802 adieit.
910 2739 1008 2818 posita
1025 2747 1073 2800 est
1087 2739 1138 2797 inte

98 2827 148 2882 137
161 2821 274 2882 Samum
291 2829 322 2882 et
336 2819 480 2899 Lesbum,
497 2839 536 2884 ex
550 2823 675 2886 aduerso
692 2825 815 2886 maxime
831 2821 1032 2901 Erythrarum.
1065 2823 1138 2884 Pinitl

149 2923 213 2966 mae
236 2913 301 2966 sunt
325 2904 445 2968 Tellusa
471 2924 554 2986 qaam
580 2907 628 2968 alii
652 2906 838 2988 Daphnusam
859 2908 1006 2986 soribunt,
1036 2907 1138 3050 Oenusq

151 2988 305 3068 Elaphitis,
321 2988 522 3069 Euryanassa,
539 2991 686 3070 Arginusa
703 3011 767 3054 eum
782 2993 902 3072 oppido.
936 2992 995 3054 lam
1013 2993 1072 3055 hae
1088 2994 1126 3054 eir

152 3071 301 3151 Ephesum
320 3081 349 3134 et
371 3093 446 3155 quae
461 3074 606 3136 Pisistrati
626 3085 767 3140 vocantur
781 3076 944 3154 Anthinae,
970 3075 1137 3155 ldqonnesot

152 3155 329 3219 Diarrheusa
347 3159 530 3239 (inutraque
548 3159 655 3240 oppida
670 3161 877 3242 intercidere),
892 3161 1080 3224 Poroselene
1102 3179 1132 3222 eu

153 3241 274 3322 oppido,
291 3240 412 3306 Careiae
419 3287 429 3322 ,
444 3243 568 3323 llalone,
586 3243 755 3325 Commone,
772 3245 880 3326 llletia,
897 3243 1022 3326 hepria,
1039 3245 1131 3307 Aethr

154 3325 305 3408 Sphaeria,
320 3325 480 3408 Proeusae,
491 3328 643 3410 Bolbulae,
657 3330 779 3410 Pbeate,
790 3330 924 3412 Priapos,
937 3330 1026 3410 syon,
1037 3329 1136 3408 blelanq

154 3412 282 3490 Aenare,
294 3409 406 3481 stenes,
419 3413 501 3491 Pele,
513 3413 664 3494 Drymusa,
677 3415 844 3495 Anbpdros,
857 3415 1011 3496 Seopelos,
1025 3415 1119 3493 Speos

103 3495 343 3575 138Marathusa,
370 3496 465 3576 Psile,
487 3497 695 3578 Perirrheusa,
715 3500 881 3583 multaeque
895 3499 1055 3580 ignobiles.
1088 3499 1129 3560 ele
