2414 3936
171 249 212 314 80
559 262 656 310 numu
672 261 821 314 saeuum

172 421 288 496 ardens,
314 429 382 498 post
408 418 538 495 radians,
566 417 610 477 bis
627 419 722 478 causis
740 433 854 478 conexo
867 419 930 478 visu
945 425 1083 479 eteorum
1096 436 1161 497 quae

127 514 166 570 80
175 505 257 566 caelo
285 505 474 564 continentur.
501 520 626 582 namque
652 501 738 562 modo
764 501 913 564 multitudo
943 501 1073 562 conferta
1097 504 1161 560 inest

175 591 253 650 eirca
273 588 406 650 dimidios
418 586 507 648 orbas
520 586 622 662 lunae,
645 585 760 664 placida
777 597 863 648 nocte
881 585 987 647 leniter
1004 585 1161 646 inlustrante

175 693 236 751 eas,
250 672 335 734 modo
350 671 462 746 raritas,
479 680 509 730 ut
520 668 631 748 fugisse
643 671 786 745 miremur,
801 671 958 750 plenilunio
973 670 1162 732 abscondente

174 767 221 820 aut
238 777 301 819 cum
319 756 389 818 solis
405 772 531 834 suprave
550 755 688 815 dictarum
704 755 775 816 radii
793 756 890 814 visuus
906 756 1107 834 perstrinxere
1122 771 1177 817 nou

175 854 261 904 stros.
292 842 407 920 etipsa
430 849 526 900 autem
546 838 612 900 luna
636 839 825 917 ingruentium
849 839 921 900 solis
942 839 1088 900 radiorum
1108 840 1164 899 haut

175 928 262 988 dubie
284 924 462 987 differentias
488 923 589 1000 sentit,
617 923 773 985 hebetante
799 933 899 985 cetero
926 923 1053 986 inflexos
1079 923 1164 984 mnndi

176 1012 360 1073 convexitate
376 1026 429 1070 eos
449 1017 653 1088 praeterquam
670 1007 717 1068 ubi
734 1009 809 1070 recti
829 1007 1001 1087 angulorum
1020 1015 1165 1089 conpetant

171 1096 380 1172 ictuusitaque
392 1093 422 1152 iu
432 1092 571 1174 quadrato
588 1093 659 1153 solis
676 1093 789 1155 dividua
806 1103 861 1171 est,
877 1095 905 1154 in
916 1093 1059 1174 triquetro
1073 1093 1164 1154 semin·

175 1183 221 1242 ani
237 1178 358 1240 ambitur
373 1176 462 1253 orbe,
489 1176 615 1257 inpletur
630 1185 723 1238 autem
741 1179 768 1238 in
784 1179 925 1254 adverso,
948 1196 1109 1258 rursusque
1126 1178 1185 1236 mitt

175 1283 267 1326 nuens
284 1262 402 1324 easdem
417 1261 532 1340 effigies
550 1262 668 1341 paribus
685 1262 744 1323 edit
761 1262 937 1340 intervallis,
964 1261 1051 1323 simili
1066 1263 1165 1323 ratione

176 1369 232 1430 qua
250 1365 337 1427 supra
353 1345 444 1406 solem
460 1347 512 1405 tria
529 1347 635 1407 sidera.

132 1434 167 1490 81
241 1433 289 1494 19.
308 1430 391 1510 (17.)
409 1429 461 1490 Sol
475 1438 570 1491 autem
585 1430 649 1510 ipse
665 1441 799 1510 quattuor
815 1433 994 1494 differentias
1010 1430 1115 1506 habet,
1131 1429 1166 1488 bis

176 1525 299 1598 aequata
317 1524 403 1575 nocte
420 1513 494 1590 diei,
517 1531 608 1575 verno
625 1523 654 1575 et
675 1525 825 1593 autumno,
851 1518 880 1576 iu
901 1526 1033 1577 centrum
1048 1515 1166 1575 incidens

174 1613 271 1665 terrae
299 1600 410 1661 octavis
431 1599 609 1678 inpartibus
632 1599 731 1661 arietis
752 1619 787 1662 ae
807 1601 916 1678 librae,
941 1600 987 1661 bis
1010 1600 1186 1680 permutatim

176 1687 287 1767 spatiis,
303 1685 331 1744 in
343 1693 457 1746 auctum
472 1683 530 1746 diei
545 1685 654 1760 bruma,
673 1694 776 1747 octava
791 1687 819 1745 in
836 1695 918 1765 parte
934 1685 1112 1765 capricorni,
1127 1700 1166 1742 no·

177 1773 232 1833 ctis
247 1787 319 1832 vero
335 1769 476 1845 solstitio,
499 1769 616 1830 totidem
633 1771 660 1828 in
678 1770 808 1848 partibus
825 1771 931 1832 cancri.
962 1768 1167 1848 Inaequalitatis

176 1874 263 1918 causa
281 1854 437 1936 obliquitas
453 1853 598 1932 signiferi,
619 1873 681 1914 cum
698 1872 766 1933 pars
781 1874 874 1935 aequa
889 1855 985 1916 mundi
1007 1872 1098 1933 super
1113 1850 1166 1912 snb·

174 1951 278 2022 terque
294 1949 388 2000 terras
401 1939 531 1998 omnibus
546 1938 594 1999 fiat
609 1935 769 2002 momentis.
788 1941 841 2000 sed
853 1958 927 2021 quae
940 1947 1024 2000 reeta
1035 1941 1065 1998 in
1077 1944 1167 1998 exortu

176 2043 228 2086 suo
246 2033 422 2101 consurgunt
438 2023 520 2100 signa
532 2022 663 2100 longiore
680 2032 772 2084 tractu
783 2033 882 2086 tenent
893 2025 1000 2101 lucem,
1019 2041 1096 2104 quae
1108 2035 1186 2082 veroa

177 2109 294 2188 obliqua
312 2109 412 2168 ociore
429 2115 578 2166 transeunt
593 2107 697 2186 spatio.

131 2199 167 2254 81
239 2191 288 2252 20.
310 2189 392 2271 (18.)
409 2189 490 2252 Latet
507 2191 665 2271 plerosque
683 2211 786 2270 magna
803 2192 878 2253 caeli
893 2192 1095 2254 adsectatione
1111 2209 1166 2250 eorr-

176 2285 289 2358 pertum
301 2295 316 2336 a
329 2275 507 2354 principibus
521 2277 668 2338 doctrinae
681 2277 751 2336 viris
763 2277 944 2355 superiorum
956 2277 1041 2337 trium
1054 2276 1167 2336 siderum

175 2367 259 2440 ignes
276 2377 344 2419 esse
370 2359 418 2439 qui
444 2359 558 2420 decidui
582 2360 618 2421 ad
644 2369 738 2422 terras
754 2361 900 2422 fulminum
919 2379 1027 2422 nomen
1041 2359 1166 2431 habeant,

175 2445 231 2507 sed
247 2445 375 2505 maxime
396 2462 434 2504 ex
448 2443 493 2505 bis
509 2445 604 2504 medio
621 2445 688 2506 loco
706 2445 762 2522 siti,
781 2445 913 2506 fortassis
928 2447 1065 2524 quoniam
1082 2453 1188 2504 cunta-u

175 2531 253 2610 gium
267 2529 343 2589 nimii
358 2530 466 2589 umoris
483 2548 520 2590 ex
538 2530 682 2608 superiori
699 2529 807 2590 circulo
824 2539 910 2610 atque
927 2529 1041 2590 ardoris
1058 2547 1096 2588 ex
1113 2525 1168 2586 sub·

175 2618 253 2676 iecto
270 2632 324 2692 per
338 2613 413 2674 bunc
428 2613 542 2675 modum
559 2623 670 2692 egerat,
687 2615 812 2694 ideoque
829 2614 933 2674 dictum
945 2611 1048 2674 lovem
1063 2612 1168 2672 fulmina

174 2697 303 2762 iaculari.
338 2715 410 2775 ergo
431 2708 493 2758 ute
516 2699 655 2775 flagrante
673 2697 751 2776 ligno
768 2697 856 2759 carbo
874 2717 937 2758 cum
960 2698 1084 2776 crepitu,
1106 2698 1168 2757 sica

176 2785 272 2844 sidere
291 2781 428 2844 caelestis
445 2784 519 2860 ignis
535 2784 686 2862 exspuitur
701 2785 845 2860 praescita
861 2801 961 2860 secum
975 2782 1125 2857 adferens,
1140 2799 1168 2838 ne

176 2867 308 2929 abdicata
330 2867 446 2946 quidem
466 2869 509 2929 sui
533 2867 662 2946 partein
685 2867 786 2928 divinis
807 2875 943 2930 cessante.
961 2867 1112 2946 operibus.
1135 2865 1187 2924 ida

177 2971 234 3031 que
255 2953 377 3012 maxime
399 2951 513 3014 turbato
535 2951 565 3012 lit
580 2969 667 3026 aere,
691 2952 756 3031 quia
774 2951 917 3014 collectus
932 2969 1015 3013 umor
1032 2949 1168 3012 abundat·

175 3038 243 3096 tiam
267 3035 390 3097 stimulat
409 3045 456 3098 aut
480 3037 546 3117 quia
565 3034 694 3096 turbatur
716 3036 840 3118 quodam
863 3055 918 3098 ceu
939 3037 1053 3116 gravidi
1076 3035 1170 3096 sideris

177 3128 269 3200 partu.

134 3209 170 3266 88
240 3203 290 3266 21.
311 3206 394 3286 (19.)
412 3203 567 3268 Intervalla
585 3222 702 3286 quoque
726 3205 852 3267 siderum
873 3215 983 3267 aterra
1005 3205 1086 3266 multi
1103 3204 1170 3264 inda·

178 3307 249 3367 gare
264 3298 454 3370 temptarunt,
479 3298 508 3349 et
528 3289 621 3351 solem
641 3291 748 3352 abesse
770 3309 787 3352 a
808 3291 874 3353 luna
895 3290 1188 3369 undevigintipartesa

179 3383 311 3453 quantam
327 3373 420 3434 lunam
436 3373 528 3453 ipsam
545 3393 561 3436 a
576 3383 655 3437 terra
669 3374 867 3455 prodiderunt.
899 3375 1080 3454 Pythagoras
1095 3389 1169 3446 vero,

178 3459 223 3518 vir
238 3459 352 3536 sagacis
367 3459 467 3536 animi,
489 3477 505 3519 a
526 3467 604 3521 terra
624 3459 660 3521 ad
675 3460 769 3522 lunam
786 3470 900 3522 centnm
917 3461 1017 3538 viginti
1034 3457 1169 3520 sexmilia

180 3541 335 3604 stadiorum
351 3561 418 3604 esse
436 3542 565 3625 collegit,
573 3544 608 3606 ad
625 3544 718 3607 solem
735 3544 771 3608 ab
786 3564 821 3609 ea
833 3544 966 3626 duplum,
982 3544 1049 3607 inde
1062 3543 1097 3608 ad
1109 3543 1169 3606 duo·
