2308 3936
215 237 292 286 nar.
314 239 406 290 urar.
429 240 452 288 1.
476 230 563 304 (aur.
587 243 678 290 xrnr.
701 231 772 305 xvh
958 223 998 290 27

42 393 122 469 primum
135 391 186 452 vini
197 402 332 472 quattuor
344 413 453 473 genera
464 399 570 476 posita.
598 395 670 476 (18)
683 417 720 457 ex
732 397 865 457 labrusca
875 394 999 458 usuosll.

41 479 68 552 pri
79 475 255 554 frigidissimos
270 487 372 542 natura
384 499 480 542 sucus.
507 478 579 560 (19)
591 483 649 540 vini
661 482 758 542 liotioii
773 499 883 558 genera
895 478 1000 542 bXVl.

39 556 83 638 (20)
99 558 241 636 hydromeli
257 565 322 624 sive
344 565 469 644 apomeli
486 567 548 626 sive
562 565 745 642 melicraton,
768 563 842 646 (21)
861 565 999 642 oxymeli.

38 640 82 720 (22)
92 647 137 704 rini
149 647 307 724 prodigiosi
321 667 431 727 genera
442 648 507 714 llll.
530 647 602 728 (23)
615 649 719 728 quibus
732 651 806 710 vinis
820 650 855 712 ad
866 667 947 710 sacra
958 651 999 709 uti

26 728 62 786 rin
71 745 112 787 rou
123 729 164 788 sit.
186 727 250 808 (24.
261 729 331 811 25.)
344 734 447 812 quibus
459 735 619 812 generibus
628 743 720 794 musta
732 733 867 795 condiant
879 728 951 818 (25.
964 733 1000 794 de

37 813 84 888 pice,
97 811 220 902 resinis).
252 815 326 895 (26)
342 817 378 878 de
394 827 491 896 aceto,
512 819 549 879 de
564 819 658 880 faece.
689 816 762 898 (27)
778 820 907 880 derasis
924 820 1001 878 vina·

36 897 74 970 riis,
86 895 113 956 de
126 898 211 959 cellis.
248 899 323 980 (28)
346 902 381 964 de
397 903 552 964 ebrietate.
586 901 659 982 (29)
681 922 719 964 ex
733 921 807 982 aqua
823 912 854 964 et
868 903 1001 980 frugibus

35 981 70 1038 riri
82 983 125 1040 rim
137 983 205 1044 lieri.
235 984 368 1046 Summa:
383 1005 434 1050 res
450 997 480 1049 et
495 987 636 1048 historiae
652 995 683 1047 et
699 987 922 1048 observationes
936 984 999 1046 DX.

13 1067 14 1070 ’
73 1063 107 1123 Er
118 1069 297 1131 auctoribus:
322 1069 461 1133 Cornelio
478 1071 649 1150 Valeriano,
665 1071 811 1150 Vergilio,
829 1069 930 1146 Celso,
948 1067 1002 1130 Ga·

18 1154 223 1231 ittorecensorio,
245 1154 382 1217 Saseruis
405 1166 488 1235 patre
510 1165 540 1216 et
557 1157 636 1231 lilio,
660 1157 778 1229 Serota,
799 1153 837 1215 bl.
855 1155 1001 1228 Varrone,

34 1232 156 1314 lhiilauo,
182 1237 275 1300 Fabio
298 1240 432 1317 Pictore,
456 1240 574 1318 Trogo,
597 1238 730 1317 Hygino,
758 1239 864 1300 Flacco
880 1238 1000 1314 Verrio,

13 1313 149 1397 ,Gracchum
170 1321 270 1384 Attico
293 1324 387 1402 lulio,
412 1322 589 1401 Columella,
611 1324 739 1384 lilasurio
762 1323 886 1400 Sabino,
908 1321 1001 1383 Fene·

13 1421 14 1434 ¹
33 1402 98 1478 atella,
111 1403 244 1484 Pergilla,
260 1407 374 1469 blaceio
390 1409 508 1487 Plauto,
524 1409 616 1470 Fabio
631 1408 780 1486 Dosseno,
796 1407 949 1484 Scaevola,
968 1406 1000 1466 L.

13 1517 14 1534 .
34 1485 99 1564 helio,
111 1487 192 1549 Ateio
210 1489 367 1571 Capitone,
386 1491 473 1554 Cotta
487 1492 658 1568 Messalino,
680 1491 711 1554 L.
727 1492 846 1569 Pisone,
861 1491 1001 1570 Pompeio

17 1567 124 1651 clerano,
136 1572 277 1654 Pabiano,
294 1577 397 1638 Sextio
412 1576 517 1655 Nigro,
533 1577 623 1638 Vibio
635 1577 749 1638 Rufino.
774 1576 929 1637 Externis:
945 1574 1002 1636 lle·

33 1654 101 1732 siolo,
121 1655 344 1739 Theophrasto,
365 1662 547 1740 Aristotele,
568 1662 755 1738 Democrito,
770 1661 900 1721 llieroue
916 1679 1001 1737 rege,

32 1735 184 1804 Philometore
197 1763 285 1824 rege,
298 1745 399 1806 Attalo
412 1765 496 1825 rege,
509 1747 649 1824 Archyta,
662 1744 870 1825 Xenophonte,
886 1744 1003 1822 Amphi·

34 1821 88 1882 lorho
101 1825 257 1906 Athenaeo,
281 1830 439 1910 Anaxipoli
455 1829 575 1908 Phasin,
591 1830 775 1910 Apollodoro
791 1829 921 1905 Lemnio,
936 1827 1003 1887 Ari·

12 1967 14 1976 ,
33 1907 133 1985 stophaue
148 1911 276 1992 blilesio,
293 1913 443 1994 Antigono
461 1913 600 1991 Cymaeo,
623 1914 787 1992 Agathocle
804 1912 890 1989 chio,
911 1912 1003 1990 Apol-

12 1977 82 2051 'ohrio
91 1993 283 2076 Pergameno,
291 1999 465 2060 Aristandro
477 1993 768 2078 Athenaeo,[Botrye
780 1992 872 2080 item,]
879 1996 1002 2057 bacchio

34 2070 123 2156 lilesio,
137 2079 226 2143 Bioue
242 2083 382 2158 Solense,
399 2081 533 2144 Chaerea
544 2083 736 2160 Atheniense,
753 2081 907 2142 Chaeristo
922 2083 1002 2157 item,
1078 2120 1082 2128 -

34 2155 125 2222 liiodoro
137 2164 291 2246 Prienaeo,
306 2167 421 2228 Dinone
434 2166 629 2248 Colophonio,
644 2167 780 2246 Epigono
791 2166 916 2242 Rhodio,
929 2163 1004 2224 Eua-

33 2257 81 2315 yone
94 2245 206 2329 Thasio,
229 2250 402 2333 Euphronio
417 2252 590 2330 Athenaeo,
611 2251 793 2312 Androtione
811 2250 910 2329 quide
926 2252 1002 2326 agri·

33 2326 108 2390 oritura
126 2337 259 2413 scripsit,
286 2336 471 2398 Aeschrione
495 2339 543 2416 qui
559 2339 644 2414 item,
665 2334 836 2411 Lysimacho
857 2336 905 2412 qui
921 2335 1002 2410 item,

12 2406 133 2488 ³tliorysio
149 2423 194 2496 qni
210 2419 369 2498 Magonem
382 2421 543 2499 transtulit,
565 2420 718 2498 Diophane
734 2421 781 2497 qui
802 2437 840 2479 ex
859 2417 1002 2491 Dionysio

33 2497 119 2571 epitoma
137 2502 224 2582 lecit,
246 2505 427 2584 Asclepiade
448 2505 578 2582 medico,
604 2505 783 2564 Erasistrato
801 2504 890 2579 item,
919 2499 1003 2560 Gom·

12 2599 13 2644 i
33 2581 93 2641 riade
106 2588 145 2662 qui
162 2588 197 2649 de
213 2589 368 2650 conditura
387 2591 446 2650 riui
468 2591 603 2668 scripsit,
627 2587 830 2648 Aristomaeho
851 2588 900 2665 qui
922 2587 1002 2662 item,

33 2657 113 2728 hicesio
126 2674 169 2749 qui
184 2675 275 2753 item,
292 2673 469 2736 Themisone
486 2673 615 2752 medico,
631 2671 817 2750 Onesicrito,
834 2670 905 2732 luha
921 2688 1002 2746 rege.

12 2805 14 2834 Ξ
71 2749 140 2814 libro
154 2755 218 2818 XV.
237 2760 427 2818 continentur
441 2767 560 2818 naturae
575 2757 779 2836 frugiferarum
795 2755 939 2815 arborum.
967 2753 1001 2831 (1

17 2830 128 2910 hayus
142 2840 204 2902 olea
223 2835 382 2927 (quamdiu
398 2843 472 2921 apud
488 2840 616 2902 Graecos
638 2849 747 2901 tantum
766 2841 864 2900 luerit.
889 2837 1002 2917 quando

35 2918 115 2989 primum
128 2925 154 2983 in
168 2924 263 3004 ltalia,
279 2925 431 3005 llispauia,
451 2926 552 2986 Africa
568 2945 637 2986 esse
652 2925 795 3002 eoeperit.
823 2921 854 2984 2.
871 2923 907 2984 de
924 2922 1001 2982 oleo.

35 3003 125 3065 rationes
140 3019 167 3068 et
181 3011 332 3072 bonitates
349 3011 417 3071 olei.
442 3009 473 3072 3.
491 3029 565 3088 quae
581 3019 682 3070 natura
699 3007 794 3068 olivae
811 3016 842 3068 et
858 3007 916 3068 olei
933 3008 1002 3066 iuci-

36 3085 114 3155 lientis.
139 3091 166 3154 4.
183 3095 327 3156 olivarum
347 3113 459 3173 genera
473 3093 540 3155 XV.
569 3093 600 3157 5.
624 3094 661 3154 de
678 3101 779 3152 natura
796 3091 866 3152 olei.
898 3089 927 3153 6.
944 3091 1004 3150 cul·

36 3173 72 3227 trra
84 3171 202 3242 olearum.
228 3181 265 3241 de
280 3179 434 3240 servandis
446 3178 540 3238 olivis.
565 3177 710 3256 quomodo
721 3175 883 3236 laciendum
895 3175 1001 3235 oleum.

18 3245 51 3306 tl.
62 3253 103 3316 olei
116 3259 202 3324 ficticii
224 3281 341 3350 genera
356 3261 487 3323 th'lll.
510 3264 563 3322 cici
581 3262 669 3322 arbor
688 3262 751 3320 sive
774 3268 858 3320 croto
876 3260 940 3320 sive
956 3259 1003 3319 sili

37 3335 73 3394 sire
89 3359 214 3407 sesamon.
246 3347 278 3410 8.
300 3347 338 3408 de
362 3341 507 3434 amurca).
544 3345 681 3424 (9-34)
703 3345 855 3404 Pomorum
879 3344 1004 3402 omnium

37 3433 108 3490 littra
121 3437 147 3486 et
160 3441 257 3494 natura
275 3427 403 3517 (nucum
414 3434 565 3510 pinearum
575 3447 687 3508 genera
703 3425 770 3503 llll,
787 3424 846 3488 ¹10.
864 3434 1005 3487 cotoneo-

38 3517 73 3562 rm
88 3527 179 3585 genera
197 3515 270 3596 llll,
298 3515 488 3576 struthiorum
506 3533 618 3592 genera
638 3511 710 3589 llll,
746 3509 795 3570 11.
817 3508 1007 3573 Persicorum
