2286 3938
145 164 180 273 Ι4
506 209 535 264 0.
554 207 654 263 PLINI
673 209 831 266 SECUNDI

157 379 217 421 non
241 363 355 440 spirare
379 359 460 420 caelo
483 359 610 439 ideoque
634 361 670 420 ad
689 361 830 422 finitimos
853 378 940 439 reges
962 379 1020 420 non
1036 358 1132 439 pertrab

157 469 255 530 neque
278 451 314 511 ad
329 449 528 510 Alexandrum
541 449 680 528 Magnum
698 457 864 529 pertractos
879 449 1012 510 Baeton
1028 451 1134 510 itinemn

105 549 137 594 12
157 543 223 602 eius
250 557 371 600 mensor
398 539 537 619 prodidit.
582 541 699 619 priores
722 539 1001 619 Anthropophagos,
1031 557 1096 616 quos
1118 557 1134 596 a

157 631 393 710 septentrionem
420 647 485 688 esse
509 628 651 710 dirime,
683 629 788 689 decem
810 628 928 690 dierum
953 630 1057 688 itinere
1077 645 1134 705 supe

156 717 362 799 Borysthenen
390 736 507 778 amnem
535 717 653 778 ossibus
681 717 881 790 humanorum
913 720 1043 798 capitum
1066 716 1134 776 biber

157 808 337 887 cutibusque
366 825 434 868 oum
462 806 568 887 capillo
595 826 650 888 pro
677 807 858 869 mantelibus
885 815 968 868 ante·
981 814 1095 886 pectora
1115 813 1134 864 ut

155 897 323 977 Isigonus
353 896 533 958 Nicaeensis
586 897 679 957 idem
707 899 739 958 in
770 896 892 956 Albania
920 898 1003 976 gigni
1032 895 1134 974 quosdar

156 986 258 1065 glauca
287 985 444 1046 oculorum
470 987 533 1048 acie
562 1005 578 1046 a
605 988 735 1066 pueritia
763 988 864 1047 statim
891 1003 982 1046 canos
1011 988 1060 1065 qui
1079 993 1134 1044 noct

154 1075 223 1155 plus
251 1094 340 1155 quam
372 1076 503 1136 interdiu
532 1084 664 1136 comant.
710 1075 803 1136 idem
832 1077 940 1136 itinere
970 1075 1084 1136 dierum
1106 1083 1134 1132 tu

156 1164 253 1226 de'cim
276 1183 366 1245 supra
383 1163 590 1244 Borysthenen
609 1165 799 1226 Sauromatas
821 1166 911 1226 tertio
933 1165 982 1225 die
1008 1163 1099 1224 cibum
1116 1179 1134 1220 u

156 1272 228 1333 pere
252 1272 379 1334 semper.

104 1351 136 1396 13
224 1342 350 1404 Grates
368 1343 570 1422 Pergamenus
589 1347 621 1406 in
634 1343 828 1424 Hellesponto
848 1345 927 1404 circa
941 1343 1064 1403 Parium
1080 1359 1134 1420 geu

156 1432 312 1492 hominum
334 1433 437 1513 luisse,
460 1452 535 1510 qrros
559 1433 748 1514 Ophiogenes
771 1440 865 1514 vocat,
889 1435 1076 1512 serpentium
1095 1434 1134 1490 ich

157 1529 296 1582 contactu
320 1521 417 1582 levare
441 1520 545 1582 solitos
569 1531 600 1583 et
621 1540 712 1584 manu
734 1525 864 1603 inposita
882 1540 999 1582 venena
1024 1521 1134 1582 extraho

157 1614 284 1691 corpori.
311 1610 417 1671 Varro
442 1613 605 1673 etianurum
627 1631 694 1673 esse
717 1631 829 1692 paucos
851 1611 893 1672 ibi
916 1630 1051 1716 quorum
1072 1609 1134 1670 salin

96 1695 138 1755 '14
157 1707 261 1761 contra
288 1702 366 1761 ictus
395 1702 580 1779 serpentium
607 1700 791 1762 medeantur
838 1701 942 1762 similis
971 1710 1005 1762 et
1028 1704 1059 1762 in
1081 1700 1134 1758 ltu

135 1789 324 1870 Psyllorum
346 1809 420 1894 gens
442 1791 512 1871 luit,
535 1799 569 1850 ut
591 1790 879 1869 Agatharchides
902 1789 1026 1872 scribit,
1043 1789 1126 1868 aPsy

156 1898 227 1959 rege
252 1881 343 1961 dicta,
373 1881 459 1940 cuius
488 1838 715 1984 shpulchrum'
707 1899 738 1940 ιιι
761 1887 845 1959 parte
870 1877 1008 1959 Syrtium
1037 1882 1132 1940 maioru

157 1978 211 2030 est.
257 1928 365 2030 horuhn
393 1971 513 2048 corpori
535 1971 650 2048 ingenit
650 1988 701 2030 um
724 1969 781 2048 furt
803 1971 886 2030 virus
914 1969 1037 2031 exitiale
1060 1985 1133 2048 serpe

157 2057 238 2118 tibus
267 2067 297 2118 et
324 2061 410 2120 cuius
438 2059 529 2120 odore
558 2061 692 2138 sopirent
715 2077 778 2139 eas;
810 2077 875 2120 mos
898 2077 970 2118 vero
996 2059 1133 2206 liberosy

157 2149 236 2207 nitos
264 2149 401 2226 protinus
428 2147 577 2208 obiciendi
605 2150 782 2209 saevissimis
811 2163 914 2208 earum
942 2167 1045 2229 eoque
1072 2165 1120 2228 gen

157 2236 331 2316 pudicitiam
354 2239 514 2340 coniugum
538 2238 724 2318 experiendi,
749 2256 810 2298 non
831 2237 1078 2342 profugientibus
1098 2237 1132 2338 ady

118 2349 122 2360 ·
157 2327 255 2396 torino
283 2328 426 2405 sanguine
455 2334 540 2388 natos
568 2326 767 2406 serpentibus,
819 2326 893 2388 haec
920 2345 997 2406 gens
1026 2330 1089 2408 ipsa
1112 2341 1132 2474 oy

158 2415 227 2476 dem
255 2433 349 2495 prope
379 2417 576 2477 internicione
606 2415 721 2477 sublata
753 2425 800 2476 est
830 2435 846 2476 a
875 2415 1097 2478 Nasamonibus

158 2523 239 2564 nunc
263 2522 312 2565 eas
335 2511 440 2565 tenent
463 2505 562 2586 sedes,
587 2523 683 2584 genus
705 2514 805 2566 tamen
828 2505 985 2566 hominum
1011 2526 1049 2567 ex
1072 2509 1129 2566 iis«

158 2596 353 2674 profugerant
377 2602 429 2655 aut
451 2612 520 2656 cum
543 2603 708 2674 pugnatum
731 2603 777 2656 est
800 2596 936 2656 aluerant
959 2595 1110 2675 hodieque

108 2691 140 2738 tu
160 2693 261 2745 manet
277 2687 309 2745 in
327 2685 439 2764 paucis.
470 2683 565 2744 simile
585 2687 665 2745 etin
683 2683 765 2745 ltalia
784 2683 951 2746 Marsorum
968 2703 1070 2764 genus
1087 2686 1130 2744 dur

160 2793 235 2854 quos
263 2792 279 2833 a
308 2773 410 2834 Circae
438 2773 498 2833 fibo
528 2781 610 2834 ortos
639 2775 741 2836 lerunt
772 2783 803 2835 et
829 2775 897 2835 ideo
924 2776 1030 2836 inesse
1060 2777 1096 2834 iis

160 2863 325 2922 naturalem
345 2881 417 2922 earn.
460 2871 611 2924 ettamen
634 2863 772 2924 omnibns
795 2863 964 2924 hominihus
990 2789 1130 2926 contra-h

159 2959 266 3031 pentes
284 2953 363 3011 inest
385 2971 541 3035 venenum,
564 2953 725 3032 feruntque
748 2955 826 3014 ictus
849 2952 955 3013 salivae
979 2962 1019 3014 ut
1042 2954 1129 3020 ferrer

161 3057 253 3119 aquae
282 3048 451 3101 contactum
479 3042 590 3121 lugere.
637 3043 717 3122 quod
740 3045 766 3102 si
788 3044 820 3102 in
842 3043 944 3102 lauces
966 3052 1127 3122 penetrare

161 3132 251 3190 etiam
272 3132 362 3209 mori,
385 3130 475 3209 idque
499 3133 634 3191 maxime
647 3131 768 3192 humani
791 3133 884 3192 ieiuni
907 3133 976 3192 oris.

229 3219 325 3299 Supra
342 3218 522 3280 Nasamonas
542 3220 733 3300 confinesque
752 3221 809 3282 illis
823 3219 969 3300 Machlyes
985 3222 1128 3300 Androgyt

163 3363 377 3372 ——---.—-·---

224 3429 447 3485 irriceeeneisd.
465 3429 630 3484 iceensisr
671 3427 968 3484 8elt²d1lohomc
1031 3429 1127 3484 emt

162 3499 252 3554 decim
274 3500 318 3555 nt
346 3499 413 3554 ΧΙΠ
436 3507 463 3554 Τ.
492 3500 583 3556 decim
606 3500 708 3554 n¹rlt¹
733 3501 844 3571 (mame
861 3499 902 3552 III
918 3504 1042 3568 propter
1061 3501 1127 3564 m).

163 3587 269 3628 cemr.
342 3577 376 3626 27
400 3573 546 3654 gentian.
575 3588 709 3642 genuen.
776 3571 988 3640 deferantque
1015 3573 1104 3625 1t²m

162 3639 686 3712 a⁹ttfenmhe11ctuus1t⁹om
705 3643 1068 3700 1t¹.1ctudh1ctasro
1091 3647 1126 3710 ts

162 3716 282 3766 vaed'i.
309 3719 404 3769 &velt
428 3731 552 3770 Urere
1125 3735 1126 3780 y
