2286 3938
262 135 346 192 nau.
365 135 457 190 msr.
476 135 529 189 uu
548 141 618 190 s-e
638 137 728 206 (2-3)
982 135 1003 201 9

15 284 199 346 solitudinibus
226 286 379 346 bominum
409 288 524 365 species
552 285 654 346 obuiae
687 285 813 348 subinde
840 287 916 347 fiunt
943 305 1004 348 mo·

14 383 148 453 mentoque
171 383 361 436 evanescunt.

63 464 134 524 llaec
153 472 243 544 atque
257 465 326 525 talia
346 483 380 525 ex
395 465 550 526 bominum
564 483 674 544 genere
688 465 816 526 ludibria
830 465 900 547 sibi,
919 465 1005 527 nobis

12 554 137 636 rniraeula,
158 556 315 634 ingeniosa
337 555 408 616 iecit
430 563 543 616 natura.
585 562 616 614 et
638 554 763 633 singulis
786 555 906 634 quidem
930 573 1005 635 quae
1112 567 1115 574 '

13 645 65 703 lacit
88 645 115 702 in
138 644 203 704 dies
232 662 266 704 ao
289 661 382 723 prope
405 644 495 704 horas
523 645 590 723 quis
619 661 794 704 enumerare
818 641 933 705 valeat?
969 645 1005 705 ad

11 733 182 811 detegendam
201 735 268 794 eius
286 736 448 813 potentiam
470 736 543 794 satis
562 735 601 794 sit
619 736 698 794 inter
716 734 851 812 prodigia
868 735 1005 813 posuisse

10 830 100 899 gentes.
143 822 215 883 bine
240 823 276 883 ad
300 823 435 883 contessa
458 825 489 883 in
507 822 632 882 -homine
654 841 757 902 pauca.

60 907 90 973 3.
113 905 167 996 (3)
202 912 398 991 Tergeminos
421 913 504 973 nasci
526 919 643 972 certum
666 919 712 972 est
734 909 925 973 Horatiorum
949 911 1003 973 Cur·
1023 918 1061 966 33

9 1003 203 1081 riatiorumque
223 1001 368 1081 exemplo.
393 1019 485 1081 super
502 1003 582 1062 inter
601 1009 717 1061 ostenta
736 1001 857 1062 ducitur
874 1009 1006 1081 praeter·

1 1109 77 1167 ‘pam
97 1094 127 1150 in
151 1091 301 1172 Aegypto,
323 1090 376 1152 ubi
399 1091 500 1151 ietiier
521 1099 595 1171 potu
618 1090 702 1151 Nilus
725 1093 828 1152 amnis.
872 1094 1006 1171 proxime

1 1183 134 1258 supremis
154 1180 216 1240 divi
234 1182 362 1259 Augusti
379 1180 488 1241 Fausta
507 1180 652 1260 quaedam
671 1199 687 1240 e
705 1179 792 1260 plebe
812 1179 912 1240 Ostiae
931 1180 1007 1240 duos

1 1287 96 1349 nares,
124 1269 254 1331 totidem
282 1271 408 1330 lenuims
436 1271 521 1330 enixa
544 1271 653 1330 famem
675 1287 751 1348 quae
778 1276 938 1330 consecuta
962 1275 1008 1329 est

8 1359 137 1436 portendit
159 1359 242 1420 baud
266 1358 366 1420 dubie.
396 1361 546 1439 reperitur
570 1366 600 1419 et
622 1361 653 1418 in
672 1358 878 1438 Peloponneso
900 1360 1008 1434 quinos

1 1457 91 1524 gunter
118 1451 222 1530 enixa,
255 1450 457 1527 maioremque
485 1456 602 1528 partem
632 1467 668 1508 ex
697 1450 793 1508 omni·
806 1449 871 1508 eius
899 1449 1008 1508 vixisse

7 1545 82 1614 partu.
132 1547 164 1598 et
197 1541 230 1598 in
260 1539 393 1618 Aegypto
426 1547 566 1618 septenos
597 1555 658 1598 uno
688 1545 775 1597 utero
808 1536 896 1597 simul
927 1538 1008 1615 gigni

7 1635 160 1688 auctorest
185 1627 334 1706 Trogus.

57 1715 226 1796 Gignuntur
259 1725 290 1777 et
321 1719 479 1796 utriusque
515 1735 607 1777 sexus
631 1709 711 1794 'quos
743 1715 1008 1796 Hennapbroditos
1026 1719 1062 1766 34

6 1821 133 1888 vocamus,
156 1805 232 1866 olim
251 1805 443 1887 androgynos
466 1813 587 1866 vocatos
611 1814 641 1865 et
662 1807 694 1865 in
716 1805 860 1885 prodigiis
883 1804 1008 1886 habitos,

6 1909 67 1954 roone
92 1915 165 1956 vero
194 1899 226 1956 in
256 1895 379 1956 deliciis.
429 1895 589 1975 Pompeius
616 1893 740 1974 Magnus
767 1896 799 1954 in
827 1895 1011 1954 ornamentis

1 1981 94 2046 theatri
125 1983 282 2046 mirabiles
314 1985 391 2045 iama
422 1987 523 2065 posuit
555 1985 669 2064 elligies
706 1983 744 2043 ob
776 1983 805 2043 id
839 1983 1011 2062 diligentius

7 2089 162 2151 magnorum
187 2075 338 2136 artificum
359 2076 487 2154 ingeniis
511 2072 688 2154 elaboratas,
711 2075 790 2134 inter
808 2091 882 2151 quas
900 2071 1012 2151 legitur

8 2157 127 2242 butpebis
156 2184 174 2225 a
203 2180 256 2226 xx
283 2163 386 2224 liberis
418 2181 491 2243 rogo
518 2162 609 2224 inlata
636 2161 784 2223 Trallibus
818 2163 913 2222 eniua¹
934 2175 1010 2222 xxx

6 2261 101 2334 ponus,
133 2254 262 2334 Alcippe
291 2253 489 2333 elephantum.
535 2269 714 2332 quamquam
736 2252 766 2311 id
789 2253 870 2312 inter
893 2258 1010 2312 ostenta

7 2351 46 2400 ast.
70 2361 199 2424 namque
225 2352 256 2403 et
275 2351 445 2422 serpentem
463 2345 582 2423 peperit
604 2344 683 2402 inter
701 2343 785 2403 initia
803 2340 922 2403 Marsici
940 2341 1009 2401 belli

8 2432 103 2513 sucida,
127 2441 159 2493 et
181 2431 385 2493 multiformes
407 2433 544 2512 pluribus
567 2432 663 2493 modis
686 2434 766 2492 inter
787 2439 920 2490 monstra
943 2448 1008 2509 por·
1029 2432 1065 2480 35

7 2527 43 2578 tus
66 2523 206 2582 eduntur.
255 2520 426 2582 Claudius
454 2521 584 2581 Caesar
612 2520 716 2580 scribit
742 2520 1011 2598 hippocentaurum

7 2609 187 2672 inibessalia
209 2619 314 2672 natum
338 2610 444 2670 eodem
466 2611 514 2670 die
538 2611 692 2690 interisse,
715 2618 746 2668 et
767 2627 823 2668 nos
841 2609 1010 2687 principatu

9 2699 56 2757 olous
76 2701 208 2762 adlatum
231 2699 275 2760 iili
299 2719 335 2760 ex
358 2700 490 2780 Aegypto
517 2702 548 2759 in
572 2698 658 2759 melle
681 2698 817 2758 vidimus.
864 2704 909 2756 ost
932 2698 1011 2755 inter

10 2790 120 2868 uuompla
147 2793 182 2852 in
206 2797 329 2850 uterum
351 2791 489 2868 protinus
516 2805 656 2848 reversus
683 2787 780 2847 inians
804 2785 927 2865 Sagunti
950 2803 1010 2864 quo

11 2891 67 2936 aruo
88 2879 187 2940 deleta
210 2878 249 2939 ab
271 2877 434 2938 Hannibale
458 2887 512 2939 est.

63 3145 78 3192 4
96 3155 129 3193 au
145 3140 194 3194 2¹.
215 3142 219 3209 1
242 3139 435 3209 singulam.
492 3145 508 3193 9
527 3138 638 3200 ducitur
652 3142 676 3192 d.
696 3138 747 3206 cfr.
761 3153 823 3192 nou.
839 3137 1012 3207 lnc.p.100‚¹

11 3207 135 3264 adducitur
159 3211 198 3265 ι’.
232 3210 335 3266 dicitur
357 3227 402 3266 ru.
481 3216 514 3263 12
540 3209 714 3278 totidemque
739 3208 775 3262 ι’.
854 3215 886 3262 13
911 3209 1014 3277 quinos

12 3280 89 3337 Sabell.
107 3299 140 3336 ea>
157 3283 250 3337 Arist.
268 3283 294 3336 11.
313 3299 340 3337 n.
355 3285 414 3334 VII
427 3287 445 3336 4
459 3299 489 3364 p.
506 3281 606 3347 584Β,
621 3285 665 3336 34,
692 3280 774 3335 binos
793 3281 821 3334 ll.
900 3286 1013 3334 140111-

13 3349 74 3406 uibus
89 3354 147 3409 eius
166 3354 206 3408 12²
224 3371 269 3423 ap.
285 3354 358 3409 Detl.
390 3353 519 3408 ommbus
537 3352 704 3406 nr¹n¹e¹d.
773 3358 806 3405 22
826 3351 967 3405 'lballibus
984 3368 1012 3406 o.-

13 3423 82 3478 ualle
102 3426 257 3480 lowest.
289 3425 369 3480 ralli's
392 3426 435 3478 1³¹.
467 3424 588 3478 maxillis
607 3423 642 3476 1³²
659 3425 691 3478 o'n
708 3439 763 3478 ras.
796 3422 897 3476 11111111Ι
909 3423 946 3474 3¹
964 3438 1011 3490 cp.

14 3491 68 3548 bel.
143 3504 178 3552 23
199 3499 311 3568 alcippe
330 3501 354 3551 d.
384 3497 453 3566 -ilpe
471 3512 495 3550 r.
530 3498 534 3564 Ι
568 3497 631 3550 dost.
652 3495 709 3550 Uri.
728 3495 805 3549 vind.
823 3511 852 3548 n.
861 3498 927 3548 152.

14 3569 152 3692 bnamma
174 3573 205 3626 et
225 3571 268 3625 Ρ.
298 3569 355 3624 -lee
378 3572 429 3623 nd.
458 3567 560 3623 -le1t¹.
589 3567 630 3620 -la
647 3566 691 3620 3³.
720 3564 853 3620 seneillea
876 3564 918 3619 1¹.
948 3581 1011 3618 san·

15 3637 90 3693 o'les
107 3661 130 3696 a.
