2340 3934
172 173 234 234 108
521 171 549 224 C.
568 170 667 224 PLlNl
687 169 843 224 SECUNDI

116 331 165 378 211
237 317 295 383 52.
341 322 453 382 Vivaria
482 339 586 380 eorum
610 329 837 398 ceterarumque
866 319 1037 380 silvestrium
1056 325 1112 400 prin

169 415 261 491 togati
288 413 407 491 generis
434 413 546 471 inuenit
573 409 694 470 Fulvius
722 409 878 489 Lippinus3
918 411 948 468 in
975 409 1114 489 Tarquinio

171 503 247 561 ieras
270 519 392 581 pascere
415 502 553 560 instituit,
583 517 638 559 nec
663 499 713 559 diu
738 501 901 558 imitatores
925 499 1040 560 defuere
1060 499 1084 559 L.

170 590 267 650 cullns
290 599 320 650 et
343 590 376 661 Q.
400 589 586 650 Hortensius

117 689 168 736 212
238 679 313 741 Sues
337 681 416 740 ferae
441 678 531 739 semel
555 697 632 738 anno
651 680 784 757 gignunt.
813 677 944 738 maribus
968 681 997 738 in
1016 682 1112 756 coitup

170 772 244 828 rima
267 771 420 848 asperitas,
466 777 537 828 tuno
561 767 640 828 inter
663 785 695 827 se
719 768 860 830 dimicant
885 767 1053 828 indurantes
1073 777 1113 827 altr

170 858 309 917 arborum
334 867 432 918 costas
454 858 576 935 lutoque
601 875 633 916 se
656 863 852 935 tergorantes.
896 857 1021 916 feminae
1043 859 1068 915 in
1086 877 1111 935 pa

170 950 350 1027 asperiores,
383 955 412 1006 et
442 947 504 1006 iere
536 946 672 1006 similiter
702 949 733 1006 in
763 949 843 1006 omni
874 965 984 1025 genere
1015 945 1105 1005 bestiar

170 1039 249 1114 apris
273 1035 404 1096 maribus
428 1037 546 1096 nonnisi
569 1035 715 1096 anniculis
738 1037 898 1114 generatio.
944 1037 976 1095 in
1000 1035 1073 1095 lndia
1092 1055 1111 1094 u

171 1125 243 1185 tales
267 1126 401 1186 dentium
423 1125 526 1186 llexus.
568 1127 684 1203 gemina
708 1143 743 1184 ex
767 1134 878 1205 rostro,
901 1125 1026 1185 totidem
1047 1143 1061 1183 a
1079 1127 1113 1184 iro

171 1235 225 1275 eeu
254 1215 336 1276 vituli
365 1233 476 1274 cornua
506 1221 623 1274 exeunt.
668 1213 746 1293 pilus
770 1233 857 1274 aereo
884 1213 989 1274 similis
1013 1218 1114 1292 agresti·

171 1307 279 1365 reteris
303 1307 395 1382 niger.
441 1312 470 1364 at
493 1306 523 1364 in
547 1303 653 1363 Arabia
677 1303 797 1363 suillum
820 1321 914 1382 genus
937 1322 998 1363 non
1022 1305 1090 1364 ririt.

118 1401 168 1449 213
238 1389 296 1456 53.
321 1387 395 1476 (79)
438 1394 470 1454 ln
494 1392 574 1453 nullo
598 1411 707 1471 genere
732 1411 825 1472 aeque
849 1393 943 1453 facilis
966 1395 1116 1453 mixturar

172 1485 248 1563 lero,
279 1483 405 1561 qualiter
433 1491 518 1542 natos
546 1483 660 1561 antiqui
683 1481 823 1562 hybridas
846 1481 991 1542 vocabant
1019 1501 1069 1543 ceu
1093 1501 1124 1540 ser

172 1575 264 1654 ieros,
297 1573 332 1632 ad
360 1573 495 1632 homines
524 1589 642 1650 quoque
671 1581 704 1632 ut
732 1571 762 1632 C.
787 1572 947 1632 Antonium
976 1571 1115 1633 Ciceronis

171 1662 327 1724 consulatu
360 1661 501 1740 collegam
536 1661 731 1740 appellatione
764 1661 875 1721 tralata.
927 1679 989 1720 non
1022 1664 1052 1721 in
1080 1663 1117 1720 sui

171 1759 271 1811 autem
298 1759 414 1811 tantum
442 1751 552 1811 sedin
576 1750 714 1810 omnibus
738 1769 856 1830 quoque
885 1750 1061 1812 animalibus
1085 1753 1122 1810 rui

118 1859 299 1954 NJcumque
323 1843 441 1919 generis
463 1839 558 1900 ιιιιιιιιι
581 1848 627 1900 est
647 1840 804 1921 placidum,
828 1839 962 1900 eiusdem
985 1842 1121 1900 inuenitur

117 1978 164 2016 sqq
118 1915 282 2010 99,ι2ιίιιιι
306 1938 409 2009 utpote
433 1948 501 1990 2ιιιιι
523 1930 678 1990 hominum
701 1931 789 1990 etiam
813 1929 995 1990 silvestrium
1019 1938 1062 1990 tot
1078 1947 1123 2008 gen

118 2026 170 2073 214
180 2039 217 2100 pr
218 2019 330 2080 aedrcta
360 2022 427 2079 sint.
479 2037 584 2098 caprae
615 2028 713 2080 tamen
746 2020 776 2078 in
806 2018 949 2124 plurimas
980 2019 1122 2080 similitudi

171 2110 429 2188 transfigurantur.
462 2117 532 2169 sunt
555 2127 673 2188 caprae,
698 2119 767 2169 sunt
790 2111 978 2189 rupicaprae,
1004 2108 1117 2170 suntib

170 2200 355 2276 pernicitatis
389 2197 553 2280 mirandae,
590 2215 768 2277 quamquam
805 2207 927 2259 onerato
964 2201 1062 2278 capite
1096 2217 1122 2256 ra

172 2286 312 2347 cornibus
336 2287 500 2366 gladiorum
524 2306 580 2348 ceu
605 2289 724 2366 vaginis.
753 2289 784 2346 in
807 2287 879 2348 baec
904 2307 935 2348 se
959 2287 1050 2349 librat
1072 2295 1128 2347 utt
1155 2319 1156 2324 κ

172 2383 271 2436 mento
299 2376 399 2455 aliquo
422 2385 537 2437 rotatus
564 2379 732 2458 inpetres,
760 2379 948 2456 potissimum
972 2397 988 2438 e
1013 2386 1109 2438 monte
1129 2375 1155 2434 ali

172 2483 230 2544 quo
254 2468 285 2525 in
308 2466 398 2526 alium
418 2465 567 2526 transilire
592 2483 752 2546 quaerens,
776 2474 864 2545 atque
888 2485 1013 2528 recussu
1036 2467 1156 2546 peruiriu

172 2573 231 2632 quo
249 2554 369 2615 libuerit
393 2555 527 2616 exsultat.
558 2563 678 2616 suntet
701 2573 819 2637 oryges,
843 2555 898 2616 soli
917 2555 1093 2636 quibusdam
1112 2555 1156 2614 dirt

172 2646 321 2704 contrario
345 2643 404 2723 pilo
427 2646 530 2704 vestiri
554 2653 584 2705 et
607 2645 644 2705 ad
668 2653 756 2724 caput
778 2663 873 2705 verso.
908 2654 977 2706 sunt
1001 2653 1031 2706 et
1054 2647 1156 2707 damna

171 2741 201 2791 et
223 2734 344 2812 pygargi
368 2741 398 2792 et
421 2736 648 2814 strepsicerotes
672 2733 823 2812 multaque
848 2735 903 2794 alia
925 2735 1004 2795 haud
1025 2731 1156 2796 dissimilia

172 2822 223 2881 sed
247 2821 294 2881 illa
318 2821 419 2903 Alpes,
445 2823 517 2883 haec
540 2825 731 2884 transmarini
755 2825 830 2884 situs
853 2826 983 2885 mittunt.

118 2915 169 2960 215
239 2904 298 2971 54.
327 2904 401 2992 (80)
448 2911 607 2974 Simiarum
635 2931 754 2992 quoque
782 2931 892 2992 genera
919 2913 1047 2974 hominis
1075 2915 1156 2992 ligura

170 3000 305 3077 proxima
327 2999 429 3062 caudis
452 3003 531 3062 inter
554 3022 585 3062 se
605 3003 817 3080 distinguntur.
847 3004 921 3064 mira
941 3001 1080 3062 sollertia
1105 3004 1156 3060 riso

171 3090 295 3167 inungui
322 3088 495 3169 laqueisque
524 3091 643 3152 calciari
670 3093 833 3152 imitatione
860 3094 1028 3152 venantium
1056 3091 1156 3150 tradunt

171 3175 355 3239 Mucianus
385 3187 415 3240 et
444 3179 619 3240 latrunculis
643 3181 764 3260 lusisse,
797 3182 881 3242 lictas
912 3199 980 3241 cera
1005 3199 1097 3240 nuces
1119 3181 1156 3236 ris

243 3385 400 3454 2ιιρρὶιιιιε
418 3385 545 3438 Baeti
546 3387 688 3454 upinusrz
718 3388 768 3454 cfr.
788 3391 834 3439 IX
851 3392 914 3442 173.
984 3393 1018 3442 10
1035 3387 1099 3440 diat
1112 3387 1156 3439 Det

171 3454 257 3507 flexus
272 3455 419 3524 gominio.
492 3461 526 3509 23
546 3473 597 3510 ceu
614 3458 725 3511 Iessea..
736 3475 800 3512 ono.
811 3459 908 3526 philol.
929 3463 1002 3513 1859
1019 3475 1047 3526 p.
1060 3463 1103 3512 77.
1128 3473 1156 3522 qo

172 3524 199 3574 ιι
270 3531 303 3577 22
322 3541 435 3578 recussu
453 3523 541 3579 Rhea.
566 3530 706 3582 Ucursull
780 3535 814 3583 26
834 3529 949 3584 libuerit
964 3535 995 3582 B.
1019 3528 1112 3582 -uitr

171 3598 203 3682 27
229 3593 385 3648 dammae.
415 3595 486 3667 danp
505 3598 549 3649 12¹.
579 3598 695 3680 domne
698 3599 743 3652 22.
830 3607 864 3654 33
884 3601 967 3655 factis
985 3601 1028 3654 Bi.
1061 3603 1066 3669 Ι
1100 3611 1156 3652 nuel

41 3649 44 3713 l
204 3677 233 3710 ¹1
251 3662 326 3714 ΡΨ
336 3666 454 3717 edolt
406 3683 442 3717 an
445 3667 570 3720 teHurd.
591 3685 673 3722 conos
687 3669 730 3722 ius
750 3671 870 3742 2222121)
887 3690 909 3726 r.
932 3671 1085 3727 ieonesusu
1092 3670 1156 3724 Hurt

839 3839 1156 3889 d...-
