<?xml version="1.0" encoding="UTF-8"?>
<!DOCTYPE html PUBLIC "-//W3C//DTD XHTML 1.0 Transitional//EN"
    "http://www.w3.org/TR/xhtml1/DTD/xhtml1-transitional.dtd">
<html xmlns="http://www.w3.org/1999/xhtml" xml:lang="en" lang="en">
 <head>
  <title>
</title>
<meta http-equiv="Content-Type" content="text/html;charset=utf-8" />
  <meta name='ocr-system' content='tesseract 3.04.00' />
  <meta name='ocr-capabilities' content='ocr_page ocr_carea ocr_par ocr_line ocrx_word'/>
</head>
<body>
  <div class='ocr_page' id='page_1' title='image "./naturalishistor02plingoog_0170.png"; bbox 0 0 2308 3936; ppageno 0'>
   <div class='ocr_carea' id='block_1_1' title="bbox 119 181 787 246">
    <p class='ocr_par' dir='ltr' id='par_1_1' title="bbox 119 181 787 246">
     <span class='ocr_line' id='line_1_1' title="bbox 119 181 787 246; baseline -0.009 0"><span class='ocrx_word' id='word_1_1' title='bbox 119 181 163 246; x_wconf 77' lang='lat'>90</span> <span class='ocrx_word' id='word_1_2' title='bbox 468 195 499 246; x_wconf 91' lang='lat' dir='ltr'>c.</span> <span class='ocrx_word' id='word_1_3' title='bbox 521 195 616 243; x_wconf 78' lang='lat' dir='ltr'>eursu</span> <span class='ocrx_word' id='word_1_4' title='bbox 638 195 787 244; x_wconf 83' lang='lat' dir='ltr'>succuum</span> 
     </span>
    </p>
   </div>
   <div class='ocr_carea' id='block_1_2' title="bbox 80 348 1153 3565">
    <p class='ocr_par' dir='ltr' id='par_1_2' title="bbox 123 348 1132 430">
     <span class='ocr_line' id='line_1_2' title="bbox 123 348 1132 430; baseline -0.004 -19"><span class='ocrx_word' id='word_1_5' title='bbox 123 351 195 412; x_wconf 86' lang='lat' dir='ltr'>nihil</span> <span class='ocrx_word' id='word_1_6' title='bbox 213 351 322 414; x_wconf 78' lang='lat' dir='ltr'><strong>addisci</strong></span> <span class='ocrx_word' id='word_1_7' title='bbox 342 370 418 414; x_wconf 88' lang='lat' dir='ltr'>nova</span> <span class='ocrx_word' id='word_1_8' title='bbox 435 353 641 430; x_wconf 75' lang='lat' dir='ltr'>inquisitione,</span> <span class='ocrx_word' id='word_1_9' title='bbox 657 353 794 411; x_wconf 90' lang='lat' dir='ltr'>immone</span> <span class='ocrx_word' id='word_1_10' title='bbox 810 357 942 408; x_wconf 89' lang='lat' dir='ltr'>veterum</span> <span class='ocrx_word' id='word_1_11' title='bbox 961 348 1075 427; x_wconf 89' lang='lat' dir='ltr'>quidem</span> <span class='ocrx_word' id='word_1_12' title='bbox 1091 349 1132 407; x_wconf 95' lang='lat' dir='ltr'>in-</span> 
     </span>
    </p>

    <p class='ocr_par' dir='ltr' id='par_1_3' title="bbox 82 433 1136 1192">
     <span class='ocr_line' id='line_1_3' title="bbox 82 433 1133 516; baseline -0.004 -21"><span class='ocrx_word' id='word_1_13' title='bbox 82 441 133 496; x_wconf 85' lang='lat' dir='ltr'>tta</span> <span class='ocrx_word' id='word_1_14' title='bbox 144 445 231 498; x_wconf 90' lang='lat' dir='ltr'>venta</span> <span class='ocrx_word' id='word_1_15' title='bbox 244 437 381 516; x_wconf 88' lang='lat' dir='ltr'>perdisci.</span> <span class='ocrx_word' id='word_1_16' title='bbox 407 455 467 497; x_wconf 94' lang='lat' dir='ltr'>non</span> <span class='ocrx_word' id='word_1_17' title='bbox 484 444 566 497; x_wconf 89' lang='lat' dir='ltr'>erant</span> <span class='ocrx_word' id='word_1_18' title='bbox 577 437 686 496; x_wconf 91' lang='lat' dir='ltr'>maiora</span> <span class='ocrx_word' id='word_1_19' title='bbox 699 435 826 514; x_wconf 85' lang='lat' dir='ltr'>praemia</span> <span class='ocrx_word' id='word_1_20' title='bbox 838 435 868 493; x_wconf 93' lang='lat' dir='ltr'>in</span> <span class='ocrx_word' id='word_1_21' title='bbox 877 433 982 494; x_wconf 86' lang='lat' dir='ltr'>murltcs</span> <span class='ocrx_word' id='word_1_22' title='bbox 996 433 1133 511; x_wconf 89' lang='lat' dir='ltr'>dispersa</span> 
     </span>
     <span class='ocr_line' id='line_1_4' title="bbox 125 517 1134 600; baseline -0.006 -18"><span class='ocrx_word' id='word_1_23' title='bbox 125 521 260 582; x_wconf 87' lang='lat' dir='ltr'>icrtunae</span> <span class='ocrx_word' id='word_1_24' title='bbox 275 521 487 600; x_wconf 77' lang='lat' dir='ltr'>magnitudine,</span> <span class='ocrx_word' id='word_1_25' title='bbox 506 529 537 580; x_wconf 89' lang='lat' dir='ltr'>et</span> <span class='ocrx_word' id='word_1_26' title='bbox 551 522 607 580; x_wconf 92' lang='lat' dir='ltr'>ista</span> <span class='ocrx_word' id='word_1_27' title='bbox 622 520 722 600; x_wconf 88' lang='lat' dir='ltr'>plures</span> <span class='ocrx_word' id='word_1_28' title='bbox 739 520 802 580; x_wconf 90' lang='lat' dir='ltr'>sine</span> <span class='ocrx_word' id='word_1_29' title='bbox 818 519 948 596; x_wconf 89' lang='lat' dir='ltr'>praemio</span> <span class='ocrx_word' id='word_1_30' title='bbox 970 517 1028 577; x_wconf 91' lang='lat' dir='ltr'>alio</span> <span class='ocrx_word' id='word_1_31' title='bbox 1047 535 1134 595; x_wconf 89' lang='lat' dir='ltr'>quam</span> 
     </span>
     <span class='ocr_line' id='line_1_5' title="bbox 125 603 1135 685; baseline -0.005 -19"><span class='ocrx_word' id='word_1_32' title='bbox 125 615 264 685; x_wconf 89' lang='lat' dir='ltr'>posteros</span> <span class='ocrx_word' id='word_1_33' title='bbox 290 606 405 667; x_wconf 86' lang='lat' dir='ltr'>iuvandi</span> <span class='ocrx_word' id='word_1_34' title='bbox 429 614 578 666; x_wconf 89' lang='lat' dir='ltr'>eruerunt.</span> <span class='ocrx_word' id='word_1_35' title='bbox 615 623 713 666; x_wconf 90' lang='lat' dir='ltr'>mores</span> <span class='ocrx_word' id='word_1_36' title='bbox 736 603 881 663; x_wconf 90' lang='lat' dir='ltr'>hominum</span> <span class='ocrx_word' id='word_1_37' title='bbox 904 621 1047 681; x_wconf 87' lang='lat' dir='ltr'>secuere,</span> <span class='ocrx_word' id='word_1_38' title='bbox 1075 621 1135 662; x_wconf 91' lang='lat' dir='ltr'>non</span> 
     </span>
     <span class='ocr_line' id='line_1_6' title="bbox 123 689 1134 770; baseline -0.004 -20"><span class='ocrx_word' id='word_1_39' title='bbox 123 689 272 769; x_wconf 81' lang='lat' dir='ltr'>fructuus,</span> <span class='ocrx_word' id='word_1_40' title='bbox 289 699 319 752; x_wconf 88' lang='lat' dir='ltr'>et</span> <span class='ocrx_word' id='word_1_41' title='bbox 336 693 466 752; x_wconf 89' lang='lat' dir='ltr'>inmensa</span> <span class='ocrx_word' id='word_1_42' title='bbox 477 689 629 750; x_wconf 90' lang='lat' dir='ltr'>multitudo</span> <span class='ocrx_word' id='word_1_43' title='bbox 642 697 757 770; x_wconf 88' lang='lat' dir='ltr'>aperto,</span> <span class='ocrx_word' id='word_1_44' title='bbox 776 705 974 766; x_wconf 89' lang='lat' dir='ltr'>quaecumque</span> <span class='ocrx_word' id='word_1_45' title='bbox 987 695 1044 765; x_wconf 88' lang='lat' dir='ltr'>est,</span> <span class='ocrx_word' id='word_1_46' title='bbox 1061 689 1134 748; x_wconf 91' lang='lat' dir='ltr'>mari</span> 
     </span>
     <span class='ocr_line' id='line_1_7' title="bbox 124 771 1135 855; baseline -0.002 -21"><span class='ocrx_word' id='word_1_47' title='bbox 124 772 322 854; x_wconf 79' lang='lat' dir='ltr'>hospitalique</span> <span class='ocrx_word' id='word_1_48' title='bbox 338 775 454 836; x_wconf 90' lang='lat' dir='ltr'>litorum</span> <span class='ocrx_word' id='word_1_49' title='bbox 470 775 594 836; x_wconf 90' lang='lat' dir='ltr'>omnium</span> <span class='ocrx_word' id='word_1_50' title='bbox 609 774 730 855; x_wconf 89' lang='lat' dir='ltr'>adpulsu</span> <span class='ocrx_word' id='word_1_51' title='bbox 745 774 879 851; x_wconf 81' lang='lat' dir='ltr'>navigat,</span> <span class='ocrx_word' id='word_1_52' title='bbox 899 772 952 833; x_wconf 88' lang='lat' dir='ltr'>sed</span> <span class='ocrx_word' id='word_1_53' title='bbox 969 771 1055 851; x_wconf 91' lang='lat' dir='ltr'>lucri,</span> <span class='ocrx_word' id='word_1_54' title='bbox 1076 791 1135 833; x_wconf 92' lang='lat' dir='ltr'>non</span> 
     </span>
     <span class='ocr_line' id='line_1_8' title="bbox 125 860 1136 938; baseline -0.002 -20"><span class='ocrx_word' id='word_1_55' title='bbox 125 860 268 920; x_wconf 81' lang='lat' dir='ltr'>scientiae</span> <span class='ocrx_word' id='word_1_56' title='bbox 308 861 411 938; x_wconf 88' lang='lat' dir='ltr'>gratia.</span> <span class='ocrx_word' id='word_1_57' title='bbox 442 878 499 920; x_wconf 90' lang='lat' dir='ltr'>nec</span> <span class='ocrx_word' id='word_1_58' title='bbox 520 868 637 938; x_wconf 87' lang='lat' dir='ltr'>reputat</span> <span class='ocrx_word' id='word_1_59' title='bbox 659 877 746 920; x_wconf 89' lang='lat' dir='ltr'>caeca</span> <span class='ocrx_word' id='word_1_60' title='bbox 762 876 844 919; x_wconf 92' lang='lat' dir='ltr'>mens</span> <span class='ocrx_word' id='word_1_61' title='bbox 867 866 898 918; x_wconf 91' lang='lat' dir='ltr'>et</span> <span class='ocrx_word' id='word_1_62' title='bbox 912 860 1136 918; x_wconf 84' lang='lat' dir='ltr'>tantum-avari-</span> 
     </span>
     <span class='ocr_line' id='line_1_9' title="bbox 124 943 1136 1024; baseline -0.002 -22"><span class='ocrx_word' id='word_1_63' title='bbox 124 943 184 1003; x_wconf 87' lang='lat' dir='ltr'>tiae</span> <span class='ocrx_word' id='word_1_64' title='bbox 202 943 314 1004; x_wconf 90' lang='lat' dir='ltr'>intenta</span> <span class='ocrx_word' id='word_1_65' title='bbox 329 945 359 1005; x_wconf 97' lang='lat' dir='ltr'>id</span> <span class='ocrx_word' id='word_1_66' title='bbox 379 947 473 1024; x_wconf 89' lang='lat' dir='ltr'>ipsum</span> <span class='ocrx_word' id='word_1_67' title='bbox 489 945 610 1004; x_wconf 90' lang='lat' dir='ltr'>scientia</span> <span class='ocrx_word' id='word_1_68' title='bbox 631 962 721 1024; x_wconf 85' lang='lat' dir='ltr'>posse</span> <span class='ocrx_word' id='word_1_69' title='bbox 736 943 825 1003; x_wconf 91' lang='lat' dir='ltr'>tutius</span> <span class='ocrx_word' id='word_1_70' title='bbox 842 943 916 1004; x_wconf 87' lang='lat' dir='ltr'>lieri.</span> <span class='ocrx_word' id='word_1_71' title='bbox 951 951 1136 1022; x_wconf 88' lang='lat' dir='ltr'>quapropter</span> 
     </span>
     <span class='ocr_line' id='line_1_10' title="bbox 125 1027 1135 1108; baseline -0.002 -20"><span class='ocrx_word' id='word_1_72' title='bbox 125 1027 325 1106; x_wconf 85' lang='lat' dir='ltr'>scrupulosius</span> <span class='ocrx_word' id='word_1_73' title='bbox 341 1047 425 1108; x_wconf 92' lang='lat' dir='ltr'>quam</span> <span class='ocrx_word' id='word_1_74' title='bbox 436 1031 571 1089; x_wconf 90' lang='lat' dir='ltr'>instituto</span> <span class='ocrx_word' id='word_1_75' title='bbox 586 1029 721 1089; x_wconf 82' lang='lat' dir='ltr'>fortassis</span> <span class='ocrx_word' id='word_1_76' title='bbox 734 1029 890 1089; x_wconf 84' lang='lat' dir='ltr'>conueniat</span> <span class='ocrx_word' id='word_1_77' title='bbox 902 1027 985 1106; x_wconf 89' lang='lat' dir='ltr'>operi</span> <span class='ocrx_word' id='word_1_78' title='bbox 998 1027 1135 1088; x_wconf 84' lang='lat' dir='ltr'>tractabo</span> 
     </span>
     <span class='ocr_line' id='line_1_11' title="bbox 124 1115 757 1192; baseline 0.006 -22"><span class='ocrx_word' id='word_1_79' title='bbox 124 1120 242 1188; x_wconf 86' lang='lat' dir='ltr'>ventos,</span> <span class='ocrx_word' id='word_1_80' title='bbox 260 1121 305 1173; x_wconf 94' lang='lat' dir='ltr'>tot</span> <span class='ocrx_word' id='word_1_81' title='bbox 320 1115 397 1174; x_wconf 89' lang='lat' dir='ltr'>milia</span> <span class='ocrx_word' id='word_1_82' title='bbox 412 1115 605 1192; x_wconf 85' lang='lat' dir='ltr'>navigantium</span> <span class='ocrx_word' id='word_1_83' title='bbox 624 1131 757 1174; x_wconf 87' lang='lat' dir='ltr'>cernens.</span> 
     </span>
    </p>

    <p class='ocr_par' dir='ltr' id='par_1_4' title="bbox 82 1193 1138 1954">
     <span class='ocr_line' id='line_1_12' title="bbox 82 1193 1136 1279; baseline 0.003 -25"><span class='ocrx_word' id='word_1_84' title='bbox 82 1202 133 1255; x_wconf 85' lang='lat'>119</span> <span class='ocrx_word' id='word_1_85' title='bbox 191 1193 244 1259; x_wconf 82' lang='lat'>47.</span> <span class='ocrx_word' id='word_1_86' title='bbox 267 1195 349 1276; x_wconf 89' lang='grc'>(46.)</span> <span class='ocrx_word' id='word_1_87' title='bbox 370 1199 500 1260; x_wconf 89' lang='lat' dir='ltr'>Veteres</span> <span class='ocrx_word' id='word_1_88' title='bbox 520 1207 656 1279; x_wconf 90' lang='lat' dir='ltr'>quattuor</span> <span class='ocrx_word' id='word_1_89' title='bbox 674 1199 790 1258; x_wconf 89' lang='lat' dir='ltr'>omnino</span> <span class='ocrx_word' id='word_1_90' title='bbox 812 1215 971 1258; x_wconf 87' lang='lat' dir='ltr'>servavere</span> <span class='ocrx_word' id='word_1_91' title='bbox 993 1215 1048 1276; x_wconf 88' lang='lat' dir='ltr'>per</span> <span class='ocrx_word' id='word_1_92' title='bbox 1069 1199 1136 1257; x_wconf 90' lang='lat' dir='ltr'>toti-</span> 
     </span>
     <span class='ocr_line' id='line_1_13' title="bbox 125 1281 1135 1362; baseline 0.002 -22"><span class='ocrx_word' id='word_1_93' title='bbox 125 1281 191 1341; x_wconf 88' lang='lat' dir='ltr'>dem</span> <span class='ocrx_word' id='word_1_94' title='bbox 204 1283 300 1342; x_wconf 91' lang='lat' dir='ltr'>mundi</span> <span class='ocrx_word' id='word_1_95' title='bbox 313 1292 424 1362; x_wconf 87' lang='lat' dir='ltr'>partes,</span> <span class='ocrx_word' id='word_1_96' title='bbox 439 1283 506 1344; x_wconf 89' lang='lat' dir='ltr'>ideo</span> <span class='ocrx_word' id='word_1_97' title='bbox 522 1303 578 1346; x_wconf 90' lang='lat' dir='ltr'>nec</span> <span class='ocrx_word' id='word_1_98' title='bbox 593 1282 736 1344; x_wconf 87' lang='lat' dir='ltr'>Homerus</span> <span class='ocrx_word' id='word_1_99' title='bbox 751 1282 852 1362; x_wconf 90' lang='lat' dir='ltr'>plures</span> <span class='ocrx_word' id='word_1_100' title='bbox 867 1283 1004 1358; x_wconf 93' lang='lat' dir='ltr'>nominat,</span> <span class='ocrx_word' id='word_1_101' title='bbox 1020 1281 1135 1360; x_wconf 89' lang='lat' dir='ltr'>hebeti,</span> 
     </span>
     <span class='ocr_line' id='line_1_14' title="bbox 124 1363 1136 1447; baseline 0.001 -23"><span class='ocrx_word' id='word_1_102' title='bbox 124 1373 156 1424; x_wconf 91' lang='lat' dir='ltr'>nt</span> <span class='ocrx_word' id='word_1_103' title='bbox 168 1383 238 1426; x_wconf 87' lang='lat' dir='ltr'>mox</span> <span class='ocrx_word' id='word_1_104' title='bbox 252 1366 406 1428; x_wconf 85' lang='lat' dir='ltr'>iudicatum</span> <span class='ocrx_word' id='word_1_105' title='bbox 423 1377 481 1447; x_wconf 91' lang='lat' dir='ltr'>est,</span> <span class='ocrx_word' id='word_1_106' title='bbox 496 1370 621 1429; x_wconf 89' lang='lat' dir='ltr'>ratione.</span> <span class='ocrx_word' id='word_1_107' title='bbox 644 1375 745 1430; x_wconf 89' lang='lat' dir='ltr'>secuta</span> <span class='ocrx_word' id='word_1_108' title='bbox 757 1374 838 1428; x_wconf 88' lang='lat' dir='ltr'>aetas</span> <span class='ocrx_word' id='word_1_109' title='bbox 851 1374 920 1426; x_wconf 89' lang='lat' dir='ltr'>octo</span> <span class='ocrx_word' id='word_1_110' title='bbox 932 1363 1038 1426; x_wconf 88' lang='lat' dir='ltr'>addidit</span> <span class='ocrx_word' id='word_1_111' title='bbox 1048 1369 1136 1426; x_wconf 88' lang='lat' dir='ltr'>nimis</span> 
     </span>
     <span class='ocr_line' id='line_1_15' title="bbox 125 1449 1137 1532; baseline -0.002 -22"><span class='ocrx_word' id='word_1_112' title='bbox 125 1449 225 1510; x_wconf 91' lang='lat' dir='ltr'>subtili</span> <span class='ocrx_word' id='word_1_113' title='bbox 243 1459 332 1529; x_wconf 92' lang='lat' dir='ltr'>atque</span> <span class='ocrx_word' id='word_1_114' title='bbox 347 1453 480 1530; x_wconf 89' lang='lat' dir='ltr'>concisa,</span> <span class='ocrx_word' id='word_1_115' title='bbox 497 1455 639 1532; x_wconf 84' lang='lat' dir='ltr'>proximis</span> <span class='ocrx_word' id='word_1_116' title='bbox 657 1455 735 1513; x_wconf 89' lang='lat' dir='ltr'>inter</span> <span class='ocrx_word' id='word_1_117' title='bbox 751 1460 901 1528; x_wconf 88' lang='lat' dir='ltr'>utramque</span> <span class='ocrx_word' id='word_1_118' title='bbox 916 1449 1010 1511; x_wconf 87' lang='lat' dir='ltr'>media</span> <span class='ocrx_word' id='word_1_119' title='bbox 1025 1449 1137 1528; x_wconf 89' lang='lat' dir='ltr'>placuit</span> 
     </span>
     <span class='ocr_line' id='line_1_16' title="bbox 125 1532 1137 1618; baseline 0.001 -26"><span class='ocrx_word' id='word_1_120' title='bbox 125 1532 160 1593; x_wconf 88' lang='lat' dir='ltr'>ad</span> <span class='ocrx_word' id='word_1_121' title='bbox 175 1534 296 1596; x_wconf 87' lang='lat' dir='ltr'>brevem</span> <span class='ocrx_word' id='word_1_122' title='bbox 311 1555 350 1597; x_wconf 84' lang='lat' dir='ltr'>ex</span> <span class='ocrx_word' id='word_1_123' title='bbox 364 1555 519 1598; x_wconf 89' lang='lat' dir='ltr'>numerosa</span> <span class='ocrx_word' id='word_1_124' title='bbox 542 1537 645 1601; x_wconf 88' lang='lat' dir='ltr'>additis</span> <span class='ocrx_word' id='word_1_125' title='bbox 661 1546 807 1618; x_wconf 86' lang='lat' dir='ltr'>quattuor.</span> <span class='ocrx_word' id='word_1_126' title='bbox 840 1537 913 1596; x_wconf 89' lang='lat' dir='ltr'>Sunt</span> <span class='ocrx_word' id='word_1_127' title='bbox 934 1552 1006 1612; x_wconf 83' lang='lat' dir='ltr'>ergo</span> <span class='ocrx_word' id='word_1_128' title='bbox 1023 1533 1089 1594; x_wconf 93' lang='lat' dir='ltr'>bini</span> <span class='ocrx_word' id='word_1_129' title='bbox 1108 1538 1137 1594; x_wconf 89' lang='lat' dir='ltr'>in</span> 
     </span>
     <span class='ocr_line' id='line_1_17' title="bbox 125 1619 1137 1702; baseline 0 -24"><span class='ocrx_word' id='word_1_130' title='bbox 125 1626 262 1696; x_wconf 88' lang='lat' dir='ltr'>quattuor</span> <span class='ocrx_word' id='word_1_131' title='bbox 279 1620 354 1682; x_wconf 90' lang='lat' dir='ltr'>caeli</span> <span class='ocrx_word' id='word_1_132' title='bbox 370 1622 518 1700; x_wconf 89' lang='lat' dir='ltr'>partibus,</span> <span class='ocrx_word' id='word_1_133' title='bbox 536 1622 572 1683; x_wconf 90' lang='lat' dir='ltr'>ab</span> <span class='ocrx_word' id='word_1_134' title='bbox 589 1625 705 1684; x_wconf 88' lang='lat' dir='ltr'>oriente</span> <span class='ocrx_word' id='word_1_135' title='bbox 723 1619 930 1702; x_wconf 87' lang='lat' dir='ltr'>aequinoctiali</span> <span class='ocrx_word' id='word_1_136' title='bbox 946 1619 1137 1694; x_wconf 86' lang='lat' dir='ltr'>subsolanus,</span> 
     </span>
     <span class='ocr_line' id='line_1_18' title="bbox 125 1701 1136 1785; baseline 0 -21"><span class='ocrx_word' id='word_1_137' title='bbox 125 1701 162 1764; x_wconf 90' lang='lat' dir='ltr'>ab</span> <span class='ocrx_word' id='word_1_138' title='bbox 180 1703 295 1766; x_wconf 90' lang='lat' dir='ltr'>criente</span> <span class='ocrx_word' id='word_1_139' title='bbox 317 1705 439 1767; x_wconf 90' lang='lat' dir='ltr'>brumali</span> <span class='ocrx_word' id='word_1_140' title='bbox 455 1706 623 1784; x_wconf 88' lang='lat' dir='ltr'>volturnus,</span> <span class='ocrx_word' id='word_1_141' title='bbox 646 1707 726 1768; x_wconf 90' lang='lat' dir='ltr'>illum</span> <span class='ocrx_word' id='word_1_142' title='bbox 745 1705 913 1785; x_wconf 88' lang='lat' dir='ltr'>apelioten,</span> <span class='ocrx_word' id='word_1_143' title='bbox 935 1704 1010 1767; x_wconf 90' lang='lat' dir='ltr'>hunc</span> <span class='ocrx_word' id='word_1_144' title='bbox 1028 1702 1136 1764; x_wconf 83' lang='lat' dir='ltr'>Graeci</span> 
     </span>
     <span class='ocr_line' id='line_1_19' title="bbox 125 1784 1138 1868; baseline 0.002 -22"><span class='ocrx_word' id='word_1_145' title='bbox 125 1805 226 1848; x_wconf 89' lang='lat' dir='ltr'>eurum</span> <span class='ocrx_word' id='word_1_146' title='bbox 237 1784 395 1868; x_wconf 88' lang='lat' dir='ltr'>appellant.</span> <span class='ocrx_word' id='word_1_147' title='bbox 424 1809 440 1851; x_wconf 90' lang='lat' dir='ltr'>a</span> <span class='ocrx_word' id='word_1_148' title='bbox 454 1791 576 1852; x_wconf 89' lang='lat' dir='ltr'>meridie</span> <span class='ocrx_word' id='word_1_149' title='bbox 589 1800 688 1854; x_wconf 88' lang='lat' dir='ltr'>auster</span> <span class='ocrx_word' id='word_1_150' title='bbox 700 1803 730 1852; x_wconf 91' lang='lat' dir='ltr'>et</span> <span class='ocrx_word' id='word_1_151' title='bbox 746 1791 782 1851; x_wconf 90' lang='lat' dir='ltr'>ab</span> <span class='ocrx_word' id='word_1_152' title='bbox 800 1807 906 1850; x_wconf 90' lang='lat' dir='ltr'>occasu</span> <span class='ocrx_word' id='word_1_153' title='bbox 922 1788 1043 1849; x_wconf 90' lang='lat' dir='ltr'>brumali</span> <span class='ocrx_word' id='word_1_154' title='bbox 1055 1789 1138 1850; x_wconf 82' lang='lat' dir='ltr'>Afri-</span> 
     </span>
     <span class='ocr_line' id='line_1_20' title="bbox 125 1873 1137 1954; baseline 0.004 -24"><span class='ocrx_word' id='word_1_155' title='bbox 125 1889 192 1949; x_wconf 90' lang='lat' dir='ltr'>cus,</span> <span class='ocrx_word' id='word_1_156' title='bbox 212 1882 312 1934; x_wconf 87' lang='lat' dir='ltr'>notum</span> <span class='ocrx_word' id='word_1_157' title='bbox 327 1884 357 1936; x_wconf 88' lang='lat' dir='ltr'>et</span> <span class='ocrx_word' id='word_1_158' title='bbox 370 1874 443 1936; x_wconf 85' lang='lat' dir='ltr'>Liba</span> <span class='ocrx_word' id='word_1_159' title='bbox 457 1879 613 1938; x_wconf 88' lang='lat' dir='ltr'>nominant.</span> <span class='ocrx_word' id='word_1_160' title='bbox 650 1877 686 1938; x_wconf 94' lang='lat' dir='ltr'>ab</span> <span class='ocrx_word' id='word_1_161' title='bbox 706 1895 813 1937; x_wconf 90' lang='lat' dir='ltr'>occasu</span> <span class='ocrx_word' id='word_1_162' title='bbox 828 1873 1035 1954; x_wconf 88' lang='lat' dir='ltr'>aequinoctiali</span> <span class='ocrx_word' id='word_1_163' title='bbox 1051 1875 1137 1935; x_wconf 85' lang='lat' dir='ltr'>lavo·</span> 
     </span>
    </p>

    <p class='ocr_par' dir='ltr' id='par_1_5' title="bbox 87 1957 1136 2125">
     <span class='ocr_line' id='line_1_21' title="bbox 87 1957 1135 2040; baseline 0.006 -26"><span class='ocrx_word' id='word_1_164' title='bbox 87 2019 89 2022; x_wconf 60' lang='grc'><strong>,</strong></span> <span class='ocrx_word' id='word_1_165' title='bbox 125 1957 200 2033; x_wconf 93' lang='lat' dir='ltr'>nius,</span> <span class='ocrx_word' id='word_1_166' title='bbox 216 1958 252 2017; x_wconf 89' lang='lat' dir='ltr'>ab</span> <span class='ocrx_word' id='word_1_167' title='bbox 265 1977 370 2020; x_wconf 91' lang='lat' dir='ltr'>occasu</span> <span class='ocrx_word' id='word_1_168' title='bbox 383 1959 530 2020; x_wconf 89' lang='lat' dir='ltr'>solstitiali</span> <span class='ocrx_word' id='word_1_169' title='bbox 543 1979 641 2038; x_wconf 91' lang='lat' dir='ltr'>corus,</span> <span class='ocrx_word' id='word_1_170' title='bbox 654 1961 812 2040; x_wconf 77' lang='lat' dir='ltr'>zephyrum</span> <span class='ocrx_word' id='word_1_171' title='bbox 824 1967 854 2020; x_wconf 93' lang='lat' dir='ltr'>et</span> <span class='ocrx_word' id='word_1_172' title='bbox 866 1967 1005 2038; x_wconf 83' lang='lat' dir='ltr'>argesten</span> <span class='ocrx_word' id='word_1_173' title='bbox 1016 1969 1135 2020; x_wconf 87' lang='lat' dir='ltr'>vocant.</span> 
     </span>
     <span class='ocr_line' id='line_1_22' title="bbox 125 2043 1136 2125; baseline 0.006 -27"><span class='ocrx_word' id='word_1_174' title='bbox 125 2043 375 2118; x_wconf 85' lang='lat' dir='ltr'>septentrionibus</span> <span class='ocrx_word' id='word_1_175' title='bbox 391 2047 573 2124; x_wconf 87' lang='lat' dir='ltr'>septentrio,</span> <span class='ocrx_word' id='word_1_176' title='bbox 595 2047 732 2125; x_wconf 88' lang='lat' dir='ltr'>interque</span> <span class='ocrx_word' id='word_1_177' title='bbox 752 2063 817 2106; x_wconf 91' lang='lat' dir='ltr'>eum</span> <span class='ocrx_word' id='word_1_178' title='bbox 837 2053 867 2105; x_wconf 89' lang='lat' dir='ltr'>et</span> <span class='ocrx_word' id='word_1_179' title='bbox 883 2051 1017 2106; x_wconf 84' lang='lat' dir='ltr'>exortum</span> <span class='ocrx_word' id='word_1_180' title='bbox 1033 2044 1136 2104; x_wconf 87' lang='lat' dir='ltr'>solsti-</span> 
     </span>
    </p>

    <p class='ocr_par' dir='ltr' id='par_1_6' title="bbox 82 2123 1153 3142">
     <span class='ocr_line' id='line_1_23' title="bbox 82 2123 1135 2206; baseline 0.005 -22"><span class='ocrx_word' id='word_1_181' title='bbox 82 2131 133 2184; x_wconf 80' lang='lat'>120</span> <span class='ocrx_word' id='word_1_182' title='bbox 145 2123 243 2184; x_wconf 89' lang='lat' dir='ltr'>tialem</span> <span class='ocrx_word' id='word_1_183' title='bbox 258 2127 375 2206; x_wconf 90' lang='lat' dir='ltr'>aquilo,</span> <span class='ocrx_word' id='word_1_184' title='bbox 398 2131 541 2206; x_wconf 88' lang='lat' dir='ltr'>aparctias</span> <span class='ocrx_word' id='word_1_185' title='bbox 563 2137 594 2190; x_wconf 91' lang='lat' dir='ltr'>et</span> <span class='ocrx_word' id='word_1_186' title='bbox 609 2131 717 2192; x_wconf 88' lang='lat' dir='ltr'>boreas</span> <span class='ocrx_word' id='word_1_187' title='bbox 737 2131 816 2192; x_wconf 91' lang='lat' dir='ltr'>dicti.</span> <span class='ocrx_word' id='word_1_188' title='bbox 848 2128 1040 2190; x_wconf 88' lang='lat' dir='ltr'>Numercsior</span> <span class='ocrx_word' id='word_1_189' title='bbox 1056 2132 1135 2190; x_wconf 84' lang='lat' dir='ltr'>ratio</span> 
     </span>
     <span class='ocr_line' id='line_1_24' title="bbox 124 2211 1137 2292; baseline 0.007 -25"><span class='ocrx_word' id='word_1_190' title='bbox 124 2215 260 2286; x_wconf 88' lang='lat' dir='ltr'>quattuor</span> <span class='ocrx_word' id='word_1_191' title='bbox 277 2211 323 2272; x_wconf 93' lang='lat' dir='ltr'>his</span> <span class='ocrx_word' id='word_1_192' title='bbox 345 2214 550 2292; x_wconf 87' lang='lat' dir='ltr'>interiecerat,</span> <span class='ocrx_word' id='word_1_193' title='bbox 573 2215 718 2276; x_wconf 88' lang='lat' dir='ltr'>thrascian</span> <span class='ocrx_word' id='word_1_194' title='bbox 738 2215 832 2276; x_wconf 92' lang='lat' dir='ltr'>media</span> <span class='ocrx_word' id='word_1_195' title='bbox 847 2216 972 2292; x_wconf 82' lang='lat' dir='ltr'>regione</span> <span class='ocrx_word' id='word_1_196' title='bbox 988 2215 1068 2273; x_wconf 89' lang='lat' dir='ltr'>inter</span> <span class='ocrx_word' id='word_1_197' title='bbox 1089 2235 1137 2274; x_wconf 86' lang='lat' dir='ltr'>se·</span> 
     </span>
     <span class='ocr_line' id='line_1_25' title="bbox 123 2295 1136 2378; baseline 0.007 -27"><span class='ocrx_word' id='word_1_198' title='bbox 123 2295 319 2370; x_wconf 90' lang='lat' dir='ltr'>ptentrionem</span> <span class='ocrx_word' id='word_1_199' title='bbox 340 2306 369 2356; x_wconf 87' lang='lat' dir='ltr'>et</span> <span class='ocrx_word' id='word_1_200' title='bbox 384 2315 518 2358; x_wconf 91' lang='lat' dir='ltr'>oceasum</span> <span class='ocrx_word' id='word_1_201' title='bbox 533 2299 736 2378; x_wconf 87' lang='lat' dir='ltr'>solstitialem,</span> <span class='ocrx_word' id='word_1_202' title='bbox 754 2303 882 2378; x_wconf 89' lang='lat' dir='ltr'>itemque</span> <span class='ocrx_word' id='word_1_203' title='bbox 900 2299 1024 2364; x_wconf 68' lang='lat' dir='ltr'>caecian,</span> <span class='ocrx_word' id='word_1_204' title='bbox 1037 2300 1136 2360; x_wconf 89' lang='lat' dir='ltr'>media</span> 
     </span>
     <span class='ocr_line' id='line_1_26' title="bbox 124 2379 1153 2464; baseline 0.009 -29"><span class='ocrx_word' id='word_1_205' title='bbox 124 2379 202 2438; x_wconf 89' lang='lat' dir='ltr'>inter</span> <span class='ocrx_word' id='word_1_206' title='bbox 218 2380 382 2458; x_wconf 89' lang='lat' dir='ltr'>aquilonem</span> <span class='ocrx_word' id='word_1_207' title='bbox 397 2391 428 2442; x_wconf 85' lang='lat' dir='ltr'>et</span> <span class='ocrx_word' id='word_1_208' title='bbox 440 2392 573 2443; x_wconf 82' lang='lat' dir='ltr'>exortum</span> <span class='ocrx_word' id='word_1_209' title='bbox 585 2386 828 2464; x_wconf 88' lang='lat' dir='ltr'>aequinoctialem</span> <span class='ocrx_word' id='word_1_210' title='bbox 842 2383 879 2444; x_wconf 90' lang='lat' dir='ltr'>ab</span> <span class='ocrx_word' id='word_1_211' title='bbox 893 2391 959 2444; x_wconf 88' lang='lat' dir='ltr'>ortu</span> <span class='ocrx_word' id='word_1_212' title='bbox 970 2383 1153 2459; x_wconf 64' lang='lat' dir='ltr'>solstitiali,</span> 
     </span>
     <span class='ocr_line' id='line_1_27' title="bbox 122 2459 1135 2546; baseline 0.009 -26"><span class='ocrx_word' id='word_1_213' title='bbox 122 2459 270 2524; x_wconf 91' lang='lat' dir='ltr'>Phoenica</span> <span class='ocrx_word' id='word_1_214' title='bbox 283 2465 513 2546; x_wconf 86' lang='lat' dir='ltr'>mediaregione</span> <span class='ocrx_word' id='word_1_215' title='bbox 532 2469 611 2528; x_wconf 89' lang='lat' dir='ltr'>inter</span> <span class='ocrx_word' id='word_1_216' title='bbox 633 2479 728 2530; x_wconf 92' lang='lat' dir='ltr'>ortum</span> <span class='ocrx_word' id='word_1_217' title='bbox 746 2469 905 2530; x_wconf 89' lang='lat' dir='ltr'>brumalem</span> <span class='ocrx_word' id='word_1_218' title='bbox 925 2476 955 2528; x_wconf 90' lang='lat' dir='ltr'>et</span> <span class='ocrx_word' id='word_1_219' title='bbox 969 2467 1135 2546; x_wconf 83' lang='lat' dir='ltr'>meridiem,</span> 
     </span>
     <span class='ocr_line' id='line_1_28' title="bbox 122 2547 1136 2633; baseline 0.01 -29"><span class='ocrx_word' id='word_1_220' title='bbox 122 2547 193 2606; x_wconf 90' lang='lat' dir='ltr'>item</span> <span class='ocrx_word' id='word_1_221' title='bbox 207 2549 284 2610; x_wconf 91' lang='lat' dir='ltr'>inter</span> <span class='ocrx_word' id='word_1_222' title='bbox 299 2549 370 2612; x_wconf 90' lang='lat' dir='ltr'>Liba</span> <span class='ocrx_word' id='word_1_223' title='bbox 385 2561 415 2611; x_wconf 94' lang='lat' dir='ltr'>et</span> <span class='ocrx_word' id='word_1_224' title='bbox 430 2561 528 2612; x_wconf 92' lang='lat' dir='ltr'>notum</span> <span class='ocrx_word' id='word_1_225' title='bbox 546 2556 730 2633; x_wconf 89' lang='lat' dir='ltr'>conpositum</span> <span class='ocrx_word' id='word_1_226' title='bbox 751 2575 789 2616; x_wconf 86' lang='lat' dir='ltr'>ex</span> <span class='ocrx_word' id='word_1_227' title='bbox 808 2563 933 2631; x_wconf 89' lang='lat' dir='ltr'>utroque</span> <span class='ocrx_word' id='word_1_228' title='bbox 949 2552 1077 2612; x_wconf 86' lang='lat' dir='ltr'>medium</span> <span class='ocrx_word' id='word_1_229' title='bbox 1094 2557 1136 2614; x_wconf 91' lang='lat' dir='ltr'>in-</span> 
     </span>
     <span class='ocr_line' id='line_1_29' title="bbox 122 2633 1136 2716; baseline 0.01 -28"><span class='ocrx_word' id='word_1_230' title='bbox 122 2637 168 2690; x_wconf 87' lang='lat' dir='ltr'>ter</span> <span class='ocrx_word' id='word_1_231' title='bbox 183 2633 334 2694; x_wconf 89' lang='lat' dir='ltr'>meridiem</span> <span class='ocrx_word' id='word_1_232' title='bbox 350 2644 380 2696; x_wconf 92' lang='lat' dir='ltr'>et</span> <span class='ocrx_word' id='word_1_233' title='bbox 395 2635 546 2698; x_wconf 84' lang='lat' dir='ltr'>hibernum</span> <span class='ocrx_word' id='word_1_234' title='bbox 561 2637 743 2700; x_wconf 89' lang='lat' dir='ltr'>occidentem</span> <span class='ocrx_word' id='word_1_235' title='bbox 758 2639 941 2700; x_wconf 85' lang='lat' dir='ltr'>Libonotum.</span> <span class='ocrx_word' id='word_1_236' title='bbox 975 2635 1040 2697; x_wconf 92' lang='lat' dir='ltr'>Nec</span> <span class='ocrx_word' id='word_1_237' title='bbox 1055 2639 1136 2716; x_wconf 91' lang='lat' dir='ltr'>linis,</span> 
     </span>
     <span class='ocr_line' id='line_1_30' title="bbox 122 2714 1137 2798; baseline 0.01 -24"><span class='ocrx_word' id='word_1_238' title='bbox 122 2714 170 2775; x_wconf 92' lang='lat' dir='ltr'>alii</span> <span class='ocrx_word' id='word_1_239' title='bbox 187 2720 296 2798; x_wconf 92' lang='lat' dir='ltr'>quippe</span> <span class='ocrx_word' id='word_1_240' title='bbox 311 2739 412 2781; x_wconf 89' lang='lat' dir='ltr'>mesen</span> <span class='ocrx_word' id='word_1_241' title='bbox 427 2723 543 2782; x_wconf 89' lang='lat' dir='ltr'>nominc</span> <span class='ocrx_word' id='word_1_242' title='bbox 559 2723 713 2784; x_wconf 88' lang='lat' dir='ltr'>etiamnum</span> <span class='ocrx_word' id='word_1_243' title='bbox 728 2723 866 2785; x_wconf 88' lang='lat' dir='ltr'>addidere</span> <span class='ocrx_word' id='word_1_244' title='bbox 882 2725 960 2782; x_wconf 85' lang='lat' dir='ltr'>inter</span> <span class='ocrx_word' id='word_1_245' title='bbox 975 2722 1091 2783; x_wconf 92' lang='lat' dir='ltr'>borean</span> <span class='ocrx_word' id='word_1_246' title='bbox 1107 2733 1137 2784; x_wconf 91' lang='lat' dir='ltr'>et</span> 
     </span>
     <span class='ocr_line' id='line_1_31' title="bbox 124 2805 1153 2887; baseline 0.008 -27"><span class='ocrx_word' id='word_1_247' title='bbox 124 2805 259 2880; x_wconf 86' lang='lat' dir='ltr'>caecian,</span> <span class='ocrx_word' id='word_1_248' title='bbox 284 2813 315 2864; x_wconf 90' lang='lat' dir='ltr'>et</span> <span class='ocrx_word' id='word_1_249' title='bbox 334 2806 412 2866; x_wconf 91' lang='lat' dir='ltr'>inter</span> <span class='ocrx_word' id='word_1_250' title='bbox 435 2825 535 2867; x_wconf 90' lang='lat' dir='ltr'>eurum</span> <span class='ocrx_word' id='word_1_251' title='bbox 556 2816 713 2887; x_wconf 88' lang='lat' dir='ltr'>notumque</span> <span class='ocrx_word' id='word_1_252' title='bbox 738 2817 920 2870; x_wconf 90' lang='lat' dir='ltr'>euronotum.</span> <span class='ocrx_word' id='word_1_253' title='bbox 953 2807 1025 2866; x_wconf 89' lang='lat' dir='ltr'>Sunt</span> <span class='ocrx_word' id='word_1_254' title='bbox 1045 2811 1153 2870; x_wconf 89' lang='lat' dir='ltr'>etiam</span> 
     </span>
     <span class='ocr_line' id='line_1_32' title="bbox 123 2885 1138 2970; baseline 0.008 -26"><span class='ocrx_word' id='word_1_255' title='bbox 123 2885 236 2962; x_wconf 89' lang='lat' dir='ltr'>quidam</span> <span class='ocrx_word' id='word_1_256' title='bbox 251 2889 416 2966; x_wconf 89' lang='lat' dir='ltr'>peculiares</span> <span class='ocrx_word' id='word_1_257' title='bbox 429 2891 592 2969; x_wconf 89' lang='lat' dir='ltr'>quibusque</span> <span class='ocrx_word' id='word_1_258' title='bbox 605 2893 742 2970; x_wconf 83' lang='lat' dir='ltr'>gentibus</span> <span class='ocrx_word' id='word_1_259' title='bbox 755 2895 846 2969; x_wconf 88' lang='lat' dir='ltr'>venti,</span> <span class='ocrx_word' id='word_1_260' title='bbox 863 2911 922 2954; x_wconf 88' lang='lat' dir='ltr'>non</span> <span class='ocrx_word' id='word_1_261' title='bbox 934 2891 1007 2954; x_wconf 88' lang='lat' dir='ltr'>ultra</span> <span class='ocrx_word' id='word_1_262' title='bbox 1020 2903 1138 2954; x_wconf 89' lang='lat' dir='ltr'>certum</span> 
     </span>
     <span class='ocr_line' id='line_1_33' title="bbox 121 2971 1136 3056; baseline 0.01 -28"><span class='ocrx_word' id='word_1_263' title='bbox 121 2971 319 3046; x_wconf 88' lang='lat' dir='ltr'>procedentes</span> <span class='ocrx_word' id='word_1_264' title='bbox 338 2981 476 3052; x_wconf 89' lang='lat' dir='ltr'>tractum,</span> <span class='ocrx_word' id='word_1_265' title='bbox 493 2984 524 3034; x_wconf 92' lang='lat' dir='ltr'>ut</span> <span class='ocrx_word' id='word_1_266' title='bbox 542 2975 773 3038; x_wconf 84' lang='lat' dir='ltr'>Atheniensibus</span> <span class='ocrx_word' id='word_1_267' title='bbox 794 2979 909 3056; x_wconf 87' lang='lat' dir='ltr'>sciron,</span> <span class='ocrx_word' id='word_1_268' title='bbox 926 2977 1013 3056; x_wconf 91' lang='lat' dir='ltr'>paulo</span> <span class='ocrx_word' id='word_1_269' title='bbox 1032 2977 1069 3038; x_wconf 89' lang='lat' dir='ltr'>ab</span> <span class='ocrx_word' id='word_1_270' title='bbox 1090 2997 1136 3038; x_wconf 88' lang='lat' dir='ltr'>ar·</span> 
     </span>
     <span class='ocr_line' id='line_1_34' title="bbox 122 3055 1136 3142; baseline 0.012 -30"><span class='ocrx_word' id='word_1_271' title='bbox 122 3063 208 3129; x_wconf 83' lang='lat' dir='ltr'>geste</span> <span class='ocrx_word' id='word_1_272' title='bbox 228 3055 378 3136; x_wconf 84' lang='lat' dir='ltr'>deflexus,</span> <span class='ocrx_word' id='word_1_273' title='bbox 396 3059 528 3138; x_wconf 91' lang='lat' dir='ltr'>reliquae</span> <span class='ocrx_word' id='word_1_274' title='bbox 546 3059 687 3123; x_wconf 85' lang='lat' dir='ltr'>Graeciae</span> <span class='ocrx_word' id='word_1_275' title='bbox 699 3065 827 3142; x_wconf 83' lang='lat' dir='ltr'>ignotus.</span> <span class='ocrx_word' id='word_1_276' title='bbox 855 3062 943 3124; x_wconf 88' lang='lat' dir='ltr'>aliubi</span> <span class='ocrx_word' id='word_1_277' title='bbox 955 3063 1040 3122; x_wconf 90' lang='lat' dir='ltr'>llatus</span> <span class='ocrx_word' id='word_1_278' title='bbox 1054 3063 1136 3124; x_wconf 89' lang='lat' dir='ltr'>idem</span> 
     </span>
    </p>

    <p class='ocr_par' dir='ltr' id='par_1_7' title="bbox 80 3135 1151 3565">
     <span class='ocr_line' id='line_1_35' title="bbox 80 3135 1134 3218; baseline 0.012 -22"><span class='ocrx_word' id='word_1_279' title='bbox 80 3145 126 3196; x_wconf 81' lang='lat'>121</span> <span class='ocrx_word' id='word_1_280' title='bbox 142 3135 288 3218; x_wconf 81' lang='lat' dir='ltr'>Olympias</span> <span class='ocrx_word' id='word_1_281' title='bbox 307 3152 435 3204; x_wconf 85' lang='lat' dir='ltr'>vocatur.</span> <span class='ocrx_word' id='word_1_282' title='bbox 474 3143 663 3208; x_wconf 83' lang='lat' dir='ltr'>Consuetudo</span> <span class='ocrx_word' id='word_1_283' title='bbox 686 3149 818 3208; x_wconf 92' lang='lat' dir='ltr'>omnibus</span> <span class='ocrx_word' id='word_1_284' title='bbox 839 3147 883 3208; x_wconf 92' lang='lat' dir='ltr'>his</span> <span class='ocrx_word' id='word_1_285' title='bbox 901 3147 1067 3208; x_wconf 91' lang='lat' dir='ltr'>nominibus</span> <span class='ocrx_word' id='word_1_286' title='bbox 1090 3168 1134 3209; x_wconf 88' lang='lat' dir='ltr'>ar-</span> 
     </span>
     <span class='ocr_line' id='line_1_36' title="bbox 120 3225 1151 3312; baseline 0.009 -31"><span class='ocrx_word' id='word_1_287' title='bbox 120 3231 227 3299; x_wconf 85' lang='lat' dir='ltr'>gesten</span> <span class='ocrx_word' id='word_1_288' title='bbox 249 3225 400 3304; x_wconf 83' lang='lat' dir='ltr'>intellegi,</span> <span class='ocrx_word' id='word_1_289' title='bbox 426 3237 456 3288; x_wconf 90' lang='lat' dir='ltr'>et</span> <span class='ocrx_word' id='word_1_290' title='bbox 472 3231 589 3292; x_wconf 91' lang='lat' dir='ltr'>caecian</span> <span class='ocrx_word' id='word_1_291' title='bbox 610 3233 698 3311; x_wconf 89' lang='lat' dir='ltr'>aliqui</span> <span class='ocrx_word' id='word_1_292' title='bbox 719 3242 824 3295; x_wconf 85' lang='lat' dir='ltr'>vocant</span> <span class='ocrx_word' id='word_1_293' title='bbox 838 3232 1081 3312; x_wconf 87' lang='lat' dir='ltr'>Hellespontian,</span> <span class='ocrx_word' id='word_1_294' title='bbox 1104 3244 1151 3294; x_wconf 65' lang='lat' dir='ltr'>et„</span> 
     </span>
     <span class='ocr_line' id='line_1_37' title="bbox 121 3307 1133 3396; baseline 0.012 -31"><span class='ocrx_word' id='word_1_295' title='bbox 121 3307 241 3367; x_wconf 90' lang='lat' dir='ltr'>eosdem</span> <span class='ocrx_word' id='word_1_296' title='bbox 257 3309 306 3370; x_wconf 92' lang='lat' dir='ltr'>alii</span> <span class='ocrx_word' id='word_1_297' title='bbox 322 3311 419 3374; x_wconf 90' lang='lat' dir='ltr'>aliter.</span> <span class='ocrx_word' id='word_1_298' title='bbox 448 3314 518 3373; x_wconf 89' lang='lat' dir='ltr'>item</span> <span class='ocrx_word' id='word_1_299' title='bbox 533 3316 563 3374; x_wconf 91' lang='lat' dir='ltr'>in</span> <span class='ocrx_word' id='word_1_300' title='bbox 581 3314 767 3379; x_wconf 90' lang='lat' dir='ltr'>Narbonensi</span> <span class='ocrx_word' id='word_1_301' title='bbox 784 3321 934 3396; x_wconf 87' lang='lat' dir='ltr'>provincia</span> <span class='ocrx_word' id='word_1_302' title='bbox 951 3317 1133 3378; x_wconf 87' lang='lat' dir='ltr'>clarissimus</span> 
     </span>
     <span class='ocr_line' id='line_1_38' title="bbox 119 3397 1133 3484; baseline 0.014 -33"><span class='ocrx_word' id='word_1_303' title='bbox 119 3401 273 3452; x_wconf 86' lang='lat' dir='ltr'>uentorum</span> <span class='ocrx_word' id='word_1_304' title='bbox 289 3403 336 3456; x_wconf 91' lang='lat' dir='ltr'>est</span> <span class='ocrx_word' id='word_1_305' title='bbox 354 3397 471 3474; x_wconf 89' lang='lat' dir='ltr'>circius,</span> <span class='ocrx_word' id='word_1_306' title='bbox 489 3417 544 3460; x_wconf 94' lang='lat' dir='ltr'>nec</span> <span class='ocrx_word' id='word_1_307' title='bbox 559 3399 619 3460; x_wconf 93' lang='lat' dir='ltr'>ullo</span> <span class='ocrx_word' id='word_1_308' title='bbox 636 3401 776 3462; x_wconf 87' lang='lat' dir='ltr'>violentia</span> <span class='ocrx_word' id='word_1_309' title='bbox 791 3397 925 3481; x_wconf 81' lang='lat' dir='ltr'>lilerior,</span> <span class='ocrx_word' id='word_1_310' title='bbox 942 3401 1052 3462; x_wconf 89' lang='lat' dir='ltr'>Ostiam</span> <span class='ocrx_word' id='word_1_311' title='bbox 1069 3405 1133 3484; x_wconf 88' lang='lat' dir='ltr'>ple·</span> 
     </span>
     <span class='ocr_line' id='line_1_39' title="bbox 121 3480 1135 3565; baseline 0.013 -30"><span class='ocrx_word' id='word_1_312' title='bbox 121 3494 240 3557; x_wconf 88' lang='lat' dir='ltr'>rumque</span> <span class='ocrx_word' id='word_1_313' title='bbox 263 3488 345 3541; x_wconf 90' lang='lat' dir='ltr'>recta</span> <span class='ocrx_word' id='word_1_314' title='bbox 364 3480 514 3560; x_wconf 84' lang='lat' dir='ltr'>Ligustico</span> <span class='ocrx_word' id='word_1_315' title='bbox 536 3487 606 3545; x_wconf 92' lang='lat' dir='ltr'>mari</span> <span class='ocrx_word' id='word_1_316' title='bbox 629 3487 801 3565; x_wconf 87' lang='lat' dir='ltr'>perferens,</span> <span class='ocrx_word' id='word_1_317' title='bbox 824 3487 901 3549; x_wconf 90' lang='lat' dir='ltr'>idem</span> <span class='ocrx_word' id='word_1_318' title='bbox 916 3506 975 3550; x_wconf 89' lang='lat' dir='ltr'>non</span> <span class='ocrx_word' id='word_1_319' title='bbox 997 3489 1085 3550; x_wconf 90' lang='lat' dir='ltr'>modo</span> <span class='ocrx_word' id='word_1_320' title='bbox 1104 3491 1135 3548; x_wconf 94' lang='lat' dir='ltr'>in</span> 
     </span>
    </p>
   </div>
   <div class='ocr_carea' id='block_1_3' title="bbox 0 0 1160 3936">
    <p class='ocr_par' dir='ltr' id='par_1_8' title="bbox 0 0 1160 3936">
     <span class='ocr_line' id='line_1_40' title="bbox 0 0 1160 3936; baseline 0 0"><span class='ocrx_word' id='word_1_321' title='bbox 0 0 1160 3936; x_wconf 95' lang='lat' dir='ltr'> </span> 
     </span>
    </p>
   </div>
  </div>
 </body>
</html>
