2392 3946
156 171 222 236 416
508 171 537 227 C.
556 172 657 228 Pnnu
675 167 834 228 suenum

157 321 283 384 rundam
302 331 407 384 natura
426 323 597 401 trigemina:
621 339 731 400 corpus
750 330 806 402 est,
829 323 898 383 dein
921 323 1038 403 lignum
1056 343 1168 385 narsus·

156 429 215 490 que
242 429 345 472 semen
375 413 407 472 in
433 410 528 491 ligno,
556 417 591 471 ut
619 412 652 470 in
673 409 812 472 Persicis.
857 413 1005 491 quaedam
1035 415 1114 474 inter
1142 432 1170 473 se

155 499 261 580 densa,
288 507 322 561 ut
344 517 432 580 urae,
460 498 562 580 sorba,
590 517 666 578 quae
693 517 791 560 ramos
819 501 1005 563 emeumdata
1033 505 1173 562 exomni

156 597 241 668 parte
264 605 389 650 uvarum
411 587 500 650 modo
523 588 692 668 degravant.
738 587 794 648 alia
815 606 897 670 rara,
925 593 1015 651 utin
1038 589 1174 652 Persicis.

105 683 156 733 115
167 677 311 756 quaedam
341 677 405 738 aluo
435 679 642 757 eontinentur,
673 684 707 738 ut
735 685 868 757 granata.
922 678 1097 759 dependent
1126 680 1194 740 alias

155 765 315 848 pediculis,
341 774 376 827 ut
397 768 476 848 pira,
498 765 554 826 alia
576 767 720 846 racemis,
743 773 778 828 ut
800 785 888 848 urae,
911 767 1042 850 palmae,
1070 768 1129 830 alia
1151 777 1174 829 et

156 854 355 934 pediculis-et
377 856 519 938 racemis,
544 861 579 918 ut
606 854 748 936 hederae,
776 854 890 918 sabuci.
933 856 990 918 alia
1016 875 1106 918 ramo
1133 858 1176 918 ad·

156 944 293 1026 haerent,
316 951 350 1006 ut
372 947 404 1004 in
424 943 522 1006 lauru.
568 943 712 1023 quaedam
735 951 864 1023 unoque
886 946 990 1028 modo,
1018 955 1053 1007 ut
1076 947 1176 1008 olivae.

156 1051 225 1096 nam
247 1041 278 1095 et
300 1033 406 1095 breues
429 1033 559 1113 pediculi
586 1041 616 1094 et
642 1032 733 1112 longi.
779 1033 924 1112 quaedam
952 1035 1082 1096 vasculis
1113 1055 1176 1096 eon-

157 1129 250 1204 stant,
281 1131 314 1184 ut
336 1121 449 1184 Punica
475 1131 507 1182 et
534 1121 658 1202 mespila
685 1121 822 1201 lotosque
845 1124 878 1183 in
901 1123 1036 1204 Aegypto
1064 1133 1097 1186 et
1120 1125 1194 1185 Eut

105 1217 156 1268 116
164 1211 279 1290 plurale.
324 1212 383 1274 hm
405 1229 476 1272 vero
499 1211 615 1272 diversa
638 1212 733 1290 gratia
756 1219 786 1272 et
813 1213 1043 1274 commendatio.
1089 1233 1176 1274 carne

156 1300 271 1379 palmae
293 1299 425 1382 placent,
453 1307 555 1361 onusta
577 1298 757 1380 Thebaicae,
781 1318 853 1362 suen
877 1319 954 1362 urae
977 1309 1008 1362 et
1032 1312 1178 1384 caryotae,

157 1388 231 1450 eollo
249 1391 314 1469 pira
336 1407 371 1450 ac
389 1388 473 1470 mala,
497 1407 624 1468 corpore
641 1406 735 1469 mora,
759 1389 933 1469 cartilagine
951 1391 1062 1472 nuclei,
1085 1411 1177 1471 grano

157 1478 302 1558 quaedam
325 1481 357 1539 in
379 1477 524 1558 Aegypto,
553 1484 623 1539 cute
646 1479 770 1540 caricae.
816 1477 986 1540 detrahitur
1011 1479 1088 1541 liaee
1116 1483 1177 1542 licis

36 1619 39 1628 .
157 1566 331 1648 virentibus,
353 1575 388 1628 ut
404 1574 555 1648 putamen,
577 1565 750 1646 eisdemque
767 1569 800 1630 in
817 1570 906 1630 siccis
924 1571 1052 1630 maxime
1069 1569 1176 1650 placet.
1194 1598 1195 1611 κ

105 1659 196 1716 nain
214 1658 334 1736 papyris
352 1663 382 1717 et
401 1655 506 1716 lcrulis
525 1657 670 1736 spinaque
688 1655 755 1718 alba
773 1655 865 1719 caulis
888 1659 953 1737 ipse
977 1675 1100 1738 pomum
1123 1667 1175 1719 est.

157 1753 228 1806 sunt
246 1752 278 1806 ct
295 1743 397 1810 ficulni
419 1744 528 1826 caules,
550 1747 583 1806 in
605 1745 751 1806 fruticoso
773 1763 883 1824 genere
907 1763 979 1808 cum
1001 1747 1086 1808 carde
1111 1767 1172 1827 cap·

156 1837 247 1916 paris,
269 1837 301 1894 in
321 1833 437 1912 siliquis
455 1851 526 1894 vero
544 1834 625 1913 quad
643 1834 795 1896 manditur
812 1835 884 1914 quid
903 1838 963 1896 nisi
980 1836 1098 1916 lignum
1110 1833 1170 1896 est?

156 1941 218 1984 nnn
250 1923 413 1984 omittenda
443 1923 565 1984 seminis
598 1941 701 1984 earum
732 1926 925 2004 proprietate.
977 1943 1049 1986 nam
1081 1943 1168 2003 neque

157 2031 268 2092 corpus
290 2031 346 2073 nec
369 2012 483 2091 lignum
505 2030 560 2072 nec
584 2011 724 2092 cartilago
748 2012 808 2073 diei
829 2020 943 2095 potest,
970 2031 1070 2093 neque
1100 2014 1195 2074 aliud¹

156 2119 266 2162 nomen
288 2103 428 2162 inveniat.

107 2195 157 2247 118
226 2185 286 2251 29.
314 2183 388 2272 (35)
419 2189 569 2252 Surorum
596 2197 703 2252 natura
729 2192 921 2270 praeeipuam
949 2191 1169 2253 admirationem

156 2281 188 2338 in
211 2286 307 2358 myrto
325 2278 423 2359 hahet,
446 2278 563 2358 quando
587 2297 625 2340 er
647 2297 707 2340 una
729 2281 864 2341 omnium
886 2279 945 2341 olei
968 2282 1094 2361 vinique
1113 2281 1172 2342 bina

110 2354 266 2448 lffqgenera
289 2367 373 2450 liunt,
395 2368 700 2450 itemvmyrtidanum,
722 2375 757 2430 ut
775 2369 913 2430 diximus.
950 2377 982 2431 et
1004 2369 1082 2431 alius
1108 2389 1172 2432 usus

156 2455 246 2518 bacae
265 2457 323 2526 luit
340 2456 418 2536 apud
436 2459 584 2539 antiquae,
601 2465 760 2537 antequam
777 2461 864 2538 piper
882 2459 1084 2540 reperiretur,
1101 2458 1191 2519 illam

157 2549 296 2625 optinens
318 2549 427 2627 vicem,
453 2549 485 2608 in
508 2545 638 2626 quodam
660 2549 749 2608 etiam
771 2565 881 2627 genere
909 2549 1029 2627 opsonii
1056 2550 1173 2608 nomine

156 2635 226 2696 inde
249 2643 354 2716 tracto,
377 2635 457 2715 quod
480 2637 569 2702 etiam
592 2654 672 2696 nune
695 2642 857 2715 myrtatum
879 2644 1012 2697 vocatur.
1059 2637 1172 2698 eadem·

158 2743 216 2803 que
239 2727 353 2804 origine
382 2742 524 2805 aprorum
551 2742 640 2803 sapor
667 2723 904 2806 commendatur,
932 2725 1114 2806 plerumque
1142 2724 1173 2784 ad

157 2811 303 2875 intinctus
325 2813 431 2874 additis
455 2815 568 2894 myrtis.

228 3023 298 3076 tut
313 3021 344 3076 in
361 3021 445 3076 dSitt.
473 3023 506 3078 ut
522 3037 566 3076 rc.
657 3025 673 3075 5
693 3021 757 3076 aluo
776 3022 897 3076 echre.
925 3020 984 3076 elio
1004 3023 1034 3077 ll.
1043 3021 1101 3076 edd.
1110 3024 1175 3075 outa

163 3091 238 3147 Vere.
318 3092 564 3148 taambucisdc.
646 3091 761 3147 alauro
780 3095 845 3149 odo.
927 3097 961 3144 12
981 3091 1176 3148 ernstafflir.

96 3213 105 3230 ‚
158 3178 200 3216 er·
217 3163 280 3218 Nc.
309 3180 408 3220 erusca
425 3182 450 3218 a.
560 3163 822 3220 remoraremur.
847 3163 1074 3220 ,malamored
1102 3163 1176 3218 mela

157 3233 229 3289 hora
246 3236 308 3292 1t¹e
340 3236 443 3291 mma..
463 3251 552 3291 ore...
571 3253 596 3289 a.
628 3234 773 3290 melimla
795 3251 875 3290 more
896 3251 920 3290 c.
951 3236 955 3303 Ι
986 3235 1053 3290 diat.
1072 3235 1174 3300 Delli

158 3305 374 3376 earthilnginem
391 3313 441 3362 lte.
524 3305 1038 3362 1acaricaett.edd.amteitas.1)ert.
1068 3308 1103 3362 nt
1122 3323 1175 3360 ear-

157 3373 275 3430 euno.
356 3381 389 3430 15
408 3376 515 3432 eisdem
533 3393 606 3445 quae
624 3375 709 3432 aSall.
737 3375 837 3432 eadem
854 3376 1063 3435 educasset.
1147 3382 1175 3432 19

157 3459 195 3561 a
209 3513 403 3570 ι,
501 3447 960 3575 raumara-auu·
988 3448 1176 3574 sarid

157 3537 168 3548 ·
261 3554 268 3566 .
404 3557 410 3570 .
609 3533 639 3571 m
754 3562 760 3574 .
852 3562 858 3574 .
906 3561 912 3574 .
983 3561 990 3574 .
1059 3561 1066 3574 .
1096 3550 1108 3561 -
1157 3537 1176 3572 r.

153 3577 223 3631 .-lius
241 3581 299 3636 Gal.
326 3533 402 3640 libaee
420 3535 631 3644 adquirenda
740 3596 775 3646 26
793 3535 893 3646 ilironl.
906 3535 986 3658 was!
1016 3537 1177 3660 generent)²

157 3644 229 3700 Detl.
257 3667 331 3707 -cose
350 3659 373 3708 d.
403 3673 493 3710 rosae
511 3657 573 3713 ltlo.
602 3659 671 3714 -rosi
689 3675 735 3717 av,
