2396 3940
173 163 240 229 240
529 159 558 215 0.
577 159 677 214 PLINI
697 157 854 213 SECUNDI

121 323 171 374 129
241 306 314 396 (46)
342 311 444 392 Capita
466 309 599 392 piscibus
622 310 760 389 portione
784 325 945 388 corporum
968 307 1101 388 mariun,
1120 305 1166 364 ior·

172 405 261 466 tassis
287 409 323 464 ut
348 407 530 480 mergantur.
580 407 749 460 ostrearum
776 399 879 478 generi
908 396 990 458 nulla
1016 413 1071 456 nec
1096 413 1167 474 spon·

173 495 237 574 geis
264 510 320 553 nec
348 490 413 552 aliis
441 490 503 550 iere
531 487 641 568 quibus
668 487 751 550 solus
778 506 816 548 ex
843 485 983 548 sensibus
1010 491 1104 548 tactus
1127 493 1168 544 est.

174 581 352 662 quibusdam
374 579 570 641 indiscretum
592 586 695 659 caput,
719 585 754 638 ut
776 577 902 638 cancris.

123 682 173 730 130
241 664 316 754 (41)
339 669 373 730 ln
392 671 489 749 capite
512 668 682 730 animalium
705 674 884 729 cunctorum
906 665 1022 726 homini
1043 663 1183 745 plurimus

174 761 266 842 pilus,
291 763 350 824 iam
378 757 499 838 quidem
525 759 694 838 promiscue
723 755 856 818 maribus
885 774 919 816 ao
949 755 1084 834 leminis,
1110 752 1170 832 apud

174 853 306 912 intonsas
332 850 438 927 utique
466 854 580 927 gentes.
625 854 714 926 atque
742 848 833 908 etiam
860 847 981 906 nomina
1010 863 1048 904 ex
1075 861 1108 904 eo
1132 841 1170 904 Ca·

173 939 281 1020 pillatis
304 937 423 1018 Alpium
445 936 566 1019 incolis,
590 935 698 998 Galliae
722 935 875 1016 Comatae,
897 942 931 996 nt
954 943 1058 995 tamen
1080 934 1116 994 sit
1134 931 1171 990 ali·

175 1047 233 1108 qua
255 1030 289 1088 in
309 1027 366 1088 hoc
385 1033 535 1088 terrarum
554 1027 730 1088 differentia
777 1027 887 1105 quippe
905 1023 1038 1104 Myconii
1057 1029 1173 1084 carentes

175 1136 210 1178 eo
238 1119 414 1198 gignuntur,
443 1118 521 1178 sicut
548 1117 580 1177 in
608 1115 708 1177 Cauno
737 1115 852 1176 lienosi.
898 1122 929 1174 et
957 1113 1104 1193 quaedam
1127 1115 1173 1171 ani·

174 1207 295 1268 malium
322 1205 497 1268 naturaliter
526 1205 654 1286 calcent,
686 1207 765 1266 sieut
794 1203 1022 1266 struthocameli
1054 1211 1085 1264 et
1111 1201 1175 1262 coru

122 1297 324 1377 lataquatici,
354 1295 463 1374 quibus
492 1295 571 1375 apud
601 1294 731 1356 Graecos
760 1312 869 1355 nomen
898 1293 977 1354 inde.
1033 1291 1174 1354 delluu'un

175 1403 279 1447 eorum
301 1387 333 1446 in
356 1383 480 1446 muliere
503 1401 619 1466 rarum,
646 1385 677 1444 in
701 1382 882 1463 spadonibus
910 1401 971 1444 non
998 1383 1111 1462 visum,
1134 1397 1174 1438 ner

172 1476 205 1536 in
230 1473 291 1535 ullo
317 1480 385 1534 ante
410 1474 528 1534 veneris
553 1491 652 1555 usum,
674 1491 731 1534 nec
755 1473 833 1534 inira
857 1471 1021 1534 cerebrum
1045 1479 1097 1534 aut
1116 1470 1176 1530 inira

118 1591 141 1606 ··
175 1565 316 1625 verticem
343 1570 395 1623 aut
421 1564 501 1624 circa
531 1571 665 1642 tempora
696 1570 785 1642 atque
815 1580 911 1644 auree.
957 1560 1113 1622 calvitium
1138 1559 1177 1618 uui

175 1661 290 1715 tantum
314 1651 484 1714 animalium
505 1651 620 1712 homini
641 1659 852 1732 praeterquam
877 1653 1025 1712 innatum
1074 1649 1178 1712 canities

175 1743 288 1804 homini
305 1749 421 1803 tantum
440 1748 471 1802 et
488 1759 576 1823 equo,
599 1740 652 1802 sed
670 1741 784 1802 bomini
802 1759 920 1820 semper
942 1759 960 1801 a
981 1742 1089 1822 priore
1110 1747 1177 1819 parte

175 1834 296 1913 capitis,
328 1839 393 1892 tum
423 1829 531 1892 deinde
562 1830 598 1891 ab
629 1849 740 1892 aversa.
785 1831 914 1890 vertices
944 1829 1009 1890 bini
1041 1830 1178 1890 hominum

174 1929 290 1983 tantum
313 1921 428 2001 aliquis.

124 2022 174 2071 132
243 2003 318 2094 (48)
342 2009 453 2091 Capitis
471 2027 538 2071 ossa
556 2009 652 2090 plana,
675 2011 790 2092 tenuia,
810 2011 874 2070 sine
893 2007 1050 2092 medullis,
1074 2009 1180 2070 serratis

174 2101 347 2180 pectinatim
366 2107 480 2160 structa
499 2099 714 2179 compagibus
732 2099 882 2179 perfracta
900 2116 962 2158 non
984 2107 1106 2178 queunt
1127 2096 1179 2158 soli-

176 2189 248 2270 dari,
271 2188 323 2249 sed
343 2197 466 2269 excepta
484 2189 601 2250 modice
620 2207 681 2250 non
700 2195 771 2250 sunt
793 2187 890 2249 letalia
912 2189 943 2248 in
966 2188 1069 2250 vicem
1093 2203 1181 2250 eorum

175 2277 355 2339 succedente
386 2291 531 2360 corporea
565 2280 712 2340 cicatrice.
764 2279 966 2340 infirmissima
1001 2296 1074 2339 esse
1108 2279 1181 2343 ursis,

122 2357 190 2446 lulli
198 2366 357 2428 durissima
378 2369 513 2448 psittacis
541 2387 596 2430 suo
620 2367 747 2430 (liumus
770 2367 845 2428 loco.

124 2469 174 2544 133
242 2449 317 2540 (49)
336 2455 502 2519 Cerebrum
520 2460 618 2519 omnia
631 2448 743 2519 habent
761 2457 986 2538 animaliaquae
1007 2459 1181 2538 sanguinem

121 2536 271 2608 boeotiam
293 2547 325 2607 in
347 2548 423 2608 mari
445 2565 525 2627 quac,
544 2547 643 2609 mollia
665 2547 889 2629 appellavimus,
912 2550 1050 2627 muniris
1075 2556 1179 2608 careant

175 2637 331 2718 sanguine,
360 2645 395 2698 ut
422 2635 558 2718 polypus.
604 2637 656 2698 sed
683 2634 772 2698 homo
799 2639 937 2718 portione
967 2639 1134 2698 maximum
1159 2645 1180 2693 u

174 2727 391 2790 umidissimum
415 2728 606 2806 omniumque
629 2729 779 2788 viscerum
806 2727 1049 2808 frigidissimum,
1079 2725 1180 2788 duabus

174 2834 264 2895 supra
291 2814 454 2895 subterque
482 2815 662 2877 membranis
690 2816 832 2898 velatum,
860 2826 987 2896 quamm
1016 2815 1181 2878 alterutram

174 2907 273 2984 rumpi
296 2905 486 2966 mortiferum
509 2913 563 2968 est.
609 2913 710 2980 cetero
733 2907 790 2966 viri
814 2924 902 2985 quam
929 2905 1060 2967 feminae
1090 2907 1180 2966 maius.

122 2991 352 3054 134h0minibus
370 2992 428 3055 hoo
452 2996 515 3056 sine
540 2997 693 3076 sanguine,
717 2997 781 3056 sine
800 2997 891 3056 venis.
924 3001 955 3055 et
976 2994 1106 3076 reliquis
1129 2996 1181 3055 sine

246 3171 279 3220 10
293 3165 394 3226 lienosi
407 3167 516 3222 dBarb.
534 3165 663 3221 lent-11².
686 3166 755 3221 leni-
769 3184 793 3222 r.
858 3173 892 3222 14
905 3167 965 3222 ullo
978 3171 1055 3223 ndo.
1075 3167 1174 3222 nnllor

214 3309 219 3320 ι
246 3243 279 3293 17
299 3253 371 3306 equo
388 3243 420 3292 n.
447 3245 594 3307 aequest).
620 3237 699 3307 equis
718 3243 785 3293 ado.
859 3243 892 3293 18
911 3239 1077 3294 vertices-
1089 3245 1122 3294 19
1139 3237 1179 3290 eli·

174 3327 235 3376 qms
253 3325 300 3378 opo
318 3311 397 3364 traci
415 3309 452 3363 od
465 3309 486 3380 §
499 3314 552 3364 131
572 3311 630 3365 coll.
645 3311 736 3366 iudice
753 3311 820 3365 libra·
837 3315 863 3365 et
876 3310 964 3366 Arici.
977 3311 1004 3364 b.
1019 3328 1046 3366 oa
1060 3314 1083 3365 Ι
1093 3315 1173 3366 reus

174 3455 208 3502 2⁷
225 3383 711 3532 ρξῗιροιιζφὲωοὲαᾎνίειῗῗίεθὲἓέ
724 3385 778 3508 32.
792 3388 1075 3528 ΙθΙᾳᾷῗθέἶΒῗέἓθ
1092 3386 1178 3524 golpp

173 3519 278 3573 Dde'o.
307 3521 414 3589 ·1p10.¹.
487 3522 734 3604 29altembrb112.
758 3524 850 3580 alteru
863 3525 907 3580 11¹.
932 3523 1081 3582 nlil'amd.
1106 3525 1178 3580 altu-

172 3589 284 3670 trauncz
376 3597 411 3646 30
429 3591 606 3664 abrcmp1ii.
656 3632 659 3643 .
697 3601 730 3650 31
750 3595 813 3651 dist.
832 3613 887 3668 epo.
912 3597 998 3668 (et=
1012 3597 1109 3660 etiem]
1137 3595 1173 3660 cfr

174 3654 260 3710 Arest.
275 3659 292 3712 i.
307 3659 324 3713 l.
339 3677 370 3729 p.
381 3665 438 3717 652
447 3663 484 3729 A,
494 3667 540 3719 29.
559 3663 596 3730 B,
605 3669 631 3720 1.
649 3665 675 3722 b.
690 3685 716 3722 o.
732 3669 823 3724 III17
836 3669 1037 3738 peremta.
