2302 3938
107 171 166 234 134
481 151 512 226 c'.
533 177 629 225 antur
649 176 799 226 sncnuor

104 339 174 402 duit.
192 339 286 400 tenuis
300 337 393 418 primo
408 351 466 396 neo
480 333 535 393 nisi
550 333 669 412 piscinis
686 331 852 392 conrivatus
865 331 1049 412 emissusque
1060 350 1107 392 na·

106 423 250 502 vigabilis,
267 422 351 484 sicuti
367 417 448 480 Tinia
464 426 494 478 et
509 416 607 479 (ilanis
622 414 776 477 induentes
791 415 820 474 in
837 433 914 493 eum,
930 433 1107 478 novenorum

105 511 143 568 ita
165 515 309 585 conceptu
330 505 457 578 dierum,
483 502 508 562 si
532 518 589 561 non
612 500 748 562 adiuvent
765 499 885 560 imbres.
926 501 979 563 sed
994 499 1109 562 Tiberis

107 599 229 671 propter
240 607 346 670 aspera
359 597 388 649 et
403 585 579 666 confragosa
590 603 627 646 ne
643 586 686 646 sio
701 584 817 664 quidem
832 594 1041 666 praeterquam
1057 595 1108 646 tra-
1139 639 1140 644 ,

105 675 191 736 bibus
206 676 304 736 verius
320 691 404 754 quam
419 671 528 733 ratibus
544 671 631 748 longe
647 669 781 730 meabilis
796 669 904 746 fertur,
927 689 982 750 per
998 681 1130 736 centums

106 760 311 839 quinquaginta
332 757 410 818 milia
432 774 567 835 passuum
589 771 647 816 non
669 754 774 834 procul
791 753 911 816 Tiferno
932 753 1121 835 l’erusiaqne¹

106 854 135 904 et
151 843 307 919 ocriculo,
329 840 472 902 Etruriam
482 840 524 902 'ab
539 839 655 901 Umbris
672 858 708 902 ac
723 839 853 917 Sabinis,
877 853 946 900 mox
964 841 1039 900 citra
1068 857 1110 899 se·

106 928 200 988 decim
223 925 301 987 milia
322 943 458 1005 passuum
481 925 561 986 urbis
581 925 735 986 Veientem
757 943 857 1004 agrurn
877 941 894 986 a
915 920 1109 996 crustumino,

64 1011 172 1080 sadein
189 1009 359 1072 Fidenatem
379 1009 599 1090 Latinumquea
619 1009 761 1070 Vaticano
785 1009 937 1086 dirimens,
961 1008 1017 1069 sed
1041 1009 1110 1068 inira

106 1096 271 1156 Arretinum
284 1093 394 1155 Glanim
415 1093 528 1155 duobus
552 1103 582 1155 et
593 1093 782 1173 quadraginta
793 1093 888 1154 lluviis
900 1101 1015 1170 auctus,
1029 1111 1140 1172 prae-10

107 1181 199 1260 cipuis
215 1189 311 1240 autem
326 1177 404 1240 Nare
420 1186 451 1238 et
468 1177 598 1256 Aniene,
624 1179 673 1258 qui
689 1187 718 1238 et
733 1180 798 1258 ipse
813 1176 989 1256 navigabilis
1005 1175 1110 1238 Latium
1141 1183 1142 1230 t

106 1265 224 1326 includit
245 1283 262 1326 a
283 1273 388 1342 tergo,
407 1279 470 1324 uec
491 1265 582 1323 minus
602 1273 700 1324 tamen
720 1263 803 1342 aquis
823 1279 859 1323 ac
880 1270 924 1322 tot
939 1261 1072 1322 fontibus
1087 1263 1112 1320 in

106 1349 207 1410 urbem
218 1349 379 1429 perductis,
396 1356 426 1408 et
437 1347 506 1408 ideo
519 1347 678 1426 quamlibet
688 1365 853 1426 magnarum
864 1347 980 1408 uadum
991 1365 1032 1407 ex
1043 1345 1111 1406 ltalo

106 1433 180 1492 mari
192 1451 303 1511 capax,
327 1449 425 1492 uernum
446 1432 475 1490 in
495 1440 557 1492 toto
572 1430 646 1492 orbe
663 1433 842 1492 nascentium
858 1439 1008 1492 mercator
1025 1431 1111 1510 placi·

108 1515 251 1592 dissimus,
270 1515 402 1595 pluribus
417 1532 511 1596 prope
528 1515 609 1576 solus
625 1533 710 1594 quam
725 1518 817 1576 ceteri
834 1517 862 1576 in
878 1513 1014 1576 omnibus
1029 1515 1113 1575 terris
1121 1529 1143 1590 u,

64 1606 98 1660 55
106 1617 204 1660 amnes
222 1600 365 1662 adcclitur
383 1600 600 1680 adspiciturque
619 1599 707 1678 villis,
734 1600 863 1681 nullique
887 1600 1044 1662 duriorum
1066 1602 1111 1658 mi·

106 1703 157 1744 nus
167 1681 237 1746 lieet
245 1686 365 1748 inclusis
380 1689 525 1766 utrimque
535 1687 684 1748 lateribus.
707 1705 762 1748 nec
774 1695 869 1746 tamen
880 1685 946 1764 ipse
957 1682 1111 1763 depugnat,

107 1786 278 1849 quamquam
296 1769 404 1830 creber
424 1786 460 1830 ao
483 1767 594 1829 subitus
614 1769 801 1829 incrementis
817 1777 847 1829 et
862 1786 1006 1848 nusquam
1021 1769 1113 1846 magis
1143 1793 1144 1800 ¹

105 1854 188 1933 aquis
213 1871 297 1934 quarn
319 1854 359 1914 in·
372 1855 435 1933 ipsa
451 1852 524 1914 urbe
541 1852 749 1932 stagnantibus.
781 1854 849 1933 quin
869 1853 955 1914 immo
971 1861 1060 1913 vates
1075 1854 1112 1911 in·

105 1937 256 2016 tellegitur
277 1940 375 2017 potius
396 1957 431 1999 ac
453 1938 578 1999 monitor
598 1946 685 1999 auctu
706 1955 825 2017 semper
839 1937 999 2016 religiosus
1015 1938 1141 1998 ueriusu

64 2032 190 2100 unquam
214 2040 331 2082 saevus.
363 2020 472 2082 latium
493 2024 639 2102 antiquum
661 2021 794 2083 aTiberi
807 2019 949 2083 Cerceios
969 2030 1112 2082 servatum

106 2104 191 2165 esthl
205 2123 284 2184 pass.
302 2104 527 2183 hlongitudine.
545 2117 602 2168 tam
617 2117 721 2168 tenues
736 2106 896 2188 primordio
911 2108 1016 2187 imperi
1033 2106 1113 2166 fuere

105 2188 231 2250 radices.
268 2189 382 2252 colonis
398 2207 489 2270 saepe
502 2193 615 2254 mutatis
632 2201 753 2252 tenuere
772 2191 821 2253 alii
837 2191 902 2252 aliis
919 2191 1113 2271 temporibus,

106 2271 304 2352 Aborigines,
332 2273 465 2354 Pelasgi,
489 2275 638 2353 Arcades,
666 2276 767 2352 Siculi,
790 2275 935 2358 Aurunci,
959 2274 1071 2350 Rutuli,
1089 2283 1114 2334 et

106 2355 331 2420 ultraCerceios
345 2358 465 2437 Volsci,
484 2357 564 2436 Osci,
581 2359 735 2438 Ausones,
752 2361 829 2423 unde
846 2379 952 2422 nomen
966 2359 1030 2422 Lati
1048 2375 1141 2438 pro-2³

107 2444 197 2504 cessit
214 2443 251 2504 ad
265 2443 351 2504 Lirim
367 2463 489 2506 amnem.
523 2445 553 2506 ln
571 2446 714 2525 principio
733 2454 778 2506 est
793 2443 874 2506 Ostia
890 2445 1007 2506 colonia
1023 2463 1041 2504 a
1057 2443 1112 2503 llo·

106 2545 191 2590 mano
206 2545 279 2606 rege
296 2529 432 2605 deducta,
451 2529 588 2609 oppidum
602 2528 784 2605 Laurentum,
802 2528 885 2590 luens
902 2528 981 2590 lovis
996 2527 1112 2605 ludige-

106 2614 160 2690 tis,
185 2613 276 2674 amnis
293 2612 457 2688 Numicius,
480 2613 580 2675 Ardea
601 2613 735 2676 abanec
751 2613 854 2675 l'ersei
875 2623 966 2675 matre
985 2613 1110 2674 condita.

65 2697 97 2752 57
108 2697 174 2758 dein
190 2698 335 2779 quondam
348 2697 564 2776 Aphrodisium,
580 2696 694 2760 Antium
708 2698 834 2778 colonia,
847 2697 953 2759 Astura
965 2697 1074 2759 flumen
1086 2703 1113 2755 et

107 2782 218 2860 insula,
236 2781 339 2844 fluvius
353 2781 551 2862 Nymphaeus,
568 2779 684 2844 Clostra
698 2782 838 2861 Romana,
850 2779 955 2844 Uenesi
967 2781 1111 2862 quondam
1121 2796 1140 2831 u·

107 2865 199 2928 insula
217 2867 348 2927 inmenso
364 2869 481 2948 quidem
498 2868 568 2929 mari
585 2868 818 2944 circumdata,·ut
835 2866 1111 2940 crediturllomeru,

109 2959 138 3010 et
148 2967 223 3010 nuno
240 2951 370 3030 planitie.
396 2951 498 3014 hlirum
510 2961 555 3013 est
572 2953 650 3032 quod
667 2952 723 3014 bac
738 2952 775 3013 de
790 2969 824 3012 re
839 2952 956 3013 tradere
968 2951 1112 3012 hominum

107 3035 227 3094 notitiae
243 3052 407 3114 possumus.
436 3035 666 3116 Theophrastus,
682 3039 731 3117 qui
742 3039 851 3116 primus
862 3046 1050 3098 externorum
1062 3035 1111 3096 ali·

109 3118 217 3197 quade
233 3118 370 3182 Romanis
388 3121 553 3200 diligentius
568 3123 685 3202 scripsit
701 3123 781 3202 (nam
798 3117 1021 3202 Theopompus,
1046 3128 1111 3180 ante

109 3219 295 3280 quemnemo
311 3207 486 3266 mentionem
503 3204 618 3283 habuit,
643 3205 745 3266 urbem
761 3205 907 3266 dumtaxat
924 3224 941 3268 a
957 3203 1049 3268 Gallis
1066 3216 1140 3264 caat

108 3296 185 3364 ptam
201 3288 282 3365 dixit,
300 3286 464 3351 Clitarchus
479 3289 516 3352 ab
534 3307 571 3350 eo
587 3297 736 3370 proximus
759 3290 936 3368 legationem
951 3298 1059 3350 tantum
1075 3286 1110 3346 ad

66 3370 302 3435 seAtexaudrum
313 3375 440 3452 missam,
456 3375 503 3438 hio
518 3375 574 3436 iam
588 3375 654 3455 plus
670 3394 755 3456 qnam
767 3384 797 3436 et
809 3375 913 3456 lama),
926 3373 1110 3437 Cerceiorum

107 3455 219 3518 insulae
241 3467 270 3520 et
286 3478 456 3532 mensuram¹
469 3461 566 3541 posuit
584 3459 676 3522 stadia
700 3461 849 3540 octoginta
864 3461 893 3520 in
911 3477 948 3521 eo
963 3457 1110 3520 volumine
