2590 3934
322 165 406 224 NA'I.
426 167 518 224 EIST.
537 170 603 226 VIII
622 175 727 227 art-m
747 172 874 243 (as-41)
1021 245 1027 252 θ
1067 171 1110 236 79

88 321 201 380 tamius
224 319 337 401 editur,
363 319 483 400 ungulis
505 320 584 382 binis
607 321 710 400 qrrales
732 321 845 404 bubus,
872 322 961 385 dorso
986 324 1055 404 equi
1078 330 1109 383 et
1170 397 1171 400 Ἴ

88 407 161 468 iuba
184 416 215 469 et
231 409 359 490 hinnitu,
381 417 479 470 rostro
498 412 618 491 resimo,
640 411 734 472 cauda
757 420 787 473 et
805 412 944 474 dentibus
967 430 1109 494 aprorum

87 497 214 560 aduncis
237 498 290 560 sed
313 501 412 560 minus
434 502 540 582 noxiis,
566 502 693 579 tergoris
716 501 752 562 ad
777 509 860 563 scuta
883 502 1040 582 galeasque
1064 503 1108 562 in-

86 587 298 670 penetrabilis,
325 590 535 669 praeterquam
563 591 589 649 si
616 607 720 650 umore
747 591 893 652 madeant.
938 593 1108 672 depascitur
1184 593 1188 602 ’

57 684 208 756 ssegetes
231 677 428 740 destinatione
452 686 529 760 ante,
552 686 587 740 ut
609 679 720 761 ierunt,
742 680 953 742 determinatas
975 684 1007 742 in
1030 682 1109 742 diem

86 775 117 828 et
141 785 179 828 ex
204 786 276 847 agro
295 767 461 830 ferentibus
480 771 625 850 vestigiis,
648 787 686 829 ne
707 787 782 849 quae
803 773 967 832 revertenti
984 771 1107 832 insidiae

86 865 310 936 comparentur.

156 941 218 1009 26.
250 941 324 1031 (40)
365 946 485 1008 Primus
509 965 578 1009 eum
600 955 631 1009 et
654 950 786 1028 quinque
809 950 974 1011 crocodilos
996 950 1106 1014 Romae
1127 957 1163 1007 96

87 1037 251 1098 aedilitatis
267 1056 338 1100 suae
352 1037 430 1099 ludis
444 1037 482 1099 M.
498 1037 629 1098 Scaurus
646 1041 826 1117 temporario
846 1042 950 1119 euripo
970 1039 1108 1100 ostendit.

44 1147 73 1186 ιο
87 1127 321 1207 hippopotamus
350 1129 382 1190 iu
413 1127 538 1206 quadam
568 1127 715 1188 medendi·
734 1135 831 1207 parte,
850 1131 939 1190 etiam
968 1131 1110 1208 magister

86 1219 213 1278 exstitit.
244 1217 365 1278 adsidua
387 1235 515 1296 namque
539 1219 674 1278 satietate
698 1216 808 1278 obesus
831 1220 892 1279 exit
914 1220 945 1278 in
968 1218 1039 1278 litus
1062 1237 1108 1278 re·

86 1314 194 1368 centes
217 1306 418 1369 harrmdinum
442 1325 581 1368 caesuras
604 1305 791 1386 speculatum
814 1315 902 1387 atque
925 1305 978 1368 ubi
1001 1309 1109 1368 acutis·

86 1399 197 1456 simam
219 1395 299 1458 videt
322 1398 447 1475 stirpem
464 1397 629 1476 inprimens
653 1414 762 1476 corpus
785 1415 889 1457 venam
909 1396 1056 1476 quandam
1078 1399 1109 1456 in

87 1483 184 1546 crure
213 1486 358 1548 vulnerat
382 1493 469 1566 atque
502 1488 543 1546 ita
574 1485 720 1566 profluvio
756 1488 908 1566 sanguinis
940 1485 1109 1547 morbidum

45 1593 72 1634 15
87 1575 162 1636 alias
187 1593 297 1656 corpus
320 1583 461 1636 exonerat
485 1582 515 1636 et
536 1575 652 1654 plagam
674 1575 744 1636 limo
767 1593 874 1636 rursus
899 1575 1029 1636 obducit.

159 1659 221 1727 27.
254 1658 328 1748 (41)
375 1663 477 1725 Simile
501 1665 641 1744 quiddam
669 1673 699 1725 et
721 1665 850 1725 volucris
873 1667 905 1726 in
928 1665 1032 1725 eadem
1054 1665 1108 1724 Ae·
1128 1669 1162 1718 97

87 1762 182 1834 gypto
206 1757 393 1836 monstravit,
417 1772 493 1834 quae
511 1761 634 1816 vocatur
656 1753 726 1836 ibis,
750 1757 841 1815 rostri
863 1754 1032 1815 aduncitate
1055 1771 1109 1832 per

88 1853 293 1924 campartem
315 1863 347 1905 se
365 1843 507 1923 perlueus
530 1861 588 1922 qua
610 1842 696 1904 reddi
714 1843 849 1904 ciborum
873 1861 964 1904 onera
983 1845 1108 1904 maxime

88 1933 213 1996 salubre
246 1940 299 1995 est.
349 1951 405 1994 nec
434 1933 507 1994 haec
538 1931 615 1994 sola:
655 1933 757 1994 multis
787 1932 961 1995 animalibus
991 1939 1110 2012 reperta

47 2041 73 2081 ao
88 2031 164 2084 sunt
194 2025 264 2084 usui
293 2024 393 2084 lutura
422 2030 453 2084 et
478 2022 600 2084 homini.
650 2021 831 2084 dictamnum
860 2022 984 2083 herbam
1015 2029 1109 2082 extra-

87 2112 200 2174 hendis
229 2115 342 2192 sagittis
370 2115 451 2174 cerri
477 2119 680 2173 monstravere
703 2113 840 2192 percussi
866 2131 902 2172 eo
924 2112 984 2172 telo
1008 2119 1109 2191 pastu·

88 2221 152 2282 que
181 2201 292 2264 herbae
324 2204 389 2263 eirrs
417 2204 512 2264 eiecto
545 2234 587 2244 -
619 2203 711 2262 iidem
736 2203 873 2282 percussi
900 2220 917 2262 a
945 2200 1111 2280 phalangio,-

89 2291 175 2372 quod
199 2299 246 2354 est
267 2293 367 2354 aranei
390 2310 498 2372 genus,
527 2298 579 2366 aut
605 2291 703 2370 ahquo
732 2291 821 2352 simili
847 2309 971 2352 canoros
995 2289 1110 2351 edendo

89 2381 152 2442 sibi
179 2381 337 2442 medentur
361 2403 420 2462 —3
450 2388 496 2442 est
520 2389 549 2442 et
572 2381 608 2440 ad
631 2383 816 2459 serpentium
841 2382 919 2442 ictus
942 2379 1110 2460 praecipua,

48 2488 74 2528 aa
90 2490 153 2550 qua
182 2490 214 2531 se
236 2471 341 2534 lacerti
364 2473 502 2550 quotiens
529 2488 599 2530 cum
621 2470 668 2530 his
693 2487 873 2531 conseruere
896 2487 1026 2550 pugnam
1048 2466 1110 2528 vul·

89 2563 192 2621 norati
210 2562 354 2623 refovent.
384 2560 580 2622 chohdoniam
597 2561 675 2622 visui
693 2558 918 2620 saluberrimam
935 2558 1111 2618 hirundines
1130 2561 1164 2611 98

90 2659 298 2711 monstravere
317 2653 428 2711 vexatis
446 2649 597 2730 pullorum
619 2649 714 2710 oculis
732 2648 781 2710 illa
799 2649 962 2710 medentes.
992 2645 1111 2706 testudo

91 2739 211 2800 cunilae
231 2759 318 2820 quam
338 2739 479 2800 bubulam
497 2746 603 2799 vocant
620 2746 707 2819 pastu
730 2740 808 2799 vires
832 2745 936 2798 contra
957 2742 1112 2814 serpentes

91 2830 224 2909 refovet,
257 2828 393 2891 mustella
421 2836 488 2890 ruta
515 2830 546 2889 in
573 2830 704 2889 murium
731 2835 839 2888 venatu
867 2845 936 2887 curn
962 2827 999 2886 iis
1027 2824 1111 2884 dimi-

52 2937 78 2976 ao
92 2921 212 2979 catione
237 2926 382 2980 conserta.
429 2920 543 2978 ciconia
566 2921 701 2999 origano,
725 2917 836 2977 hedera
859 2918 923 2996 apri
945 2917 976 2975 in
1000 2913 1112 2974 morbis

94 3007 154 3069 sibi
177 3009 336 3070 medentur
363 3015 394 3068 et
416 3026 539 3068 cancros
567 3007 713 3067 vescendo
741 3008 866 3066 maxime
894 3007 968 3065 mari
992 3007 1111 3064 eiectos.

95 3100 202 3177 anguis
229 3097 355 3160 hiberno
385 3099 444 3158 situ
473 3096 644 3158 membrana
671 3097 806 3175 corporis
836 3094 964 3161 obducta
991 3092 1112 3154 feniculi
1130 3097 1165 3145 99

171 3329 203 3378 11
224 3324 309 3378 exstit
325 3323 367 3378 51.
396 3323 491 3378 existit
507 3322 549 3376 1¹.
572 3324 606 3393 (o.
626 3327 641 3388 5
659 3323 714 3390 97).
789 3327 830 3375 11.
846 3327 879 3374 12
898 3322 1023 3374 recentes
1042 3316 1112 3372 Rob.

96 3398 132 3450 -u
149 3413 174 3451 r.
262 3401 294 3450 Ia
317 3395 389 3451 vidit
407 3401 484 3450 nra.
573 3397 605 3448 18
630 3410 658 3448 se
677 3393 811 3463 perluens
833 3392 902 3446 Rob.
931 3397 959 3445 se
982 3390 1112 3460 perluens

96 3475 128 3522 It.
158 3484 269 3538 semper
286 3467 366 3522 lucus
384 3484 407 3522 r.
431 3469 435 3537 i
461 3465 555 3521 reddit
571 3464 613 3519 1¹2.
705 3470 738 3519 19
758 3465 819 3519 dist.
840 3463 897 3518 Url.
916 3463 1112 3517 otud.n.180.

171 3546 205 3594 22
229 3539 319 3594 eiecto
343 3539 434 3594 Inoo.
463 3539 553 3593 electo
576 3555 599 3592 r.
690 3541 725 3591 28
748 3535 858 3591 cunilae
875 3552 900 3589 u.
929 3533 1030 3588 -ioulae
1049 3533 1076 3586 ll.
1107 3531 1111 3603 Ι

97 3615 183 3682 pastu
204 3611 281 3665 1²2².
313 3611 376 3681 pari
396 3611 441 3665 12⁹.
473 3611 557 3680 partu
579 3627 602 3666 r.
632 3611 636 3677 Ι
668 3609 742 3663 uires
764 3606 840 3660 1²2².
872 3606 947 3660 uises
968 3604 1113 3657 br¹It¹u¹.

98 3686 142 3738 uis
162 3700 223 3738 esse
242 3683 279 3736 a¹.
306 3681 381 3738 uisos
400 3683 437 3738 (1².
464 3683 527 3737 uice
545 3681 589 3736 12².
662 3686 696 3736 29
714 3680 819 3734 uenatu
836 3677 898 3731 rid.
927 3679 999 3730 -tmn
1016 3693 1039 3730 r.
