2340 3934
762 9 777 52 0

219 181 310 262 ,Nam
329 176 420 236 HIST.
439 183 504 237 viu
523 189 628 238 so-ao
649 184 776 253 (sa-oo)
965 183 1007 247 89

27 339 59 389 est
80 331 201 392 occidere
230 339 260 392 et
285 335 396 411 tergori
423 352 555 414 parcere.
601 334 700 414 ipsum
727 332 834 393 animal
862 351 936 414 non,
965 343 1061 394 ut135

26 437 102 480 rennr
119 419 265 502 plerique,
291 423 368 482 vitae
392 421 546 484 hominum
569 441 788 502 supervacuum
811 431 870 503 est,
900 425 925 483 si
948 441 1008 483 uon

26 512 67 568 sint
84 509 120 570 illi
140 510 248 591 eculei,
279 511 391 572 irnstra
413 512 556 573 vellerum
584 511 707 573 mollitia
734 513 765 572 in
788 513 902 592 pecude
930 531 1007 578 mor,-

26 597 105 658 lalibns
125 598 198 660 data.
234 600 291 660 bac
314 608 382 662 cute
405 601 596 681 expoliuntur
620 609 726 662 restes,
763 619 903 682 magnum
927 603 1008 662 lraus

26 693 45 748 et
59 687 93 747 ibi
111 687 226 750 lucrum
249 690 417 769 monopolio
436 693 560 773 invenit,
584 690 621 751 de
645 691 724 752 nulla
747 709 781 751 re
805 690 1008 751 crebrioribus

26 778 258 839 senatusconsultis
286 779 426 861 nulloque
455 799 516 840 non
542 782 677 861 principe
707 781 786 842 adito
814 781 1008 859 querimoniis

26 866 230 944 provincialibus.
357 879 358 882 ’

69 951 119 1018 38.
150 950 225 1040 (57)
273 957 381 1018 Urinae
413 967 443 1019 et
473 958 590 1044 duobus
624 959 687 1020 aliis
718 957 894 1020 animalibus
923 961 999 1020 ratio
1011 967 1062 1014 lac

26 1045 80 1106 nia.
120 1046 341 1127 leontophonon
368 1050 530 1128 accipimus
557 1050 660 1114 vocari
684 1067 808 1127 parvum
835 1067 890 1110 nec
918 1047 1009 1108 aliubi

26 1151 117 1195 rascens
138 1155 228 1216 quam
251 1136 372 1198 ubi‘leo
396 1141 537 1219 gignitur,
566 1155 625 1217 quo
649 1145 767 1216 gustato
790 1145 871 1198 tanta
894 1137 942 1197 illa
965 1140 1008 1197 vis

26 1231 42 1282 rt
64 1229 162 1286 ceteris
194 1227 411 1306 quadripedum
442 1229 616 1311 imperitans
649 1227 716 1289 ilico
748 1229 887 1306 exspiret.
938 1244 1008 1305 ergo

26 1331 102 1392 :orpus
129 1318 195 1376 eius
225 1323 365 1378 exustum
394 1317 577 1396 adspergunt
605 1317 670 1380 aliis
702 1315 842 1379 carnibus
871 1315 1008 1395 polentae

26 1403 82 1462 nodo
102 1405 277 1466 insidiantes
301 1406 390 1488 ierae,
413 1415 579 1486 necantque
603 1409 693 1468 etiam
716 1407 825 1466 cinere.
855 1413 915 1465 tam
939 1423 1008 1464 con-

26 1495 84 1552 raria
105 1503 150 1555 est
173 1497 278 1574 pestis.
318 1495 397 1556 baud
422 1498 561 1558 irmrerito
584 1497 675 1575 igitur
698 1495 761 1556 odit
783 1495 829 1555 leo
852 1495 1008 1573 visumque

26 1583 101 1662 largit
131 1592 161 1644 et
196 1582 271 1645 citra
302 1603 436 1646 morsum
468 1587 623 1646 exanimat.
675 1585 723 1644 ille
757 1591 860 1644 contra
892 1585 1009 1644 urinam

26 1675 115 1754 pergit,
145 1674 282 1754 prudens
309 1673 384 1736 hanc
413 1693 532 1755 quoque
562 1675 642 1734 leoni
672 1673 829 1736 exitialem.
880 1673 1062 1753 lyncum137

26 1777 81 1821 mor
104 1765 146 1824 ita
173 1762 325 1844 redditus,
355 1764 407 1824 nbi
430 1766 606 1844 gignuntur,
636 1763 778 1844 glaciatur
806 1765 950 1824 arescitve
979 1764 1009 1822 in

26 1869 121 1924 :emmas
158 1851 351 1914 carbunculis
386 1853 498 1914 similes
536 1861 565 1914 et
597 1855 683 1933 igneo
721 1853 820 1912 colore
853 1852 1009 1932 fulgentes

26 1944 159 2018 monrium
182 1950 303 2003 vocatas
327 1951 415 2022 atque
441 1942 478 2002 ob
502 1942 532 2002 id
556 1945 660 2002 sucino
684 1961 700 2001 a
723 1942 873 2021 plerisque
896 1943 937 2002 ita
960 1959 1008 2019 ge-

26 2034 92 2090 erari
108 2032 237 2111 prodito.
266 2050 375 2092 novere
399 2032 456 2092 hoc
480 2034 638 2110 sciuntque
656 2032 767 2112 lynces,
791 2039 820 2091 et
843 2030 1010 2090 invidentes

26 2121 108 2180 ninam
130 2129 213 2182 terra
236 2123 377 2201 operiunt
400 2139 495 2201 eoque
519 2121 646 2181 celerius
670 2119 813 2182 solidatur
836 2119 893 2180 illa.

64 2202 131 2292 (58)
169 2209 234 2270 Alia
262 2210 393 2271 sollertia
420 2213 452 2271 in
474 2219 556 2271 metu
579 2205 714 2270 molibus
761 2209 894 2270 sufflatae
923 2211 1001 2270 cutis
1012 2213 1063 2263 138

26 2295 123 2359 isteniu
145 2301 226 2360 ictus
250 2299 404 2360 hominum
428 2308 457 2360 ei
480 2318 598 2360 morsus
622 2318 729 2360 canum
752 2307 863 2360 arcent.
1143 2299 1144 2302 ’

64 2387 221 2450 Provident
242 2396 449 2469 tempestatem
473 2397 503 2450 et
526 2391 618 2450 sciuri
641 2388 847 2468 obturatisque
871 2407 929 2467 qua
952 2389 1009 2466 spi·

26 2483 113 2538 airuns
141 2487 189 2540 est
211 2487 318 2540 ventus
346 2480 481 2539 cavernis
509 2494 545 2538 ex
570 2478 625 2539 alia
648 2486 732 2558 parte
761 2479 898 2556 aperiunt
921 2478 1009 2536 iores

26 2563 40 2623 le
63 2575 158 2628 cetero
187 2571 262 2648 ipsis
285 2568 414 2628 villosior
442 2567 535 2628 cauda
559 2587 615 2648 pro
638 2574 811 2646 tegumento
839 2575 893 2626 est.
939 2583 1010 2643 ergo

26 2655 160 2718 nbiemes
184 2657 250 2718 aliis
272 2660 424 2736 provisum
446 2655 597 2738 pabulum,
623 2656 687 2716 aliis
710 2674 765 2735 pro
789 2654 855 2715 cibo
879 2671 1010 2714 somnus.

66 2740 118 2808 39.
140 2739 216 2829 (59)
249 2746 438 2826 Serpentium
461 2749 562 2826 vipera
585 2745 646 2806 sola
670 2753 750 2806 terra
773 2744 882 2804 dicitur
905 2742 1064 2824 condi,139

26 2841 110 2896 eterae
138 2835 281 2896 arborum
308 2844 359 2897 aut
386 2854 524 2898 saxorum
553 2837 641 2896 cavis.
687 2842 717 2894 et
744 2833 814 2893 alias
842 2832 887 2892 vel
915 2851 1011 2893 annua

26 2937 72 2982 rme
99 2925 209 2986 durant
237 2924 335 3004 algore
362 2925 449 2984 modo
476 2925 604 3004 dempto.
651 2925 749 2984 omnia
777 2941 914 2984 secessus
938 2931 1010 2983 tem·

26 3045 210 3057 ᾕ-ῌ

71 3120 118 3168 1.2
137 3116 171 3168 ut
189 3131 282 3168 remur
300 3114 359 3168 adi.
387 3116 529 3168 uteremur
545 3119 604 3167 DE.
632 3115 745 3168 utemur
763 3113 800 3168 11¹.
826 3114 858 3184 sss
871 3130 964 3168 remur
982 3118 1011 3166 F.

70 3190 163 3240 iesse
181 3185 217 3238 1³²
233 3187 266 3240 ic
283 3202 338 3240 ras.
364 3188 408 3240 ost
425 3203 448 3239 r.
521 3187 620 3240 deute
638 3204 663 3240 a.
689 3187 771 3240 acute
789 3189 842 3238 Bd.
871 3186 969 3238 acutae
988 3201 1011 3237 r.

71 3257 212 3312 alacrem
229 3257 297 3311 BP.
321 3259 325 3328 Ι
350 3256 512 3327 monopolio
530 3257 618 3312 Borb.
647 3257 699 3311 -lin
719 3257 746 3311 ll.
821 3254 1011 3326 aprovineia-

26 3323 73 3380 'rbus
88 3345 113 3383 o.
139 3328 318 3383 -mittialibus
335 3334 387 3382 Bd.
413 3328 518 3398 perm't·
537 3347 560 3382 α.
586 3329 712 3398 permitt-
731 3345 754 3382 r.
836 3326 941 3381 oafibi
958 3330 1011 3379 lta.

73 3400 209 3470 repostis
226 3407 257 3455 B.
285 3401 352 3454 ieris
371 3401 433 3454 dia.
461 3399 582 3470 festior.
674 3406 707 3454 19
731 3399 760 3452 id
782 3397 859 3451 ΒΨ.
882 3414 933 3452 ora.
952 3413 975 3454 r.
1006 3397 1009 3467 l

26 3471 179 3541 »plerisque
203 3472 240 3527 αἳ.
268 3475 300 3527 at
316 3471 443 3542 plerique
461 3489 484 3526 r.
575 3477 609 3526 22
635 3462 712 3526 meib
736 3469 860 3525 caelibue
880 3473 911 3522 B.
940 3470 1013 3522 -tmm

26 3540 59 3592 el-
76 3547 97 3597 d.
118 3547 122 3614 Ι
143 3545 215 3600 cutis
232 3549 309 3598 Md.
335 3543 411 3615 gutia
429 3548 460 3597 R.
490 3542 548 3597 cuti
566 3562 590 3597 ι.
662 3549 697 3596 23
716 3543 841 3596 distentu
858 3541 933 3595 codd.
954 3539 1011 3594 aer.

26 3613 61 3665 lus
77 3615 103 3668 ll.
166 3621 201 3670 24
219 3615 411 3684 obduratisque
430 3613 541 3668 ΜΨ.
564 3617 611 3668 tur
630 3613 665 3668 ad
681 3614 781 3682 hisque
799 3617 856 3666 ΒΕ.
880 3611 1012 3666 torathis-

26 3699 59 3747 [ue
75 3687 113 3740 1³¹.
141 3689 329 3759 turassstisque
349 3687 385 3741 αἱ.
410 3703 460 3742 ora.
480 3687 517 3740 d¹.
