<?xml version="1.0" encoding="UTF-8"?>
<!DOCTYPE html PUBLIC "-//W3C//DTD XHTML 1.0 Transitional//EN"
    "http://www.w3.org/TR/xhtml1/DTD/xhtml1-transitional.dtd">
<html xmlns="http://www.w3.org/1999/xhtml" xml:lang="en" lang="en">
 <head>
  <title>
</title>
<meta http-equiv="Content-Type" content="text/html;charset=utf-8" />
  <meta name='ocr-system' content='tesseract 3.04.00' />
  <meta name='ocr-capabilities' content='ocr_page ocr_carea ocr_par ocr_line ocrx_word'/>
</head>
<body>
  <div class='ocr_page' id='page_1' title='image "./naturalishistor02plingoog_0578.png"; bbox 0 0 2364 3930; ppageno 0'>
   <div class='ocr_carea' id='block_1_1' title="bbox 166 137 836 204">
    <p class='ocr_par' dir='ltr' id='par_1_1' title="bbox 166 137 836 204">
     <span class='ocr_line' id='line_1_1' title="bbox 166 137 836 204; baseline -0.003 -10"><span class='ocrx_word' id='word_1_1' title='bbox 166 141 228 204; x_wconf 83' lang='lat'><strong>198</strong></span> <span class='ocrx_word' id='word_1_2' title='bbox 509 139 538 194; x_wconf 82' lang='lat' dir='ltr'><strong>C.</strong></span> <span class='ocrx_word' id='word_1_3' title='bbox 557 139 657 194; x_wconf 86' lang='lat' dir='ltr'>PLINI</span> <span class='ocrx_word' id='word_1_4' title='bbox 678 137 836 193; x_wconf 83' lang='lat' dir='ltr'>SECUNDI</span> 
     </span>
    </p>
   </div>
   <div class='ocr_carea' id='block_1_2' title="bbox 60 287 1180 2783">
    <p class='ocr_par' dir='ltr' id='par_1_2' title="bbox 164 287 1178 887">
     <span class='ocr_line' id='line_1_2' title="bbox 166 287 1174 370; baseline -0.009 -19"><span class='ocrx_word' id='word_1_5' title='bbox 166 289 298 370; x_wconf 76' lang='lat' dir='ltr'><strong>singulos</strong></span> <span class='ocrx_word' id='word_1_6' title='bbox 317 289 379 350; x_wconf 84' lang='lat' dir='ltr'><strong>iero</strong></span> <span class='ocrx_word' id='word_1_7' title='bbox 403 290 495 369; x_wconf 84' lang='lat' dir='ltr'><strong>parit,</strong></span> <span class='ocrx_word' id='word_1_8' title='bbox 517 306 679 368; x_wconf 80' lang='lat' dir='ltr'>numquam</span> <span class='ocrx_word' id='word_1_9' title='bbox 701 288 769 368; x_wconf 92' lang='lat' dir='ltr'><strong>plus</strong></span> <span class='ocrx_word' id='word_1_10' title='bbox 792 296 908 368; x_wconf 87' lang='lat' dir='ltr'><strong>ternos,</strong></span> <span class='ocrx_word' id='word_1_11' title='bbox 930 289 955 348; x_wconf 90' lang='lat' dir='ltr'><strong>is</strong></span> <span class='ocrx_word' id='word_1_12' title='bbox 979 287 1032 365; x_wconf 89' lang='lat' dir='ltr'><strong>qui</strong></span> <span class='ocrx_word' id='word_1_13' title='bbox 1056 288 1174 363; x_wconf 80' lang='lat' dir='ltr'><strong>aegolios</strong></span> 
     </span>
     <span class='ocr_line' id='line_1_3' title="bbox 165 376 1172 459; baseline -0.004 -21"><span class='ocrx_word' id='word_1_14' title='bbox 165 387 286 440; x_wconf 84' lang='lat' dir='ltr'><strong>vocatur</strong></span> <span class='ocrx_word' id='word_1_15' title='bbox 311 386 341 440; x_wconf 88' lang='lat' dir='ltr'><strong>et</strong></span> <span class='ocrx_word' id='word_1_16' title='bbox 364 385 539 459; x_wconf 86' lang='lat' dir='ltr'><strong>quaternos,</strong></span> <span class='ocrx_word' id='word_1_17' title='bbox 567 395 675 438; x_wconf 88' lang='lat' dir='ltr'><strong>corvus</strong></span> <span class='ocrx_word' id='word_1_18' title='bbox 698 377 855 457; x_wconf 88' lang='lat' dir='ltr'><strong>aliquando</strong></span> <span class='ocrx_word' id='word_1_19' title='bbox 884 385 914 438; x_wconf 86' lang='lat' dir='ltr'><strong>et</strong></span> <span class='ocrx_word' id='word_1_20' title='bbox 937 378 1056 456; x_wconf 86' lang='lat' dir='ltr'><strong>quinos.</strong></span> <span class='ocrx_word' id='word_1_21' title='bbox 1101 376 1172 434; x_wconf 83' lang='lat' dir='ltr'><strong>iuru-</strong></span> 
     </span>
     <span class='ocr_line' id='line_1_4' title="bbox 164 465 1178 556; baseline -0.007 -26"><span class='ocrx_word' id='word_1_22' title='bbox 164 469 236 530; x_wconf 89' lang='lat' dir='ltr'><strong>baut</strong></span> <span class='ocrx_word' id='word_1_23' title='bbox 266 468 390 530; x_wconf 86' lang='lat' dir='ltr'><strong>totidem</strong></span> <span class='ocrx_word' id='word_1_24' title='bbox 421 467 536 528; x_wconf 74' lang='lat' dir='ltr'><strong>diebus,</strong></span> <span class='ocrx_word' id='word_1_25' title='bbox 582 469 734 528; x_wconf 79' lang='lat' dir='ltr'><strong>cornicem</strong></span> <span class='ocrx_word' id='word_1_26' title='bbox 760 465 952 528; x_wconf 81' lang='lat' dir='ltr'>incubantem</span> <span class='ocrx_word' id='word_1_27' title='bbox 985 483 1049 526; x_wconf 94' lang='lat' dir='ltr'><strong>mas</strong></span> <span class='ocrx_word' id='word_1_28' title='bbox 1081 465 1178 556; x_wconf 55' lang='lat' dir='ltr'><strong>passim</strong></span> 
     </span>
     <span class='ocr_line' id='line_1_5' title="bbox 165 555 1178 640; baseline -0.007 -21"><span class='ocrx_word' id='word_1_29' title='bbox 165 561 230 638; x_wconf 89' lang='lat' dir='ltr'><strong>pica</strong></span> <span class='ocrx_word' id='word_1_30' title='bbox 253 575 393 640; x_wconf 85' lang='lat' dir='ltr'><strong>novenos,</strong></span> <span class='ocrx_word' id='word_1_31' title='bbox 416 555 672 637; x_wconf 80' lang='lat' dir='ltr'><strong>melancoryphus·</strong></span> <span class='ocrx_word' id='word_1_32' title='bbox 686 574 778 637; x_wconf 91' lang='lat' dir='ltr'><strong>supra</strong></span> <span class='ocrx_word' id='word_1_33' title='bbox 800 571 850 618; x_wconf 83' lang='lat' dir='ltr'><strong>xx</strong></span> <span class='ocrx_word' id='word_1_34' title='bbox 872 558 963 638; x_wconf 85' lang='lat' dir='ltr'><strong>parit,</strong></span> <span class='ocrx_word' id='word_1_35' title='bbox 987 572 1106 634; x_wconf 82' lang='lat' dir='ltr'><strong>semper</strong></span> <span class='ocrx_word' id='word_1_36' title='bbox 1128 573 1178 624; x_wconf 66' lang='lat' dir='ltr'><strong>uu]</strong></span> 
     </span>
     <span class='ocr_line' id='line_1_6' title="bbox 165 645 1173 729; baseline -0.007 -20"><span class='ocrx_word' id='word_1_37' title='bbox 165 666 247 709; x_wconf 88' lang='lat' dir='ltr'><strong>mero</strong></span> <span class='ocrx_word' id='word_1_38' title='bbox 267 649 372 729; x_wconf 88' lang='lat' dir='ltr'><strong>inpari,</strong></span> <span class='ocrx_word' id='word_1_39' title='bbox 390 665 446 708; x_wconf 91' lang='lat' dir='ltr'><strong>nec</strong></span> <span class='ocrx_word' id='word_1_40' title='bbox 466 646 522 708; x_wconf 87' lang='lat' dir='ltr'><strong>alia</strong></span> <span class='ocrx_word' id='word_1_41' title='bbox 536 646 646 726; x_wconf 88' lang='lat' dir='ltr'><strong>plures.</strong></span> <span class='ocrx_word' id='word_1_42' title='bbox 674 653 757 708; x_wconf 88' lang='lat' dir='ltr'><strong>tanto</strong></span> <span class='ocrx_word' id='word_1_43' title='bbox 777 646 943 707; x_wconf 80' lang='lat' dir='ltr'><strong>fecunditas</strong></span> <span class='ocrx_word' id='word_1_44' title='bbox 961 646 1058 706; x_wconf 92' lang='lat' dir='ltr'><strong>maior</strong></span> <span class='ocrx_word' id='word_1_45' title='bbox 1075 645 1173 723; x_wconf 85' lang='lat' dir='ltr'><strong>parn&#39;s.</strong></span> 
     </span>
     <span class='ocr_line' id='line_1_7' title="bbox 164 733 1172 816; baseline -0.006 -18"><span class='ocrx_word' id='word_1_46' title='bbox 164 737 316 798; x_wconf 85' lang='lat' dir='ltr'>hirundini</span> <span class='ocrx_word' id='word_1_47' title='bbox 335 739 416 798; x_wconf 90' lang='lat' dir='ltr'><strong>caeci</strong></span> <span class='ocrx_word' id='word_1_48' title='bbox 434 738 531 816; x_wconf 92' lang='lat' dir='ltr'><strong>primo</strong></span> <span class='ocrx_word' id='word_1_49' title='bbox 550 735 624 816; x_wconf 93' lang='lat' dir='ltr'><strong>pulli</strong></span> <span class='ocrx_word' id='word_1_50' title='bbox 647 744 678 798; x_wconf 89' lang='lat' dir='ltr'><strong>et</strong></span> <span class='ocrx_word' id='word_1_51' title='bbox 701 737 764 797; x_wconf 86' lang='lat' dir='ltr'><strong>fere</strong></span> <span class='ocrx_word' id='word_1_52' title='bbox 789 735 927 798; x_wconf 91' lang='lat' dir='ltr'><strong>omnibus</strong></span> <span class='ocrx_word' id='word_1_53' title='bbox 946 733 1057 814; x_wconf 88' lang='lat' dir='ltr'><strong>quibus</strong></span> <span class='ocrx_word' id='word_1_54' title='bbox 1080 751 1172 793; x_wconf 84' lang='lat' dir='ltr'><strong>nume·</strong></span> 
     </span>
     <span class='ocr_line' id='line_1_8' title="bbox 165 827 375 887; baseline 0.005 -1"><span class='ocrx_word' id='word_1_55' title='bbox 165 828 262 887; x_wconf 89' lang='lat' dir='ltr'><strong>rosior</strong></span> <span class='ocrx_word' id='word_1_56' title='bbox 285 827 375 887; x_wconf 85' lang='lat' dir='ltr'><strong>setus.</strong></span> 
     </span>
    </p>

    <p class='ocr_par' dir='ltr' id='par_1_3' title="bbox 113 907 1173 998">
     <span class='ocr_line' id='line_1_9' title="bbox 113 907 1173 998; baseline 0.002 -28"><span class='ocrx_word' id='word_1_57' title='bbox 113 921 164 972; x_wconf 82' lang='lat'><strong>166</strong></span> <span class='ocrx_word' id='word_1_58' title='bbox 232 907 306 998; x_wconf 87' lang='lat'>(80)</span> <span class='ocrx_word' id='word_1_59' title='bbox 330 915 421 977; x_wconf 89' lang='lat' dir='ltr'><strong>lurita</strong></span> <span class='ocrx_word' id='word_1_60' title='bbox 445 933 513 997; x_wconf 86' lang='lat' dir='ltr'><strong>ova,</strong></span> <span class='ocrx_word' id='word_1_61' title='bbox 537 934 611 995; x_wconf 89' lang='lat' dir='ltr'><strong>quae</strong></span> <span class='ocrx_word' id='word_1_62' title='bbox 634 915 810 996; x_wconf 81' lang='lat' dir='ltr'><strong>hypenemia</strong></span> <span class='ocrx_word' id='word_1_63' title='bbox 835 914 977 995; x_wconf 74' lang='lat' dir='ltr'><strong>diximuS,</strong></span> <span class='ocrx_word' id='word_1_64' title='bbox 1005 922 1058 976; x_wconf 90' lang='lat' dir='ltr'><strong>aut</strong></span> <span class='ocrx_word' id='word_1_65' title='bbox 1080 921 1173 973; x_wconf 88' lang='lat' dir='ltr'><strong>mutua</strong></span> 
     </span>
    </p>

    <p class='ocr_par' dir='ltr' id='par_1_4' title="bbox 117 991 1179 1530">
     <span class='ocr_line' id='line_1_10' title="bbox 117 991 1174 1086; baseline -0.001 -23"><span class='ocrx_word' id='word_1_66' title='bbox 117 991 289 1064; x_wconf 79' lang='lat' dir='ltr'><strong>¹⁶⁰lcminae</strong></span> <span class='ocrx_word' id='word_1_67' title='bbox 312 1007 392 1066; x_wconf 90' lang='lat' dir='ltr'><strong>iuter</strong></span> <span class='ocrx_word' id='word_1_68' title='bbox 415 1023 447 1066; x_wconf 89' lang='lat' dir='ltr'><strong>se</strong></span> <span class='ocrx_word' id='word_1_69' title='bbox 471 1003 602 1067; x_wconf 89' lang='lat' dir='ltr'><strong>libidinis</strong></span> <span class='ocrx_word' id='word_1_70' title='bbox 625 1007 836 1086; x_wconf 77' lang='lat' dir='ltr'><strong>imaginatione</strong></span> <span class='ocrx_word' id='word_1_71' title='bbox 857 1006 1030 1084; x_wconf 90' lang='lat' dir='ltr'><strong>concipiunt</strong></span> <span class='ocrx_word' id='word_1_72' title='bbox 1049 1010 1100 1064; x_wconf 85' lang='lat' dir='ltr'><strong>aut</strong></span> <span class='ocrx_word' id='word_1_73' title='bbox 1116 1001 1174 1082; x_wconf 91' lang='lat' dir='ltr'><strong>pul·</strong></span> 
     </span>
     <span class='ocr_line' id='line_1_11' title="bbox 163 1093 1173 1177; baseline -0.001 -25"><span class='ocrx_word' id='word_1_74' title='bbox 163 1111 241 1174; x_wconf 87' lang='lat' dir='ltr'><strong>vere,</strong></span> <span class='ocrx_word' id='word_1_75' title='bbox 265 1111 321 1154; x_wconf 91' lang='lat' dir='ltr'><strong>nec</strong></span> <span class='ocrx_word' id='word_1_76' title='bbox 345 1093 499 1156; x_wconf 89' lang='lat' dir='ltr'><strong>columbae</strong></span> <span class='ocrx_word' id='word_1_77' title='bbox 523 1101 649 1177; x_wconf 89' lang='lat' dir='ltr'><strong>tanturn,</strong></span> <span class='ocrx_word' id='word_1_78' title='bbox 673 1095 724 1156; x_wconf 87' lang='lat' dir='ltr'><strong>sed</strong></span> <span class='ocrx_word' id='word_1_79' title='bbox 749 1103 780 1156; x_wconf 90' lang='lat' dir='ltr'><strong>et</strong></span> <span class='ocrx_word' id='word_1_80' title='bbox 802 1094 937 1175; x_wconf 79' lang='lat' dir='ltr'><strong>gallinae,</strong></span> <span class='ocrx_word' id='word_1_81' title='bbox 959 1093 1108 1173; x_wconf 86' lang='lat' dir='ltr'><strong>perdices,</strong></span> <span class='ocrx_word' id='word_1_82' title='bbox 1130 1111 1173 1171; x_wconf 88' lang='lat' dir='ltr'><strong>pa·</strong></span> 
     </span>
     <span class='ocr_line' id='line_1_12' title="bbox 163 1182 1174 1266; baseline -0.001 -24"><span class='ocrx_word' id='word_1_83' title='bbox 163 1201 263 1265; x_wconf 84' lang='lat' dir='ltr'><strong>voncs,</strong></span> <span class='ocrx_word' id='word_1_84' title='bbox 281 1201 412 1266; x_wconf 86' lang='lat' dir='ltr'><strong>anseres,</strong></span> <span class='ocrx_word' id='word_1_85' title='bbox 431 1183 653 1263; x_wconf 88' lang='lat' dir='ltr'><strong>chenalopeces.</strong></span> <span class='ocrx_word' id='word_1_86' title='bbox 682 1192 753 1246; x_wconf 92' lang='lat' dir='ltr'><strong>sunt</strong></span> <span class='ocrx_word' id='word_1_87' title='bbox 770 1192 872 1246; x_wconf 89' lang='lat' dir='ltr'><strong>autem</strong></span> <span class='ocrx_word' id='word_1_88' title='bbox 890 1182 1003 1244; x_wconf 89' lang='lat' dir='ltr'><strong>sterilia</strong></span> <span class='ocrx_word' id='word_1_89' title='bbox 1021 1190 1052 1244; x_wconf 91' lang='lat' dir='ltr'><strong>et</strong></span> <span class='ocrx_word' id='word_1_90' title='bbox 1066 1183 1174 1242; x_wconf 86' lang='lat' dir='ltr'><strong>minora</strong></span> 
     </span>
     <span class='ocr_line' id='line_1_13' title="bbox 164 1272 1173 1354; baseline 0.001 -23"><span class='ocrx_word' id='word_1_91' title='bbox 164 1290 197 1332; x_wconf 92' lang='lat' dir='ltr'><strong>ac</strong></span> <span class='ocrx_word' id='word_1_92' title='bbox 224 1274 325 1334; x_wconf 91' lang='lat' dir='ltr'><strong>minus</strong></span> <span class='ocrx_word' id='word_1_93' title='bbox 352 1272 475 1334; x_wconf 91' lang='lat' dir='ltr'><strong>iucundi</strong></span> <span class='ocrx_word' id='word_1_94' title='bbox 505 1275 620 1353; x_wconf 91' lang='lat' dir='ltr'><strong>saporis</strong></span> <span class='ocrx_word' id='word_1_95' title='bbox 653 1281 683 1334; x_wconf 89' lang='lat' dir='ltr'><strong>et</strong></span> <span class='ocrx_word' id='word_1_96' title='bbox 714 1276 808 1354; x_wconf 85' lang='lat' dir='ltr'><strong>magis</strong></span> <span class='ocrx_word' id='word_1_97' title='bbox 842 1273 950 1334; x_wconf 88' lang='lat' dir='ltr'><strong>umida.</strong></span> <span class='ocrx_word' id='word_1_98' title='bbox 1000 1272 1120 1352; x_wconf 82' lang='lat' dir='ltr'><strong>quidam</strong></span> <span class='ocrx_word' id='word_1_99' title='bbox 1151 1282 1173 1328; x_wconf 82' lang='lat' dir='ltr'><strong>rt</strong></span> 
     </span>
     <span class='ocr_line' id='line_1_14' title="bbox 164 1361 1173 1444; baseline -0.001 -24"><span class='ocrx_word' id='word_1_100' title='bbox 164 1369 251 1423; x_wconf 85' lang='lat' dir='ltr'><strong>rento</strong></span> <span class='ocrx_word' id='word_1_101' title='bbox 278 1370 386 1442; x_wconf 87' lang='lat' dir='ltr'><strong>putant</strong></span> <span class='ocrx_word' id='word_1_102' title='bbox 413 1381 446 1422; x_wconf 91' lang='lat' dir='ltr'><strong>ea</strong></span> <span class='ocrx_word' id='word_1_103' title='bbox 474 1365 624 1444; x_wconf 81' lang='lat' dir='ltr'><strong>generari,</strong></span> <span class='ocrx_word' id='word_1_104' title='bbox 657 1382 716 1443; x_wconf 91' lang='lat' dir='ltr'><strong>qua</strong></span> <span class='ocrx_word' id='word_1_105' title='bbox 743 1363 781 1424; x_wconf 86' lang='lat' dir='ltr'><strong>de</strong></span> <span class='ocrx_word' id='word_1_106' title='bbox 809 1380 898 1424; x_wconf 91' lang='lat' dir='ltr'><strong>causa</strong></span> <span class='ocrx_word' id='word_1_107' title='bbox 926 1365 1016 1424; x_wconf 90' lang='lat' dir='ltr'><strong>etiam</strong></span> <span class='ocrx_word' id='word_1_108' title='bbox 1044 1361 1173 1441; x_wconf 68' lang='lat' dir='ltr'><strong>zephyria</strong></span> 
     </span>
     <span class='ocr_line' id='line_1_15' title="bbox 165 1449 1179 1530; baseline 0.003 -20"><span class='ocrx_word' id='word_1_109' title='bbox 165 1449 358 1530; x_wconf 80' lang='lat' dir='ltr'><strong>appellantur.</strong></span> <span class='ocrx_word' id='word_1_110' title='bbox 403 1453 490 1512; x_wconf 91' lang='lat' dir='ltr'><strong>urina</strong></span> <span class='ocrx_word' id='word_1_111' title='bbox 518 1460 618 1514; x_wconf 92' lang='lat' dir='ltr'><strong>autem</strong></span> <span class='ocrx_word' id='word_1_112' title='bbox 645 1471 714 1514; x_wconf 87' lang='lat' dir='ltr'><strong>vere</strong></span> <span class='ocrx_word' id='word_1_113' title='bbox 744 1460 860 1516; x_wconf 90' lang='lat' dir='ltr'><strong>tantum</strong></span> <span class='ocrx_word' id='word_1_114' title='bbox 887 1453 963 1514; x_wconf 90' lang='lat' dir='ltr'><strong>[iunt</strong></span> <span class='ocrx_word' id='word_1_115' title='bbox 990 1450 1179 1512; x_wconf 70' lang='lat' dir='ltr'><strong>incubatione</strong></span> 
     </span>
    </p>

    <p class='ocr_par' dir='ltr' id='par_1_5' title="bbox 114 1539 1179 1872">
     <span class='ocr_line' id='line_1_16' title="bbox 114 1539 1179 1622; baseline 0.009 -27"><span class='ocrx_word' id='word_1_116' title='bbox 114 1548 163 1597; x_wconf 78' lang='lat'><strong>167</strong></span> <span class='ocrx_word' id='word_1_117' title='bbox 175 1539 325 1621; x_wconf 89' lang='lat' dir='ltr'><strong>derelicta,</strong></span> <span class='ocrx_word' id='word_1_118' title='bbox 348 1558 424 1619; x_wconf 90' lang='lat' dir='ltr'><strong>quae</strong></span> <span class='ocrx_word' id='word_1_119' title='bbox 448 1540 497 1602; x_wconf 91' lang='lat' dir='ltr'><strong>alii</strong></span> <span class='ocrx_word' id='word_1_120' title='bbox 521 1559 667 1622; x_wconf 80' lang='lat' dir='ltr'><strong>cynosura</strong></span> <span class='ocrx_word' id='word_1_121' title='bbox 691 1542 822 1604; x_wconf 81' lang='lat' dir='ltr'><strong>dixere·</strong></span> <span class='ocrx_word' id='word_1_122' title='bbox 849 1561 902 1603; x_wconf 86' lang='lat' dir='ltr'><strong>ova</strong></span> <span class='ocrx_word' id='word_1_123' title='bbox 925 1549 1011 1602; x_wconf 89' lang='lat' dir='ltr'><strong>aceto</strong></span> <span class='ocrx_word' id='word_1_124' title='bbox 1035 1552 1179 1606; x_wconf 80' lang='lat' dir='ltr'><strong>nmceratu</strong></span> 
     </span>
     <span class='ocr_line' id='line_1_17' title="bbox 164 1629 1176 1711; baseline -0.001 -21"><span class='ocrx_word' id='word_1_125' title='bbox 164 1631 195 1690; x_wconf 92' lang='lat' dir='ltr'><strong>in</strong></span> <span class='ocrx_word' id='word_1_126' title='bbox 223 1637 339 1690; x_wconf 79' lang='lat' dir='ltr'><strong>tanturm</strong></span> <span class='ocrx_word' id='word_1_127' title='bbox 366 1629 559 1692; x_wconf 91' lang='lat' dir='ltr'><strong>emolliuntur</strong></span> <span class='ocrx_word' id='word_1_128' title='bbox 588 1639 622 1692; x_wconf 92' lang='lat' dir='ltr'><strong>ut</strong></span> <span class='ocrx_word' id='word_1_129' title='bbox 648 1650 703 1711; x_wconf 89' lang='lat' dir='ltr'><strong>per</strong></span> <span class='ocrx_word' id='word_1_130' title='bbox 730 1631 835 1692; x_wconf 89' lang='lat' dir='ltr'><strong>anulos</strong></span> <span class='ocrx_word' id='word_1_131' title='bbox 863 1639 1024 1692; x_wconf 88' lang='lat' dir='ltr'><strong>transeant.</strong></span> <span class='ocrx_word' id='word_1_132' title='bbox 1073 1633 1176 1692; x_wconf 75' lang='lat' dir='ltr'><strong>serrari</strong></span> 
     </span>
     <span class='ocr_line' id='line_1_18' title="bbox 164 1718 1176 1802; baseline 0.002 -24"><span class='ocrx_word' id='word_1_133' title='bbox 164 1737 198 1778; x_wconf 85' lang='lat' dir='ltr'><strong>ea</strong></span> <span class='ocrx_word' id='word_1_134' title='bbox 221 1719 252 1778; x_wconf 94' lang='lat' dir='ltr'><strong>in</strong></span> <span class='ocrx_word' id='word_1_135' title='bbox 275 1718 406 1780; x_wconf 89' lang='lat' dir='ltr'><strong>lomento</strong></span> <span class='ocrx_word' id='word_1_136' title='bbox 430 1728 482 1781; x_wconf 91' lang='lat' dir='ltr'><strong>aut</strong></span> <span class='ocrx_word' id='word_1_137' title='bbox 503 1719 601 1781; x_wconf 86' lang='lat' dir='ltr'><strong>bieme</strong></span> <span class='ocrx_word' id='word_1_138' title='bbox 624 1723 655 1782; x_wconf 92' lang='lat' dir='ltr'><strong>iu</strong></span> <span class='ocrx_word' id='word_1_139' title='bbox 679 1721 786 1802; x_wconf 86' lang='lat' dir='ltr'><strong>paleis,</strong></span> <span class='ocrx_word' id='word_1_140' title='bbox 814 1729 925 1782; x_wconf 87' lang='lat' dir='ltr'><strong>aestate</strong></span> <span class='ocrx_word' id='word_1_141' title='bbox 952 1723 985 1781; x_wconf 92' lang='lat' dir='ltr'><strong>in</strong></span> <span class='ocrx_word' id='word_1_142' title='bbox 1014 1719 1176 1782; x_wconf 79' lang='lat' dir='ltr'><strong>burluribu</strong></span> 
     </span>
     <span class='ocr_line' id='line_1_19' title="bbox 165 1807 839 1872; baseline 0.006 -4"><span class='ocrx_word' id='word_1_143' title='bbox 165 1807 365 1870; x_wconf 91' lang='lat' dir='ltr'><strong>utilissimum.</strong></span> <span class='ocrx_word' id='word_1_144' title='bbox 412 1807 471 1870; x_wconf 85' lang='lat' dir='ltr'><strong>sale</strong></span> <span class='ocrx_word' id='word_1_145' title='bbox 497 1811 643 1870; x_wconf 82' lang='lat' dir='ltr'><strong>exinaniri</strong></span> <span class='ocrx_word' id='word_1_146' title='bbox 666 1810 839 1872; x_wconf 87' lang='lat' dir='ltr'><strong>creduntur.</strong></span> 
     </span>
    </p>

    <p class='ocr_par' dir='ltr' id='par_1_6' title="bbox 113 1891 1178 2337">
     <span class='ocr_line' id='line_1_20' title="bbox 113 1891 1177 1981; baseline -0.006 -17"><span class='ocrx_word' id='word_1_147' title='bbox 113 1913 163 1964; x_wconf 79' lang='lat'><strong>168</strong></span> <span class='ocrx_word' id='word_1_148' title='bbox 232 1891 291 1961; x_wconf 79' lang='lat' dir='ltr'><strong>bl.</strong></span> <span class='ocrx_word' id='word_1_149' title='bbox 321 1892 394 1981; x_wconf 89' lang='lat'>(81)</span> <span class='ocrx_word' id='word_1_150' title='bbox 425 1897 585 1960; x_wconf 89' lang='lat' dir='ltr'><strong>Volucrum</strong></span> <span class='ocrx_word' id='word_1_151' title='bbox 616 1899 723 1962; x_wconf 90' lang='lat' dir='ltr'><strong>animal</strong></span> <span class='ocrx_word' id='word_1_152' title='bbox 750 1902 828 1981; x_wconf 89' lang='lat' dir='ltr'><strong>parit</strong></span> <span class='ocrx_word' id='word_1_153' title='bbox 857 1898 1028 1981; x_wconf 88' lang='lat' dir='ltr'><strong>vespertilio</strong></span> <span class='ocrx_word' id='word_1_154' title='bbox 1061 1907 1177 1976; x_wconf 71' lang='lat' dir='ltr'><strong>mutum,</strong></span> 
     </span>
     <span class='ocr_line' id='line_1_21' title="bbox 165 1987 1117 2068; baseline 0.002 -20"><span class='ocrx_word' id='word_1_155' title='bbox 165 1989 213 2048; x_wconf 91' lang='lat' dir='ltr'><strong>cui</strong></span> <span class='ocrx_word' id='word_1_156' title='bbox 237 1995 267 2048; x_wconf 90' lang='lat' dir='ltr'><strong>ct</strong></span> <span class='ocrx_word' id='word_1_157' title='bbox 294 1987 536 2050; x_wconf 87' lang='lat' dir='ltr'><strong>membranaceae</strong></span> <span class='ocrx_word' id='word_1_158' title='bbox 563 1991 672 2068; x_wconf 85' lang='lat' dir='ltr'><strong>pinnae</strong></span> <span class='ocrx_word' id='word_1_159' title='bbox 700 1992 761 2051; x_wconf 92' lang='lat' dir='ltr'><strong>uni.</strong></span> <span class='ocrx_word' id='word_1_160' title='bbox 808 1989 910 2052; x_wconf 89' lang='lat' dir='ltr'><strong>eadem</strong></span> <span class='ocrx_word' id='word_1_161' title='bbox 938 1987 1001 2050; x_wconf 91' lang='lat' dir='ltr'><strong>sola</strong></span> <span class='ocrx_word' id='word_1_162' title='bbox 1027 1988 1117 2050; x_wconf 83' lang='lat' dir='ltr'><strong>voluc</strong></span> 
     </span>
     <span class='ocr_line' id='line_1_22' title="bbox 163 2075 1178 2159; baseline 0.002 -24"><span class='ocrx_word' id='word_1_163' title='bbox 163 2075 239 2138; x_wconf 89' lang='lat' dir='ltr'><strong>lacte</strong></span> <span class='ocrx_word' id='word_1_164' title='bbox 263 2079 359 2138; x_wconf 91' lang='lat' dir='ltr'><strong>nutrit</strong></span> <span class='ocrx_word' id='word_1_165' title='bbox 381 2076 473 2138; x_wconf 90' lang='lat' dir='ltr'><strong>ubera</strong></span> <span class='ocrx_word' id='word_1_166' title='bbox 497 2077 665 2140; x_wconf 88' lang='lat' dir='ltr'><strong>admovens.</strong></span> <span class='ocrx_word' id='word_1_167' title='bbox 709 2097 819 2159; x_wconf 90' lang='lat' dir='ltr'><strong>parcns</strong></span> <span class='ocrx_word' id='word_1_168' title='bbox 842 2081 974 2158; x_wconf 81' lang='lat' dir='ltr'><strong>geminos</strong></span> <span class='ocrx_word' id='word_1_169' title='bbox 998 2077 1105 2140; x_wconf 86' lang='lat' dir='ltr'><strong>volitat</strong></span> <span class='ocrx_word' id='word_1_170' title='bbox 1127 2097 1178 2138; x_wconf 88' lang='lat' dir='ltr'><strong>am·</strong></span> 
     </span>
     <span class='ocr_line' id='line_1_23' title="bbox 164 2164 1164 2248; baseline 0.004 -24"><span class='ocrx_word' id='word_1_171' title='bbox 164 2164 248 2243; x_wconf 86' lang='lat' dir='ltr'><strong>plexa</strong></span> <span class='ocrx_word' id='word_1_172' title='bbox 281 2167 410 2228; x_wconf 80' lang='lat' dir='ltr'><strong>infantes</strong></span> <span class='ocrx_word' id='word_1_173' title='bbox 447 2185 609 2246; x_wconf 89' lang='lat' dir='ltr'><strong>secumque</strong></span> <span class='ocrx_word' id='word_1_174' title='bbox 644 2177 752 2248; x_wconf 90' lang='lat' dir='ltr'><strong>portat.</strong></span> <span class='ocrx_word' id='word_1_175' title='bbox 813 2168 909 2230; x_wconf 88' lang='lat' dir='ltr'><strong>eidem</strong></span> <span class='ocrx_word' id='word_1_176' title='bbox 941 2167 1096 2228; x_wconf 71' lang='lat' dir='ltr'><strong>coronalis</strong></span> <span class='ocrx_word' id='word_1_177' title='bbox 1128 2187 1164 2228; x_wconf 90' lang='lat' dir='ltr'><strong>un</strong></span> 
     </span>
     <span class='ocr_line' id='line_1_24' title="bbox 165 2253 864 2337; baseline 0.009 -24"><span class='ocrx_word' id='word_1_178' title='bbox 165 2253 306 2336; x_wconf 86' lang='lat' dir='ltr'><strong>traditur,</strong></span> <span class='ocrx_word' id='word_1_179' title='bbox 330 2258 414 2318; x_wconf 90' lang='lat' dir='ltr'><strong>etin</strong></span> <span class='ocrx_word' id='word_1_180' title='bbox 438 2255 537 2318; x_wconf 87' lang='lat' dir='ltr'><strong>cibatu</strong></span> <span class='ocrx_word' id='word_1_181' title='bbox 561 2257 672 2318; x_wconf 89' lang='lat' dir='ltr'><strong>culices</strong></span> <span class='ocrx_word' id='word_1_182' title='bbox 695 2259 864 2337; x_wconf 80' lang='lat' dir='ltr'><strong>gratissimi.</strong></span> 
     </span>
    </p>

    <p class='ocr_par' dir='ltr' id='par_1_7' title="bbox 114 2337 1180 2515">
     <span class='ocr_line' id='line_1_25' title="bbox 114 2337 1180 2432; baseline 0.002 -29"><span class='ocrx_word' id='word_1_183' title='bbox 114 2358 163 2410; x_wconf 78' lang='lat'><strong>169</strong></span> <span class='ocrx_word' id='word_1_184' title='bbox 233 2337 291 2405; x_wconf 79' lang='lat'><strong>62.</strong></span> <span class='ocrx_word' id='word_1_185' title='bbox 312 2337 385 2429; x_wconf 78' lang='lat'>(82)</span> <span class='ocrx_word' id='word_1_186' title='bbox 404 2345 521 2408; x_wconf 87' lang='lat' dir='ltr'><strong>Rursus</strong></span> <span class='ocrx_word' id='word_1_187' title='bbox 539 2349 571 2408; x_wconf 92' lang='lat' dir='ltr'><strong>in</strong></span> <span class='ocrx_word' id='word_1_188' title='bbox 590 2346 786 2408; x_wconf 88' lang='lat' dir='ltr'><strong>terrestribus</strong></span> <span class='ocrx_word' id='word_1_189' title='bbox 805 2365 859 2408; x_wconf 89' lang='lat' dir='ltr'><strong>ova</strong></span> <span class='ocrx_word' id='word_1_190' title='bbox 876 2349 999 2427; x_wconf 90' lang='lat' dir='ltr'><strong>pariunt</strong></span> <span class='ocrx_word' id='word_1_191' title='bbox 1016 2355 1180 2432; x_wconf 56' lang='lat' dir='ltr'><strong>serpentem</strong></span> 
     </span>
     <span class='ocr_line' id='line_1_26' title="bbox 165 2431 1180 2515; baseline 0.003 -23"><span class='ocrx_word' id='word_1_192' title='bbox 165 2431 201 2492; x_wconf 90' lang='lat' dir='ltr'><strong>de</strong></span> <span class='ocrx_word' id='word_1_193' title='bbox 231 2432 339 2511; x_wconf 88' lang='lat' dir='ltr'><strong>quibus</strong></span> <span class='ocrx_word' id='word_1_194' title='bbox 367 2436 500 2498; x_wconf 88' lang='lat' dir='ltr'><strong>nondum</strong></span> <span class='ocrx_word' id='word_1_195' title='bbox 528 2436 642 2498; x_wconf 88' lang='lat' dir='ltr'><strong>dictum</strong></span> <span class='ocrx_word' id='word_1_196' title='bbox 668 2445 723 2498; x_wconf 84' lang='lat' dir='ltr'><strong>est.</strong></span> <span class='ocrx_word' id='word_1_197' title='bbox 774 2444 884 2498; x_wconf 89' lang='lat' dir='ltr'><strong>coeunt</strong></span> <span class='ocrx_word' id='word_1_198' title='bbox 907 2435 1082 2515; x_wconf 86' lang='lat' dir='ltr'><strong>complexu,</strong></span> <span class='ocrx_word' id='word_1_199' title='bbox 1112 2435 1180 2494; x_wconf 80' lang='lat' dir='ltr'><strong>adeol</strong></span> 
     </span>
    </p>

    <p class='ocr_par' dir='ltr' id='par_1_8' title="bbox 60 2521 1177 2697">
     <span class='ocr_line' id='line_1_27' title="bbox 60 2521 1177 2604; baseline 0 -23"><span class='ocrx_word' id='word_1_200' title='bbox 60 2585 62 2590; x_wconf 62' lang='grc'><strong>,</strong></span> <span class='ocrx_word' id='word_1_201' title='bbox 165 2521 395 2584; x_wconf 89' lang='lat' dir='ltr'><strong>circumvolutae</strong></span> <span class='ocrx_word' id='word_1_202' title='bbox 424 2523 481 2585; x_wconf 90' lang='lat' dir='ltr'><strong>sibi</strong></span> <span class='ocrx_word' id='word_1_203' title='bbox 507 2527 589 2604; x_wconf 90' lang='lat' dir='ltr'><strong>ipsae</strong></span> <span class='ocrx_word' id='word_1_204' title='bbox 617 2534 651 2588; x_wconf 88' lang='lat' dir='ltr'><strong>ut</strong></span> <span class='ocrx_word' id='word_1_205' title='bbox 677 2543 735 2588; x_wconf 90' lang='lat' dir='ltr'><strong>una</strong></span> <span class='ocrx_word' id='word_1_206' title='bbox 764 2527 925 2588; x_wconf 85' lang='lat' dir='ltr'><strong>existimari</strong></span> <span class='ocrx_word' id='word_1_207' title='bbox 948 2524 1054 2604; x_wconf 89' lang='lat' dir='ltr'><strong>biceps</strong></span> <span class='ocrx_word' id='word_1_208' title='bbox 1082 2527 1177 2604; x_wconf 84' lang='lat' dir='ltr'><strong>possit.</strong></span> 
     </span>
     <span class='ocr_line' id='line_1_28' title="bbox 164 2613 1176 2697; baseline 0 -25"><span class='ocrx_word' id='word_1_209' title='bbox 164 2614 283 2693; x_wconf 87' lang='lat' dir='ltr'><strong>viperae</strong></span> <span class='ocrx_word' id='word_1_210' title='bbox 311 2631 374 2673; x_wconf 89' lang='lat' dir='ltr'><strong>mas</strong></span> <span class='ocrx_word' id='word_1_211' title='bbox 402 2621 491 2693; x_wconf 90' lang='lat' dir='ltr'><strong>caput</strong></span> <span class='ocrx_word' id='word_1_212' title='bbox 519 2617 624 2678; x_wconf 88' lang='lat' dir='ltr'><strong>inserit</strong></span> <span class='ocrx_word' id='word_1_213' title='bbox 651 2617 681 2676; x_wconf 90' lang='lat' dir='ltr'><strong>in</strong></span> <span class='ocrx_word' id='word_1_214' title='bbox 709 2634 756 2697; x_wconf 87' lang='lat' dir='ltr'><strong>os,</strong></span> <span class='ocrx_word' id='word_1_215' title='bbox 790 2615 869 2694; x_wconf 89' lang='lat' dir='ltr'><strong>quod</strong></span> <span class='ocrx_word' id='word_1_216' title='bbox 901 2613 950 2676; x_wconf 90' lang='lat' dir='ltr'><strong>illa</strong></span> <span class='ocrx_word' id='word_1_217' title='bbox 982 2613 1105 2676; x_wconf 87' lang='lat' dir='ltr'><strong>abrodit</strong></span> <span class='ocrx_word' id='word_1_218' title='bbox 1136 2633 1176 2672; x_wconf 72' lang='lat' dir='ltr'><strong>ro·</strong></span> 
     </span>
    </p>

    <p class='ocr_par' dir='ltr' id='par_1_9' title="bbox 113 2700 1176 2783">
     <span class='ocr_line' id='line_1_29' title="bbox 113 2700 1176 2783; baseline -0.005 -17"><span class='ocrx_word' id='word_1_219' title='bbox 113 2700 295 2781; x_wconf 65' lang='lat' dir='ltr'><strong>uoluptatis</strong></span> <span class='ocrx_word' id='word_1_220' title='bbox 314 2702 480 2764; x_wconf 87' lang='lat' dir='ltr'><strong>dulcedine.</strong></span> <span class='ocrx_word' id='word_1_221' title='bbox 526 2707 715 2766; x_wconf 85' lang='lat' dir='ltr'><strong>terrestrium</strong></span> <span class='ocrx_word' id='word_1_222' title='bbox 734 2704 836 2766; x_wconf 84' lang='lat' dir='ltr'><strong>cadem</strong></span> <span class='ocrx_word' id='word_1_223' title='bbox 857 2703 917 2764; x_wconf 89' lang='lat' dir='ltr'><strong>sola</strong></span> <span class='ocrx_word' id='word_1_224' title='bbox 940 2705 1021 2764; x_wconf 86' lang='lat' dir='ltr'><strong>iutra</strong></span> <span class='ocrx_word' id='word_1_225' title='bbox 1045 2723 1080 2764; x_wconf 90' lang='lat' dir='ltr'><strong>se</strong></span> <span class='ocrx_word' id='word_1_226' title='bbox 1108 2705 1176 2783; x_wconf 83' lang='lat' dir='ltr'><strong>parit</strong></span> 
     </span>
    </p>
   </div>
   <div class='ocr_carea' id='block_1_3' title="bbox 160 2909 1176 3325">
    <p class='ocr_par' dir='ltr' id='par_1_10' title="bbox 160 2909 1176 3325">
     <span class='ocr_line' id='line_1_30' title="bbox 237 2909 1176 2980; baseline -0.001 -18"><span class='ocrx_word' id='word_1_227' title='bbox 237 2915 250 2962; x_wconf 85' lang='lat'><strong>1</strong></span> <span class='ocrx_word' id='word_1_228' title='bbox 271 2909 357 2980; x_wconf 78' lang='lat' dir='ltr'><strong>is-2</strong></span> <span class='ocrx_word' id='word_1_229' title='bbox 372 2913 523 2978; x_wconf 78' lang='lat' dir='ltr'><strong>quaternos</strong></span> <span class='ocrx_word' id='word_1_230' title='bbox 537 2927 587 2966; x_wconf 88' lang='lat' dir='ltr'><strong>om.</strong></span> <span class='ocrx_word' id='word_1_231' title='bbox 597 2910 729 2964; x_wconf 75' lang='lat' dir='ltr'><strong>ltr¹Bod</strong></span> <span class='ocrx_word' id='word_1_232' title='bbox 743 2911 782 2980; x_wconf 78' lang='grc'><strong>((11</strong></span> <span class='ocrx_word' id='word_1_233' title='bbox 796 2912 878 2966; x_wconf 83' lang='lat' dir='ltr'><strong>etium</strong></span> <span class='ocrx_word' id='word_1_234' title='bbox 892 2912 1013 2976; x_wconf 84' lang='lat' dir='ltr'><strong>corvus).</strong></span> <span class='ocrx_word' id='word_1_235' title='bbox 1072 2917 1086 2964; x_wconf 86' lang='lat' dir='ltr'><strong>i</strong></span> <span class='ocrx_word' id='word_1_236' title='bbox 1102 2925 1176 2978; x_wconf 74' lang='lat' dir='ltr'><strong>aego-</strong></span> 
     </span>
     <span class='ocr_line' id='line_1_31' title="bbox 165 2979 1175 3052; baseline 0.001 -19"><span class='ocrx_word' id='word_1_237' title='bbox 165 2979 218 3034; x_wconf 85' lang='lat' dir='ltr'><strong>lios</strong></span> <span class='ocrx_word' id='word_1_238' title='bbox 241 2995 265 3035; x_wconf 85' lang='lat' dir='ltr'><strong>o.</strong></span> <span class='ocrx_word' id='word_1_239' title='bbox 298 2998 379 3036; x_wconf 86' lang='lat' dir='ltr'><strong>-ouos</strong></span> <span class='ocrx_word' id='word_1_240' title='bbox 401 2981 446 3038; x_wconf 69' lang='lat'><strong>122.</strong></span> <span class='ocrx_word' id='word_1_241' title='bbox 484 2999 579 3038; x_wconf 77' lang='lat' dir='ltr'><strong>ornos</strong></span> <span class='ocrx_word' id='word_1_242' title='bbox 602 2981 644 3036; x_wconf 72' lang='lat'><strong>1².</strong></span> <span class='ocrx_word' id='word_1_243' title='bbox 685 2999 791 3052; x_wconf 75' lang='lat' dir='ltr'><strong>egonus</strong></span> <span class='ocrx_word' id='word_1_244' title='bbox 814 2987 863 3036; x_wconf 72' lang='grc' dir='ltr'><strong>ᾱτ.</strong></span> <span class='ocrx_word' id='word_1_245' title='bbox 899 2982 987 3037; x_wconf 67' lang='lat' dir='ltr'><strong>Amet.</strong></span> <span class='ocrx_word' id='word_1_246' title='bbox 1012 2983 1037 3037; x_wconf 84' lang='lat' dir='ltr'><strong>b.</strong></span> <span class='ocrx_word' id='word_1_247' title='bbox 1063 2999 1090 3036; x_wconf 85' lang='lat' dir='ltr'><strong>u.</strong></span> <span class='ocrx_word' id='word_1_248' title='bbox 1115 2983 1175 3034; x_wconf 80' lang='lat' dir='ltr'><strong>l&#39;lo&#39;</strong></span> 
     </span>
     <span class='ocr_line' id='line_1_32' title="bbox 160 3052 1175 3122; baseline -0.002 -17"><span class='ocrx_word' id='word_1_249' title='bbox 160 3067 191 3118; x_wconf 75' lang='lat' dir='ltr'><strong>p.</strong></span> <span class='ocrx_word' id='word_1_250' title='bbox 202 3052 304 3119; x_wconf 79' lang='lat' dir='ltr'><strong><em>563A,</em></strong></span> <span class='ocrx_word' id='word_1_251' title='bbox 318 3057 353 3107; x_wconf 89' lang='lat'><strong>31</strong></span> <span class='ocrx_word' id='word_1_252' title='bbox 373 3055 389 3107; x_wconf 84' lang='grc' dir='ltr'>ὁ</span> <span class='ocrx_word' id='word_1_253' title='bbox 404 3055 430 3108; x_wconf 83' lang='grc' dir='ltr'><strong>δ’</strong></span> <span class='ocrx_word' id='word_1_254' title='bbox 448 3053 583 3122; x_wconf 80' lang='grc' dir='ltr'>αἰτώλιοε,</span> <span class='ocrx_word' id='word_1_255' title='bbox 601 3055 648 3110; x_wconf 77' lang='lat' dir='ltr'><strong>sed</strong></span> <span class='ocrx_word' id='word_1_256' title='bbox 666 3055 682 3107; x_wconf 87' lang='grc' dir='ltr'>ὁ</span> <span class='ocrx_word' id='word_1_257' title='bbox 697 3055 728 3108; x_wconf 84' lang='grc' dir='ltr'><strong>δὲ</strong></span> <span class='ocrx_word' id='word_1_258' title='bbox 741 3055 842 3119; x_wconf 57' lang='lat' dir='ltr'><strong>subito(</strong></span> <span class='ocrx_word' id='word_1_259' title='bbox 855 3054 912 3110; x_wconf 80' lang='lat' dir='ltr'><strong>eod.</strong></span> <span class='ocrx_word' id='word_1_260' title='bbox 928 3053 964 3122; x_wconf 67' lang='grc' dir='ltr'><strong>Ρ,</strong></span> <span class='ocrx_word' id='word_1_261' title='bbox 983 3055 1000 3107; x_wconf 85' lang='grc' dir='ltr'><strong>ό</strong></span> <span class='ocrx_word' id='word_1_262' title='bbox 1015 3055 1041 3108; x_wconf 77' lang='grc' dir='ltr'><strong>δ’</strong></span> <span class='ocrx_word' id='word_1_263' title='bbox 1056 3054 1175 3119; x_wconf 62' lang='lat' dir='ltr'><strong>ulferium</strong></span> 
     </span>
     <span class='ocr_line' id='line_1_33' title="bbox 165 3121 1150 3194; baseline 0 -18"><span class='ocrx_word' id='word_1_264' title='bbox 165 3121 346 3178; x_wconf 75' lang='lat' dir='ltr'><strong>Bussemulcer</strong></span> <span class='ocrx_word' id='word_1_265' title='bbox 364 3130 389 3179; x_wconf 85' lang='lat' dir='ltr'><strong>et</strong></span> <span class='ocrx_word' id='word_1_266' title='bbox 404 3125 541 3180; x_wconf 80' lang='lat' dir='ltr'><strong>Pilclcoloe.</strong></span> <span class='ocrx_word' id='word_1_267' title='bbox 614 3131 631 3180; x_wconf 80' lang='lat'>5</span> <span class='ocrx_word' id='word_1_268' title='bbox 650 3123 792 3194; x_wconf 85' lang='lat' dir='ltr'><strong>inequalia</strong></span> <span class='ocrx_word' id='word_1_269' title='bbox 806 3143 823 3178; x_wconf 77' lang='lat' dir='ltr'><strong>a</strong></span> <span class='ocrx_word' id='word_1_270' title='bbox 840 3125 900 3180; x_wconf 80' lang='lat' dir='ltr'><strong>edd.</strong></span> <span class='ocrx_word' id='word_1_271' title='bbox 913 3130 975 3180; x_wconf 83' lang='lat' dir='ltr'><strong>oett.</strong></span> <span class='ocrx_word' id='word_1_272' title='bbox 997 3142 1053 3181; x_wconf 90' lang='lat' dir='ltr'><strong>nec</strong></span> <span class='ocrx_word' id='word_1_273' title='bbox 1068 3125 1125 3180; x_wconf 80' lang='lat' dir='ltr'><strong>alia</strong></span> <span class='ocrx_word' id='word_1_274' title='bbox 1137 3143 1150 3176; x_wconf 82' lang='lat' dir='ltr'><strong>r</strong></span> 
     </span>
     <span class='ocr_line' id='line_1_34' title="bbox 165 3194 1173 3268; baseline 0.002 -21"><span class='ocrx_word' id='word_1_275' title='bbox 165 3194 259 3263; x_wconf 83' lang='lat' dir='ltr'><strong>plures</strong></span> <span class='ocrx_word' id='word_1_276' title='bbox 272 3197 349 3251; x_wconf 81' lang='lat' dir='ltr'><strong>codd.</strong></span> <span class='ocrx_word' id='word_1_277' title='bbox 364 3195 423 3252; x_wconf 70' lang='lat' dir='ltr'><strong>Get.</strong></span> <span class='ocrx_word' id='word_1_278' title='bbox 446 3197 476 3250; x_wconf 90' lang='lat' dir='ltr'><strong>in</strong></span> <span class='ocrx_word' id='word_1_279' title='bbox 489 3197 579 3268; x_wconf 86' lang='lat' dir='ltr'><strong>pluris</strong></span> <span class='ocrx_word' id='word_1_280' title='bbox 594 3215 618 3250; x_wconf 74' lang='lat' dir='ltr'><strong>a.</strong></span> <span class='ocrx_word' id='word_1_281' title='bbox 640 3197 670 3250; x_wconf 87' lang='lat' dir='ltr'><strong>iu</strong></span> <span class='ocrx_word' id='word_1_282' title='bbox 685 3213 726 3252; x_wconf 89' lang='lat' dir='ltr'><strong>-es</strong></span> <span class='ocrx_word' id='word_1_283' title='bbox 740 3213 763 3252; x_wconf 73' lang='lat' dir='ltr'><strong>r.</strong></span> <span class='ocrx_word' id='word_1_284' title='bbox 784 3198 788 3265; x_wconf 89' lang='grc' dir='ltr'>Ι</span> <span class='ocrx_word' id='word_1_285' title='bbox 808 3198 890 3252; x_wconf 70' lang='lat' dir='ltr'><strong>unca</strong></span> <span class='ocrx_word' id='word_1_286' title='bbox 906 3196 983 3250; x_wconf 69' lang='lat'>1¹⁸⁹.</span> <span class='ocrx_word' id='word_1_287' title='bbox 1065 3205 1082 3252; x_wconf 83' lang='grc'>6</span> <span class='ocrx_word' id='word_1_288' title='bbox 1100 3195 1173 3266; x_wconf 71' lang='lat' dir='ltr'><strong>pullis</strong></span> 
     </span>
     <span class='ocr_line' id='line_1_35' title="bbox 165 3265 1173 3325; baseline 0.001 -7"><span class='ocrx_word' id='word_1_289' title='bbox 165 3266 269 3320; x_wconf 63' lang='grc' dir='ltr'><strong>ΜΨ.</strong></span> <span class='ocrx_word' id='word_1_290' title='bbox 303 3267 336 3322; x_wconf 86' lang='lat' dir='ltr'><strong>-li</strong></span> <span class='ocrx_word' id='word_1_291' title='bbox 355 3270 421 3322; x_wconf 82' lang='lat' dir='ltr'><strong>sunt</strong></span> <span class='ocrx_word' id='word_1_292' title='bbox 437 3267 479 3322; x_wconf 75' lang='lat'><strong>1¹.</strong></span> <span class='ocrx_word' id='word_1_293' title='bbox 576 3275 609 3322; x_wconf 84' lang='grc'><strong>14</strong></span> <span class='ocrx_word' id='word_1_294' title='bbox 632 3269 713 3323; x_wconf 84' lang='lat' dir='ltr'><strong>urina</strong></span> <span class='ocrx_word' id='word_1_295' title='bbox 730 3267 813 3322; x_wconf 69' lang='lat'>1²2².</span> <span class='ocrx_word' id='word_1_296' title='bbox 845 3269 1110 3325; x_wconf 56' lang='lat' dir='ltr'><strong>bosenchem</strong></span> <span class='ocrx_word' id='word_1_297' title='bbox 1123 3265 1173 3322; x_wconf 76' lang='lat' dir='ltr'><strong>Sili.</strong></span> 
     </span>
    </p>
   </div>
   <div class='ocr_carea' id='block_1_4' title="bbox 164 3337 1173 3702">
    <p class='ocr_par' dir='ltr' id='par_1_11' title="bbox 164 3337 1173 3702">
     <span class='ocr_line' id='line_1_36' title="bbox 164 3337 1166 3424; baseline 0.001 -18"><span class='ocrx_word' id='word_1_298' title='bbox 164 3337 784 3424; x_wconf 69' lang='lat' dir='ltr'><strong>ila.inr.1urinafiunreou.aureflaru.</strong></span> <span class='ocrx_word' id='word_1_299' title='bbox 859 3364 891 3412; x_wconf 73' lang='grc' dir='ltr'><strong>ιτ</strong></span> <span class='ocrx_word' id='word_1_300' title='bbox 910 3356 1166 3412; x_wconf 78' lang='lat' dir='ltr'><strong>infurfuribussr</strong></span> 
     </span>
     <span class='ocr_line' id='line_1_37' title="bbox 164 3423 1172 3486; baseline 0.001 -9"><span class='ocrx_word' id='word_1_301' title='bbox 164 3423 232 3477; x_wconf 85' lang='lat' dir='ltr'><strong>furf-</strong></span> <span class='ocrx_word' id='word_1_302' title='bbox 250 3442 274 3478; x_wconf 82' lang='lat' dir='ltr'><strong>r.</strong></span> <span class='ocrx_word' id='word_1_303' title='bbox 366 3433 399 3481; x_wconf 85' lang='lat'><strong>19</strong></span> <span class='ocrx_word' id='word_1_304' title='bbox 417 3429 529 3481; x_wconf 84' lang='lat' dir='ltr'><strong>tantum</strong></span> <span class='ocrx_word' id='word_1_305' title='bbox 546 3428 610 3482; x_wconf 65' lang='lat' dir='ltr'><strong>rio.</strong></span> <span class='ocrx_word' id='word_1_306' title='bbox 642 3429 672 3482; x_wconf 92' lang='lat' dir='ltr'><strong>in</strong></span> <span class='ocrx_word' id='word_1_307' title='bbox 690 3431 764 3484; x_wconf 83' lang='lat' dir='ltr'><strong>tant·</strong></span> <span class='ocrx_word' id='word_1_308' title='bbox 782 3446 806 3486; x_wconf 82' lang='lat' dir='ltr'><strong>r.</strong></span> <span class='ocrx_word' id='word_1_309' title='bbox 896 3435 930 3483; x_wconf 79' lang='lat'><strong>20</strong></span> <span class='ocrx_word' id='word_1_310' title='bbox 950 3428 1172 3484; x_wconf 70' lang='lat' dir='ltr'><strong>membranaceae</strong></span> 
     </span>
     <span class='ocr_line' id='line_1_38' title="bbox 165 3493 1173 3570; baseline 0.006 -26"><span class='ocrx_word' id='word_1_311' title='bbox 165 3493 255 3548; x_wconf 67' lang='lat' dir='ltr'><strong>rien.</strong></span> <span class='ocrx_word' id='word_1_312' title='bbox 284 3512 346 3551; x_wconf 86' lang='lat' dir='ltr'><strong>-cae</strong></span> <span class='ocrx_word' id='word_1_313' title='bbox 360 3497 464 3553; x_wconf 61' lang='grc' dir='ltr'><strong>ΜΨ.</strong></span> <span class='ocrx_word' id='word_1_314' title='bbox 489 3515 538 3552; x_wconf 90' lang='lat' dir='ltr'><strong>-na</strong></span> <span class='ocrx_word' id='word_1_315' title='bbox 552 3515 604 3554; x_wconf 88' lang='lat' dir='ltr'><strong>ceu</strong></span> <span class='ocrx_word' id='word_1_316' title='bbox 618 3498 656 3554; x_wconf 52' lang='grc' dir='ltr'><strong>αἱ</strong></span> <span class='ocrx_word' id='word_1_317' title='bbox 677 3501 681 3568; x_wconf 87' lang='grc' dir='ltr'>Ι</span> <span class='ocrx_word' id='word_1_318' title='bbox 702 3516 811 3570; x_wconf 85' lang='lat' dir='ltr'><strong>pennae</strong></span> <span class='ocrx_word' id='word_1_319' title='bbox 825 3499 884 3555; x_wconf 74' lang='lat' dir='ltr'><strong>e&#39;d.</strong></span> <span class='ocrx_word' id='word_1_320' title='bbox 903 3516 1005 3570; x_wconf 73' lang='lat' dir='ltr'><strong>pamm</strong></span> <span class='ocrx_word' id='word_1_321' title='bbox 1023 3499 1091 3552; x_wconf 57' lang='lat' dir='ltr'><strong>nd.</strong></span> <span class='ocrx_word' id='word_1_322' title='bbox 1112 3501 1116 3564; x_wconf 75' lang='lat' dir='ltr'><strong>l</strong></span> <span class='ocrx_word' id='word_1_323' title='bbox 1135 3513 1173 3550; x_wconf 84' lang='lat' dir='ltr'><strong>um</strong></span> 
     </span>
     <span class='ocr_line' id='line_1_39' title="bbox 165 3563 1173 3638; baseline 0.004 -20"><span class='ocrx_word' id='word_1_324' title='bbox 165 3563 202 3616; x_wconf 54' lang='grc' dir='ltr'><strong>αἱ.</strong></span> <span class='ocrx_word' id='word_1_325' title='bbox 228 3565 276 3617; x_wconf 89' lang='lat' dir='ltr'><strong>nni</strong></span> <span class='ocrx_word' id='word_1_326' title='bbox 290 3583 312 3619; x_wconf 83' lang='lat' dir='ltr'><strong>r.</strong></span> <span class='ocrx_word' id='word_1_327' title='bbox 339 3569 389 3634; x_wconf 79' lang='lat' dir='ltr'><strong>cfr.</strong></span> <span class='ocrx_word' id='word_1_328' title='bbox 403 3584 464 3623; x_wconf 83' lang='lat' dir='ltr'><strong>ooo.</strong></span> <span class='ocrx_word' id='word_1_329' title='bbox 480 3569 532 3624; x_wconf 82' lang='lat' dir='ltr'><strong>luo.</strong></span> <span class='ocrx_word' id='word_1_330' title='bbox 543 3587 574 3638; x_wconf 82' lang='lat' dir='ltr'><strong>p.</strong></span> <span class='ocrx_word' id='word_1_331' title='bbox 585 3574 630 3625; x_wconf 85' lang='lat'><strong>85.</strong></span> <span class='ocrx_word' id='word_1_332' title='bbox 704 3576 737 3624; x_wconf 80' lang='lat'><strong>21</strong></span> <span class='ocrx_word' id='word_1_333' title='bbox 753 3571 907 3628; x_wconf 83' lang='lat' dir='ltr'><strong>admonens</strong></span> <span class='ocrx_word' id='word_1_334' title='bbox 919 3577 1046 3628; x_wconf 69' lang='lat' dir='ltr'><strong>Recon.</strong></span> <span class='ocrx_word' id='word_1_335' title='bbox 1061 3571 1100 3624; x_wconf 70' lang='grc' dir='ltr'><strong>ι’.</strong></span> <span class='ocrx_word' id='word_1_336' title='bbox 1124 3576 1173 3622; x_wconf 84' lang='lat' dir='ltr'><strong>-uet</strong></span> 
     </span>
     <span class='ocr_line' id='line_1_40' title="bbox 165 3635 1170 3702; baseline 0.004 -17"><span class='ocrx_word' id='word_1_337' title='bbox 165 3635 190 3684; x_wconf 84' lang='grc'><strong>(1.</strong></span> <span class='ocrx_word' id='word_1_338' title='bbox 219 3635 273 3687; x_wconf 83' lang='lat' dir='ltr'><strong>-uit</strong></span> <span class='ocrx_word' id='word_1_339' title='bbox 290 3652 312 3689; x_wconf 83' lang='lat' dir='ltr'><strong>r.</strong></span> <span class='ocrx_word' id='word_1_340' title='bbox 391 3645 425 3692; x_wconf 82' lang='lat'><strong>22</strong></span> <span class='ocrx_word' id='word_1_341' title='bbox 445 3639 581 3696; x_wconf 81' lang='lat' dir='ltr'><strong>coxendix</strong></span> <span class='ocrx_word' id='word_1_342' title='bbox 599 3658 623 3696; x_wconf 89' lang='lat' dir='ltr'><strong>o.</strong></span> <span class='ocrx_word' id='word_1_343' title='bbox 652 3641 707 3696; x_wconf 81' lang='lat' dir='ltr'><strong>-dis</strong></span> <span class='ocrx_word' id='word_1_344' title='bbox 725 3644 753 3698; x_wconf 91' lang='lat' dir='ltr'><strong>ll.</strong></span> <span class='ocrx_word' id='word_1_345' title='bbox 832 3649 865 3698; x_wconf 78' lang='lat'><strong>25</strong></span> <span class='ocrx_word' id='word_1_346' title='bbox 885 3644 929 3702; x_wconf 85' lang='lat' dir='ltr'><strong>est</strong></span> <span class='ocrx_word' id='word_1_347' title='bbox 945 3641 985 3698; x_wconf 81' lang='lat' dir='ltr'><strong>ed.</strong></span> <span class='ocrx_word' id='word_1_348' title='bbox 1000 3641 1070 3698; x_wconf 76' lang='lat' dir='ltr'><strong>Bne</strong></span> <span class='ocrx_word' id='word_1_349' title='bbox 1098 3641 1134 3694; x_wconf 85' lang='lat' dir='ltr'><strong>sit</strong></span> <span class='ocrx_word' id='word_1_350' title='bbox 1150 3639 1170 3692; x_wconf 82' lang='lat' dir='ltr'><strong>lt</strong></span> 
     </span>
    </p>
   </div>
   <div class='ocr_carea' id='block_1_5' title="bbox 0 0 1186 3930">
    <p class='ocr_par' dir='ltr' id='par_1_12' title="bbox 0 0 1186 3930">
     <span class='ocr_line' id='line_1_41' title="bbox 0 0 1186 3930; baseline 0 0"><span class='ocrx_word' id='word_1_351' title='bbox 0 0 1186 3930; x_wconf 95' lang='lat' dir='ltr'><strong> </strong></span> 
     </span>
    </p>
   </div>
  </div>
 </body>
</html>
