2286 3938
150 257 215 322 244
502 273 530 322 o.
550 273 645 320 xnrur
663 273 813 322 sacoxnr

152 433 201 509 qui
226 439 273 492 est
292 428 413 491 Caucasi
435 447 548 506 ramus,
563 425 635 489 ¹inde
657 427 828 488 mollissimo
847 427 969 504 trapsitn
986 425 1014 484 in
1026 423 1138 484 Bnctros.

102 520 151 574 135
163 515 306 576 Susianen
326 515 362 574 ab
385 511 535 592 Elymaide
556 513 736 574 disterminat
764 512 854 573 amnis
875 509 1003 580 Eulaeus
1029 517 1102 568 ortua
1120 528 1139 566 u

152 598 246 660 Medis
263 599 437 676 modicoque
456 599 552 677 spatio
567 596 699 662 cuniculo
717 597 849 656 conditus
865 613 899 655 ac
920 612 1020 654 rursus
1039 601 1115 654 exort

154 692 184 743 et
206 703 261 762 per
281 681 508 744 Massabatenen
535 683 642 762 lapsus.
684 682 816 742 circumit
838 697 933 740 arcem
959 677 1092 736 Susorun
1117 695 1139 732 a·

152 767 262 829 Dianae
276 767 412 846 templum
423 768 656 844 augustissimum
668 765 725 826 illis
738 763 887 842 gentibus,
900 772 931 822 et
942 765 1009 842 ipse
1020 763 1128 836 iumagu

153 854 344 928 caerimonia,
365 851 508 930 siquidem
528 869 616 928 reges
634 868 692 910 non
715 869 753 910 ex
776 849 835 910 aiio
853 848 955 908 bibunt
976 855 1007 906 et
1025 845 1061 904 ob
1082 843 1107 902 id
1123 847 1136 901 ir

152 935 311 1016 longinqua
326 945 455 1015 portant.
486 937 590 1014 recipit
610 952 708 995 amnes
729 932 893 1012 Hedyphon
906 939 1027 1010 praeter
1042 928 1123 1003 Asylu

152 1019 307 1081 Persarum
319 1022 504 1097 venientem,
530 1019 660 1080 Adunam
688 1037 726 1079 ex
748 1015 886 1078 Susianis.
926 1015 1063 1094 oppidum
1081 1014 1139 1072 iuxt

154 1123 219 1166 eum
233 1101 356 1184 Magoa,
373 1124 389 1166 a
405 1103 533 1165 Charace
547 1103 602 1164 XV
617 1103 676 1164 mil.
691 1121 835 1182 passuum.
870 1100 984 1180 qnidam
998 1098 1056 1158 hoc
1069 1099 1095 1156 in
1108 1115 1136 1154 ex

102 1195 152 1249 136
164 1197 254 1250 trema
266 1189 387 1250 Susiane
399 1199 510 1270 ponunt
521 1187 725 1248 solitudinibus
738 1189 908 1267 proximum.
934 1183 1013 1244 Infra
1025 1181 1125 1242 Eulaeo

153 1271 280 1350 Elymais
297 1283 343 1334 est
358 1277 387 1334 in
403 1292 452 1334 ora
469 1275 564 1334 iuncta
578 1272 708 1348 Persidi,
732 1271 880 1333 allumine
903 1267 983 1330 Orati
1001 1267 1040 1328 ad
1060 1264 1137 1325 Charo

153 1376 217 1437 cem
240 1355 338 1419 CCXL
360 1359 418 1418 rnil.
441 1375 585 1436 passuum.
621 1357 729 1436 oppida
746 1358 809 1416 eius
830 1353 965 1415 Seleucia
985 1361 1019 1412 et
1034 1349 1139 1410 Sosirat

119 1457 142 1491 u
154 1441 287 1522 adposita
304 1448 398 1504 monti·
411 1439 544 1502 Chasiro.
584 1440 671 1502 Onam
687 1459 761 1520 quae
776 1441 926 1519 praeiacet
938 1439 1082 1496 minorum
1095 1434 1138 1508 Syr

154 1527 223 1586 tium
239 1528 303 1587 vice
318 1527 440 1586 diximus
458 1528 636 1605 inaccessam
651 1542 763 1599 coeno,
787 1521 937 1602 plurimum
952 1522 1014 1581 limi
1032 1519 1138 1580 deieren

153 1611 229 1670 tibus
249 1611 336 1670 Brixa
354 1621 384 1671 et
400 1611 514 1670 Ortacia
531 1609 676 1687 amnibus,
692 1609 827 1669 madente
844 1617 874 1667 et
889 1609 955 1684 ipsa
965 1602 1112 1683 Elymaide
1128 1602 1133 1660 i

153 1703 261 1754 tantum
277 1704 308 1754 nt
323 1695 417 1754 nullus
430 1697 467 1756 sit
482 1697 537 1754 uisi
553 1695 675 1754 circuitu
693 1695 756 1754 eius
774 1693 810 1752 ad
822 1692 971 1752 Persidem
986 1690 1091 1772 aditus.
1119 1705 1139 1743 n

153 1779 278 1838 iestatur
299 1789 329 1840 et
350 1779 535 1860 serpentibus
563 1796 636 1857 qnos
660 1777 773 1837 domina
801 1778 966 1854 deportant.
1013 1792 1081 1853 pars
1101 1773 1138 1830 ein

153 1864 276 1924 maxime
291 1866 368 1926 invia
381 1862 548 1924 Characene
563 1871 682 1922 vocatur
694 1862 729 1923 ab
743 1861 852 1940 oppido
869 1857 997 1920 Arabiae
1012 1855 1134 1919 claudent

153 1964 245 2023 regna
266 1966 318 2025 ea,
342 1947 378 2008 de
401 1967 459 2026 qno
477 1947 604 2008 dicemus
620 1948 756 2029 exposita
772 1947 852 2028 prius
869 1943 908 2004 M.
930 1945 1085 2022 Agrippae
1099 1957 1126 1998 se

103 2035 152 2086 137
164 2033 262 2090 tentia.
285 2049 405 2109 namque
418 2035 443 2092 is
455 2028 578 2092 Mediam
590 2039 619 2092 et
631 2030 775 2090 Parthiam
787 2039 818 2090 et
829 2028 979 2090 Persidem
994 2027 1036 2088 ab
1053 2027 1135 2086 orient

116 2153 118 2158 -
152 2113 242 2191 Indo,
265 2114 301 2174 ab
325 2116 477 2176 occidente
500 2115 597 2194 Tigri,
621 2135 637 2176 a
659 2117 863 2193 septentrione
880 2111 994 2185 Tauro,
1023 2109 1126 2172 Caucas

153 2215 169 2256 a
184 2197 306 2258 meridie
320 2197 420 2260 Rubro
439 2203 509 2260 mari
525 2201 690 2260 terminatas
704 2208 805 2274 patere
816 2201 846 2258 in
860 2196 1076 2274 longitudinem
1091 2209 1135 2278 lxii

152 2277 209 2340 XX
222 2281 281 2340 mil.
305 2300 396 2360 pass,
418 2285 447 2344 in
466 2284 645 2344 latitudinem
666 2280 819 2343 DCCCXL
841 2282 984 2362 prodidit,
1009 2289 1138 2358 praetere

153 2381 208 2442 per
222 2385 255 2426 se
270 2361 509 2445 Mesopotamiam
526 2367 561 2428 ab
576 2369 691 2444 oriente
710 2366 808 2445 Tigri,
825 2366 861 2426 ab
878 2383 985 2426 occasu
1001 2363 1139 2443 Euphrat

153 2466 169 2506 a
184 2452 386 2532 septentrione
403 2451 515 2529 Tauro,
538 2451 554 2512 a
568 2453 689 2512 meridie
707 2453 777 2511 mari
793 2450 915 2511 Persico
929 2449 1089 2525 inclusam,
1105 2447 1128 2506 lo

102 2543 152 2597 1:38
163 2533 293 2608 gitndine
310 2532 411 2605 DCCC
425 2535 484 2594 mil.
501 2552 596 2614 pass,
614 2535 763 2596 latitudine
782 2533 916 2595 CCCLX.
950 2531 1071 2594 Charax
1085 2549 1135 2610 opp

153 2614 217 2675 dum
230 2617 339 2678 Persici
361 2621 440 2679 sinus
455 2621 600 2698 intimum,
623 2639 638 2680 a
661 2637 718 2700 quo
737 2619 845 2680 Arabia
865 2617 1039 2678 Eudaemon
1059 2635 1137 2693 cogn

151 2702 257 2779 minata
273 2705 418 2783 excurrit,
435 2702 580 2764 habitatur
592 2707 620 2765 in
637 2703 714 2766 colle
730 2721 813 2763 mann
824 2705 905 2784 ,iacto
924 2705 1002 2762 inter
1019 2701 1129 2762 contine

152 2785 346 2859 tes‚'dextra
369 2785 493 2864 Tigrim,
521 2787 604 2849 laeva
622 2788 782 2858 Eulaeum,
807 2787 834 2846 ll
853 2786 912 2846 nil.
933 2803 1012 2864 pass.
1037 2786 1139 2846 laxitat

151 2867 297 2926 conditum
312 2876 358 2927 est
373 2871 493 2946 primurn
513 2873 549 2932 ab
569 2873 737 2935 Alexandro
760 2871 866 2949 Magno
891 2869 1007 2932 colonis
1032 2889 1073 2930 ex
1094 2867 1138 2925 urb

151 2951 234 3024 regia
255 2949 363 3010 Durine
386 2969 459 3028 qnae
482 2963 542 3015 tum
565 2961 677 3020 interiit
699 2957 840 3018 deductis.
876 2955 997 3014 militurn
1014 2952 1126 3014 inutilib

152 3031 192 3090 ibi
213 3031 323 3091 relictis
344 3033 552 3100 Alexandriam
576 3041 718 3124 appellari
738 3041 882 3118 iusserat,
911 3056 1082 3118 pagumque
1102 3035 1135 3094 Pe

103 3121 151 3173 139
161 3112 256 3212 laeum
276 3133 292 3174 a
312 3118 404 3208 patria
425 3137 476 3179 sua
498 3139 586 3202 quern
611 3128 731 3208 proprie
747 3123 937 3184 Macedonum
959 3123 1084 3182 iecerat.
1115 3117 1129 3176 il

150 3214 225 3294 ΜΨ
245 3195 273 3256 ¹d
295 3199 431 3275 ⁰Ppidutn
461 3222 682 3289 expugnavere.
724 3217 828 3290 postea
849 3203 1127 3268 restituit'Anttoch

151 3288 266 3356 ¹1¹nnius
285 3299 385 3376 fssgflfss
400 3292 506 3364 etwsuo
531 3301 648 3360 nomine
668 3293 835 3375 appellavit,
858 3293 963 3352 iterum
985 3307 1104 3368 quoqne
1124 3305 1139 3342 u

150 3363 286 3422 f⁰⁵l⁸¹¹¹¹¹1
297 3361 417 3424 PT⁵¹¹¹0⁸
433 3363 637 3450 saggodeunaci
651 3383 742 3456 iulius,
759 3395 812 3437 rex
827 3375 1014 3434 finitimorum
1024 3372 1124 3432 Arabo

151 3461 235 3543 quem
250 3445 319 3506 luha
342 3455 480 3546 illlil’ess
502 3458 643 3528 Antiochi
668 3465 760 3525 inisse
788 3459 861 3520 ialso
883 3457 989 3536 tradit,
1019 3455 1133 3536 opposit

167 3528 274 3589 *illbus
289 3538 417 3591 resiliunt
432 3553 601 3627 nomenque
620 3568 701 3612 snum
721 3543 799 3608 dedit
818 3545 946 3606 emunito
963 3543 1021 3604 situ
1038 3545 1118 3602 iuxta
1136 3539 1138 3546 “
