2302 3938
128 116 191 198 120
472 127 504 180 o.
525 129 622 181 eninr
644 127 793 178 saeuum

128 287 223 369 phaeo
240 288 333 348 exite
350 294 433 368 petra
451 284 561 346 llamma
577 302 651 364 quae
662 283 955 363 pluviisaooenditur.
979 284 1041 344 exit
1056 292 1085 344 et
1097 282 1126 342 ad

129 391 217 453 aquas
232 372 374 451 SoantIas,
389 370 462 434 haec
479 369 594 451 quidem
609 368 753 446 invalida,
770 387 833 430 eum
850 370 962 446 transit,
978 387 1034 430 nec
1047 367 1125 444 longe

130 457 160 518 ln
181 456 237 518 alia
258 456 363 518 durans
386 457 515 532 materia.
556 457 633 516 viret
653 462 775 518 aeterno
797 453 870 519 huno
889 454 1001 514 fontem
1020 453 1125 530 igneum

130 550 293 620 contegens
304 541 444 610 fraxinus.
468 541 529 604 exit
543 540 572 600 in
582 537 740 608 Mutinensi
755 557 827 617 agro
840 539 923 600 statis
934 537 1066 600 Volcano
1077 537 1126 597 die·

130 627 195 691 bus.
218 626 378 708 Reperitur
389 622 464 704 apud
475 632 611 688 auctores
627 622 767 686 subiectis
780 623 897 685 Ariciae
910 624 1000 701 arvis,
1014 623 1039 682 si
1050 621 1142 685 corbos

133 710 291 787 deciderit,
306 709 410 772 ardere
427 717 552 786 terram,
570 709 600 770 in
617 725 689 786 agro
706 706 815 768 Sabino
831 717 863 768 et
877 706 1006 768 Sidicino
1026 714 1127 766 unctum

132 795 258 874 flagrare
273 793 415 874 lapidem,
436 795 466 854 in
483 791 644 857 Sallentino
662 791 771 872 oppido
789 790 890 852 Gnatia
907 793 1038 870 inposito
1059 791 1127 868 ligno

131 881 162 940 in
178 897 277 940 saxum
292 877 434 958 quoddam
447 878 488 940 ibi
504 895 615 940 sacruto
631 879 764 958 protiens
780 875 917 951 flammam
934 878 1077 947 existere.
1106 877 1128 933 in

131 962 266 1027 Laciniae
281 963 400 1024 IanouIs
413 981 463 1026 ara
478 963 531 1024 sub
545 963 592 1024 diu
604 963 660 1024 sita
674 963 803 1042 cinerem
814 961 981 1024 inmobilem
994 981 1064 1024 esse
1075 978 1128 1039 per-

88 1058 138 1110 241
155 1048 289 1110 dantibus
301 1048 427 1131 undique
442 1047 592 1129 procellis.
610 1047 677 1128 quin
689 1055 720 1108 et
730 1049 902 1126 repentinos
911 1049 1046 1108 existere
1057 1048 1141 1122 Ignem

133 1143 164 1196 et
180 1135 210 1194 in
226 1135 309 1214 aquis
326 1141 357 1196 et
374 1134 404 1195 in
418 1132 593 1212 corporibus
609 1133 697 1192 etiam
711 1130 859 1210 humanis,
887 1131 1086 1194 Trasimenum
1098 1128 1129 1189 la·

133 1237 196 1282 eum
218 1219 327 1280 arsisse
350 1225 456 1294 totum,
488 1215 594 1278 Servio
613 1215 708 1276 Tullio
733 1215 886 1278 dormienti
907 1217 936 1276 io
956 1216 1083 1295 pueritia
1100 1232 1129 1272 ex

133 1305 230 1383 eapite
247 1302 385 1366 dammam
401 1303 563 1374 emicuisse.
586 1299 618 1372 L.
633 1299 744 1362 Illaroio
761 1303 791 1362 in
804 1301 943 1380 Hispania
957 1301 1129 1378 interemptis

134 1388 319 1466 Salpionibns
338 1387 517 1459 contionanti
533 1393 563 1446 et
578 1385 686 1448 milites
704 1385 738 1446 ad
760 1385 900 1446 ultionem
916 1385 1083 1448 exhortanti
1095 1401 1129 1442 ar·

135 1475 211 1534 slsse
232 1472 318 1532 simili
339 1470 425 1532 modo
442 1469 579 1542 Valerius
594 1469 698 1531 Antias
713 1480 816 1532 narrat.
854 1469 940 1533 Plura
961 1487 1034 1536 mox
1055 1477 1083 1528 et
1100 1467 1131 1526 di·

135 1557 287 1633 stinetius,
302 1573 377 1616 nuno
394 1557 470 1616 enim
486 1553 605 1634 quadam
616 1555 739 1616 mistura
754 1573 851 1620 rerum
864 1555 987 1616 omnium
1005 1553 1130 1616 exhiben-

134 1649 182 1700 tur
197 1639 342 1702 miracula.
376 1659 476 1700 uerum
493 1657 615 1718 egressa
633 1658 714 1700 mens
732 1641 1010 1718 interpretationem
1025 1647 1131 1700 naturae

134 1725 250 1788 festinat
261 1725 421 1803 legentium
433 1726 543 1786 animos
555 1741 610 1804 per
621 1732 712 1785 totum
721 1723 920 1799 orbemueluti
930 1741 1018 1786 mauu
1027 1723 1130 1784 docere.
1144 1743 1145 1808 p

92 1820 143 1870 242
209 1807 278 1873 108.
295 1807 398 1890 (112.)
417 1809 489 1870 Pars
503 1817 603 1870 nostra
619 1817 781 1887 terrarum,
798 1809 835 1870 de
850 1827 906 1889 qua
921 1827 1072 1884 memoro,
1087 1825 1131 1866 anr-

93 1895 227 1955 ambienti
249 1896 295 1973 (ut
316 1893 422 1956 dietum
446 1897 507 1974 est)
529 1910 641 1972 oceano
662 1893 743 1956 uelut
765 1896 896 1972 innatans
917 1895 1088 1973 longissime
1103 1892 1131 1950 ab

136 1987 202 2038 ortu
224 1980 259 2039 ad
280 1997 413 2040 occasum
435 1987 533 2058 patei,
553 1978 610 2040 boc
634 1987 680 2042 est
702 1979 737 2040 ab
755 1978 835 2050 India
857 1979 892 2040 ad
908 1977 1045 2042 Herculis
1067 1977 1145 2050 colu-p

134 2081 213 2122 mnas
227 2061 354 2124 Gadibus
367 2071 494 2124 sacratas
504 2063 649 2148 mi]
662 2061 812 2126 LXXVIII
827 2063 887 2138 mil.
905 2082 993 2142 pasc,
1015 2071 1046 2125 ut
1060 2063 1145 2138 Arte

134 2146 248 2206 midoro
270 2148 380 2208 auctori
402 2147 515 2226 placet,
541 2156 572 2208 ut
594 2166 667 2209 vero
689 2147 822 2228 Isidoro,
847 2151 966 2232 aarum
988 2147 1087 2210 XVIII
1101 2145 1145 2222 blp

135 2230 340 2292 Artemidorus
355 2232 442 2293 adicit
457 2233 579 2312 amplius
594 2249 611 2292 a
629 2231 755 2306 Gadibus
774 2233 896 2308 olrouitu
913 2235 988 2294 sacri
1011 2249 1145 2313 promus-p

135 2318 192 2390 turi
206 2315 241 2376 ad
254 2318 481 2396 promunturium
492 2317 660 2394 Artabrum,
672 2335 730 2398 quo
743 2317 915 2396 longissime
927 2319 1011 2394 frons
1025 2335 1130 2398 procur·
1144 2325 1145 2330 ’

93 2407 144 2459 243
159 2408 205 2463 rat
220 2399 395 2482 Hispaniae,
410 2399 567 2464 DCCCXC
579 2401 606 2462 Μ
618 2402 795 2474 emersura
813 2404 903 2466 currit
919 2403 1027 2484 duplici
1045 2403 1102 2478 via,
1120 2417 1131 2456 a

136 2481 237 2564 Gange
253 2503 334 2547 amne
353 2488 489 2567 ostioque
507 2488 570 2548 eius
588 2505 645 2566 quo
661 2506 695 2548 se
709 2489 739 2548 in
760 2487 854 2548 Eoum
870 2506 1011 2566 oceanum
1027 2483 1133 2550 effundit

134 2588 192 2714 per
213 2569 321 2632 Indiam
337 2570 579 2653 Parthyenenque
602 2571 637 2633 ad
651 2571 846 2650 llpriandrrua
867 2573 970 2634 urbem
991 2571 1092 2650 Syriae
1110 2571 1133 2627 in

150 2656 306 2718 ssioo'sinu
318 2657 443 2736 positam
453 2658 513 2738 Ιῑιῐι
526 2655 582 2718 XV
592 2655 622 2718 Μ
633 2675 723 2736 pass,
737 2657 805 2720 inde
814 2657 945 2736 proxima
958 2657 1132 2736 navigatione

136 2736 263 2818 Cyprum
289 2739 426 2818 insulana,
462 2742 564 2820 Patara
592 2742 715 2820 byciae,
752 2741 901 2816 Rhodum,
938 2741 1132 2820 Astypalaeam

135 2824 164 2894 in
182 2822 338 2904 Carpathio
356 2825 426 2905 mari
445 2825 583 2902 insulam,
608 2823 767 2896 Taenarum
782 2823 961 2904 Laconicae,
976 2825 1134 2904 Lilybaeum

136 2907 266 2986 Siciliae,
280 2906 403 2975 Caralim
413 2907 562 2978 Sardiniae
573 2912 652 2992 ΠΜ
665 2909 706 2972 III
717 2909 746 2979 Μ
757 2929 848 2990 pass,
861 2911 966 2972 deinde
974 2907 1069 2972 Gades
1080 2911 1132 2993 pitin

135 2989 157 3050 L
169 2989 198 3050 Μ
211 3009 301 3070 pass,
310 3011 384 3072 quae
395 3011 529 3058 mensura
542 2997 678 3062 universa
692 2995 728 3056 ab
740 2994 889 3068 Eoomari
903 2995 1133 3082 elficitpssxffit

92 3083 144 3134 244
155 3073 275 3136 LXVIII
287 3074 401 3156 lllpass.
414 3079 470 3140 alia
483 3079 541 3155 via,
553 3095 626 3158 quae
639 3081 749 3140 certior
759 3081 867 3142 itinere
880 3089 999 3150 terreno
1009 3083 1132 3154 maxirne,

136 3167 217 3240 patet
233 3179 248 3220 a
264 3157 365 3238 Gange
382 3162 418 3224 ad
432 3161 601 3242 Euphraten
617 3182 728 3226 amnem
745 3165 797 3249 pfn‘n
810 3163 961 3245 LXVIIII,
981 3165 1048 3228 inde
1071 3163 1132 3242 Cap-

135 3244 276 3325 padociae
297 3244 413 3306 Mazaca
431 3245 587 3312 CCXLIIII
601 3247 647 3327 iti,
667 3250 734 3318 inde
755 3267 810 3330 per
823 3249 996 3329 Phrygiam,
1021 3249 1131 3321 Cariam,

135 3329 283 3409 Ephesum
301 3327 540 3394 CCCCXCVIIII
555 3329 595 3410 Μ,
610 3333 646 3394 ab
664 3332 784 3416 Epheso
801 3339 856 3415 per
871 3336 1004 3414 Aegeum
1020 3335 1130 3415 pelagus

132 3413 238 3476 Delum
255 3411 320 3496 CC,
338 3413 474 3478 Isthmum
490 3413 594 3480 CCXII
622 3417 658 3480 D.
681 3419 747 3480 inde
766 3427 844 3482 terra
866 3430 896 3484 et
912 3421 1055 3500 Alcyonio
1071 3416 1130 3480 mari
