2396 3940
159 151 228 220 230
506 151 535 206 C.
554 151 654 206 PLINI
673 149 829 206 SECUNDI

159 306 230 388 bus,
260 307 405 386 itemque,
437 318 507 364 oum
538 303 656 382 sitiunt,
687 299 883 381 inexplebiles
911 305 1011 378 potus.
1059 305 1171 365 constat

160 403 190 458 et
221 401 343 475 septena
381 391 492 454 candae
528 389 696 452 internodia
734 392 864 451 saeviora
900 405 977 450 esse.
1041 385 1171 468 pluribus

160 487 240 547 enim
267 499 339 546 sena
365 491 445 545 sunt.
494 481 551 542 hoo
578 480 688 542 malum
716 480 830 541 hirieae
858 477 980 540 volucre
1008 479 1099 540 etiam
1129 495 1172 538 au·

161 577 216 636 stri
247 574 360 635 iaciunt
386 569 585 654 pandentibus
613 569 751 632 bracchia
778 577 812 632 ut
838 569 963 648 remigia
989 567 1174 630 sublevantes

159 663 400 744 Apollodorus
422 661 502 723 idem
519 661 607 742 plane
629 659 807 741 ‹pribusolam
829 661 929 721 inesse
946 660 1056 738 pinnas
1080 657 1172 719 tradit.

107 759 142 810 89
162 767 249 833 saepe
272 751 375 835 Psylli,
404 754 455 832 qui
478 751 662 832 rehquarum
685 767 799 812 venena
825 758 976 812 terrarum
1003 747 1175 809 invehentes

161 845 246 923 quasi
268 849 410 922 quaestus
442 844 488 903 sui
512 843 601 903 causa
623 842 791 922 peregrinis
817 839 902 902 malis
928 837 1097 920 implevere
1127 837 1175 898 lta·

159 931 242 1013 bam,
264 930 323 992 hos
343 947 466 1012 quopm
486 933 649 1012 importare
672 933 773 992 certati
794 937 877 1011 sunt,
900 929 954 990 sed
976 929 1082 990 rivere
1105 930 1176 989 intra

161 1019 253 1082 Siculi
281 1020 356 1082 caeli
382 1023 535 1102 regionem
562 1035 623 1082 nou
650 1028 785 1101 potuere.
834 1021 973 1081 visuntur
1000 1026 1107 1080 tamen
1134 1016 1177 1076 ali·

161 1110 278 1190 quando
300 1113 332 1172 iu
355 1110 452 1192 ltalia,
480 1111 533 1172 secl
555 1112 690 1192 innocui,
714 1109 875 1190 multisona
898 1109 964 1170 aliis
990 1110 1027 1168 in
1050 1107 1130 1168 locis
1149 1115 1176 1166 ut

109 1204 144 1255 90
163 1201 242 1262 circa
268 1199 400 1262 Pharum
426 1203 459 1261 iu
480 1200 622 1280 Aegypto.
668 1201 699 1260 in
729 1199 849 1281 Scythia
875 1201 1066 1261 interemunt
1095 1199 1179 1259 eham

160 1306 230 1351 sues
249 1289 379 1370 alioquin
398 1291 561 1352 vivaciores
580 1297 684 1356 eontra
702 1305 817 1350 venena
835 1289 913 1371 talia,
935 1289 1042 1369 nigras
1060 1288 1179 1369 quidem

160 1379 296 1461 celerius,
320 1381 346 1440 si
368 1382 400 1440 in
424 1397 530 1460 aquam
554 1396 586 1442 se
605 1377 807 1441 immerserint.
844 1379 957 1440 bomini
974 1381 1039 1444 icto
1057 1385 1179 1459 putatur

160 1487 226 1531 esse
248 1469 382 1530 remedio
405 1471 540 1550 ipsorum
563 1471 638 1531 cinis
664 1476 754 1550 potus
782 1471 814 1530 in
840 1471 918 1530 rino
963 1485 1111 1548 magnam
1137 1468 1179 1529 ad-

159 1560 330 1620 versitatem
353 1558 418 1620 oleo
441 1561 549 1621 mersis
578 1566 608 1620 ot
636 1558 823 1621 stellionibus
850 1566 956 1640 portant
983 1576 1070 1641 esse,
1101 1561 1179 1620 inno·

160 1649 225 1710 cub
248 1648 400 1710 dumtaxat
421 1651 460 1710 ils
483 1651 534 1730 qui
558 1657 588 1710 et
611 1651 669 1729 ipsi
691 1657 795 1724 carent
819 1651 975 1731 sanguiue,
998 1647 1182 1710 lacertarum

158 1737 265 1820 figura3
289 1755 383 1818 aeque
401 1741 574 1820 scorpiones
593 1740 625 1800 in
643 1745 741 1800 totum
759 1738 833 1800 nulli
855 1755 966 1812 nocere
983 1737 1105 1818 quibam
1129 1755 1182 1798 non

106 1831 139 1882 91
160 1828 198 1888 sit
217 1829 345 1908 sangnis.
383 1829 504 1908 qnidam
522 1836 553 1890 et
571 1823 610 1890 ab
626 1829 700 1908 ipsis
719 1829 813 1890 letum
831 1828 967 1890 devorari
985 1827 1182 1890 arbitrantur

160 1927 252 1978 unum
272 1917 360 1980 modo
378 1917 508 1998 relinqui
527 1917 766 1980 sollertissimum
785 1925 816 1980 ct
834 1919 885 1998 qui
904 1935 937 1979 se
956 1919 1054 1998 ipsius
1081 1919 1182 1979 mani

160 2006 297 2069 clunibus
316 2008 486 2088 inponendo
505 2015 588 2069 tutus
607 2015 637 2069 et
656 2025 674 2068 a
696 2008 789 2069 caude
811 2015 842 2069 et
865 2025 880 2068 a
904 2025 1007 2069 morsu
1031 2007 1108 2070 loeo
1131 2010 1184 2068 liat.

128 2165 130 2171 ,
158 2093 238 2157 hunc
269 2113 335 2158 esse
365 2096 551 2177 reliquorum
580 2097 725 2180 ultorem,
760 2099 811 2178 qui
839 2105 994 2178 postrema
1028 2101 1185 2178 genitores

159 2195 288 2264 superno
312 2187 458 2248 conficiat.
503 2188 662 2268 pmiantur
684 2195 785 2248 autem
807 2186 927 2248 undeni.

164 2351 168 2358 ¹
189 2329 191 2334 .
226 2268 283 2336 26.
304 2267 378 2359 (31)
403 2275 651 2340 Chamaeleonum
670 2277 822 2339 stahiones
840 2277 871 2338 hi
890 2276 1120 2357 quoomrmodo
1140 2293 1186 2337 na

158 2369 255 2424 turam
278 2363 402 2447 habent,
425 2379 496 2430 rore
517 2374 637 2428 tantum
656 2368 789 2428 urentes
811 2370 989 2446 praetorque
1015 2369 1153 2428 araneis.

106 2458 149 2508 92>
226 2446 306 2537 (32)
326 2454 437 2516 Similis
456 2456 567 2518 cicadis
583 2458 651 2538 ulta,
675 2470 802 2536 quarum
821 2456 880 2517 drao
898 2473 1022 2536 genera:
1046 2459 1185 2517 minores

158 2555 234 2623 qtrae
252 2546 365 2624 primae
383 2547 563 2624 proveniunt
582 2553 613 2606 et
631 2548 811 2608 noussimao
827 2553 964 2627 pereunt,
986 2552 1064 2606 sunt
1085 2555 1184 2607 autem

158 2641 266 2694 mutae.
313 2647 442 2713 sequens
467 2642 513 2695 est
535 2634 669 2696 volatura
776 2651 852 2716 quae
880 2642 1004 2716 canunt,
1032 2645 1186 2698 vocantur

158 2721 278 2784 achetae
302 2729 341 2804 et,
364 2739 440 2804 quae
459 2726 591 2785 minores
614 2740 651 2786 cr
673 2725 720 2786 his
744 2724 823 2810 sunt,
841 2726 1005 2806 tettigonia.
1039 2725 1101 2788 sed
1122 2726 1185 2786 ihre

157 2813 249 2890 magis
273 2829 406 2874 canorae.
445 2831 543 2875 mares
566 2823 685 2876 canunt
699 2817 731 2876 in
755 2823 885 2895 utroque
908 2832 1027 2896 genere,
1052 2815 1186 2877 feminae

211 2947 215 2960 ,
324 2949 328 2952 .
360 2949 362 2952 .

157 3010 199 3143 a
214 3015 450 3162 «thurum
463 3023 657 3151 irath
684 3022 1182 3152 hamathaeum

157 3162 190 3215 15
210 3161 534 3250 commeat-saar„
570 3240 572 3242 Ι
621 3169 655 3222 tr
676 3181 767 3250 aeque
784 3180 832 3240 apo
849 3183 908 3224 noe.
927 3165 980 3224 luo.
996 3170 1082 3238 11AE
1096 3185 1126 3225 o.
1140 3173 1177 3222 12

155 3233 420 3378 aulona
439 3241 729 3366 attibuit
746 3237 1095 3380 qaihiaibffi
1114 3241 1182 3362 ml

156 3375 200 3428 -ia
212 3391 290 3446 πασς
309 3393 381 3447 quaa
400 3379 440 3435 ed.
481 3379 512 3436 el.
531 3381 578 3438 sed
594 3397 620 3437 o.
639 3379 834 3440 Selmeidmme
851 3381 890 3440 od
904 3381 1011 3440 cotun.
1121 3389 1173 3450 9,1

157 3443 311 3512 lloeuoom
329 3461 377 3519 epo
395 3451 520 3506 iooieooe'
532 3451 592 3508 ooli.
607 3453 695 3509 Arist.
709 3455 736 3510 h.
750 3471 777 3510 α.
798 3457 826 3508 V
830 3459 868 3512 30
881 3455 943 3512 tau
977 3455 1172 3512 elimatos·

154 3517 216 3634 ἕσσε
238 3518 419 3604 gcmdioram
437 3521 466 3575 ei
488 3521 565 3606 ocius
588 3525 776 3594 pereuntium.
810 3528 844 3583 io
861 3527 938 3583 codd.
1075 3526 1082 3541 ‘
1108 3527 1171 3584 Bar

155 3587 377 3716 afflfflffr
391 3592 462 3718 rippp
473 3607 681 3723 rpsspregppbae
695 3599 808 3654 canam.
891 3597 1107 3712 ἓοΜαρσῃα
1119 3599 1175 3654 Sall

552 3705 558 3720 .
654 3709 660 3722 .
688 3669 853 3742 wwgonlaa
871 3689 910 3726 ι.
949 3685 978 3725 ra
995 3687 1022 3726 r.
