2408 3934
163 197 224 262 160
512 211 542 258 u.
565 211 660 257 eumn
683 207 833 258 sncnnnn

161 367 369 448 Peloponneso
385 367 440 426 sita
453 374 528 442 sunt,
546 375 666 442 utraque
687 383 725 424 ex
747 371 832 442 partc'
848 361 975 425 velutin
990 359 1158 420 umerisllel·

162 453 248 528 ladis,
266 450 373 528 Pagaei
393 459 423 510 et
439 450 559 529 amplius
572 447 837 526 Aegosthenenses
852 446 1011 507 contributi
1025 445 1159 522 Megaran·

164 537 255 596 sibus.
279 537 378 614 incra
393 544 488 594 autem
507 543 610 612 portus
630 533 798 607 Schoenus,
814 532 920 611 oppida
938 531 1063 603 Sidous,
1078 528 1159 588 Gren-

6 657 7 690 i
162 637 267 696 myon,
294 619 426 679 Scironia
447 637 518 678 saxa
540 615 629 678 VIM
654 617 853 694 longitudine,
880 615 1022 690 Gerania,
1048 612 1159 690 Megara,

6 703 7 780 l
111 735 145 784 24
164 702 295 764 Eleusin.
318 703 403 764 luere
415 713 444 763 et
456 701 559 762 Oenue
573 710 603 762 et
614 701 830 762 Probalinthos.
854 719 930 760 nunc
944 707 1011 760 sunt
1023 699 1058 758 ab
1069 698 1177 758 Isthmos

6 789 7 796 ’
164 787 214 846 LV
230 786 259 848 M
276 805 353 866 pass.
376 786 516 847 Piraeeus
533 796 563 846 ct
577 785 699 846 Phalera
716 793 837 864 portuus
854 783 880 842 V
897 783 926 844 M
942 801 1021 862 pass.
1038 801 1115 842 muru
1129 802 1161 841 re·

164 870 338 931 cedentibus
359 871 485 932 Athenis
507 873 605 930 iuncti.
644 870 738 930 libera
762 870 834 929 haec
860 871 981 944 civitas,
1006 887 1063 928 nec
1084 867 1162 943 indiga

164 955 250 1014 ullius
276 959 426 1033 praeconii
450 955 583 1034 amplius,
613 963 690 1024 tanta
711 953 828 1014 claritas
844 952 1006 1030 superfluit.
1036 951 1068 1011 ln
1083 952 1161 1010 Attica

164 1041 263 1100 fontes
291 1037 446 1120 Cephisia,
473 1039 592 1118 bariae,
621 1037 786 1100 Callirrhoe
809 1037 1039 1114 Enneacrunos,
1067 1045 1161 1095 montes

164 1122 329 1201 Brilessus,
346 1124 525 1204 Aegialeus,
542 1124 668 1201 lcarius,
688 1119 859 1200 Hymettos,
880 1121 1076 1198 Lycabettus,
1097 1121 1183 1180 locusta

165 1207 264 1268 llisos.
289 1229 304 1268 a
320 1207 446 1270 Piraeeo
462 1208 541 1268 XLV
555 1207 584 1268 M
602 1227 680 1287 pass.
703 1207 821 1267 Sunium
836 1207 1083 1286 promunturium,
1104 1204 1162 1264 Tho·

165 1293 245 1352 ricos
270 1296 514 1372 promunturium,
543 1292 696 1371 Potamos,
722 1292 835 1370 Steria,
865 1291 1015 1369 Braurun,
1040 1288 1162 1368 quondan

173 1379 292 1457 oppida,
310 1377 456 1438 Rhamnes
472 1395 581 1456 pagus,
598 1377 681 1436 locus
696 1375 864 1454 Marathon,
880 1396 1002 1458 campus
1017 1377 1158 1452 Thriasius,

173 1462 310 1540 oppidum
325 1459 423 1522 Melita
440 1471 470 1521 ct
485 1459 601 1538 Oropus
616 1462 644 1520 in
660 1462 784 1522 confinio
799 1461 951 1526 Boeotiae.

129 1555 165 1609 2⁵
234 1543 318 1623 (12.)
336 1542 423 1605 Gutus
439 1543 604 1619 Anthedon,
624 1543 798 1621 Onchestos,
816 1545 963 1624 Thespiae
983 1545 1106 1606 liberum
1121 1563 1180 1623 ops

173 1629 280 1708 pidum,
296 1628 443 1705 lebadea,
460 1647 516 1688 nec
535 1628 675 1688 cedentes
687 1627 810 1690 Athenis
827 1631 958 1692 claritate
972 1649 1049 1708 quae
1067 1647 1160 1708 cugno-

170 1715 310 1774 minantur
332 1712 473 1772 Boeotiae
497 1711 634 1788 Thebae,
659 1714 779 1774 dnurum
800 1715 942 1776 numinum
965 1713 1064 1774 hiberi
1089 1724 1161 1792 atque

170 1797 316 1874 llerculis,
334 1806 365 1856 nt
379 1796 495 1873 volunt,
520 1799 621 1875 patria.
654 1807 683 1858 et
698 1797 788 1858 Musis
805 1799 900 1860 natale
916 1799 945 1856 in
961 1815 1083 1858 nemore
1097 1798 1160 1857 lleli-

172 1882 254 1943 conis
270 1881 430 1958 adsignant.
460 1881 543 1942 datur
558 1891 587 1941 et
605 1882 649 1941 his
670 1881 779 1944 Thebis
794 1883 883 1942 saltus
900 1879 1069 1957 Cithaeron,
1086 1883 1161 1942 amnis

170 1966 311 2027 Ismenus.
343 1966 500 2027 Praeterea
517 1966 614 2026 fontes
631 1967 659 2026 in
676 1965 798 2027 Boeotia
815 1965 996 2044 Oedipodia,
1012 1967 1181 2040 Psamathen

171 2050 277 2126 Dirce,
294 2048 459 2128 Epicrane,
478 2049 639 2126 Arethusa,
656 2050 860 2129 Hippocrene,
877 2049 1052 2130 Aganippe,
1068 2050 1160 2128 Garga·

171 2133 249 2212 phie.
267 2141 381 2192 montes
394 2141 477 2194 extra
489 2135 655 2212 praedictos
666 2134 843 2211 Mycalesus,
860 2135 1010 2210 Madylius,
1024 2135 1159 2196 Acontius.

37 2270 40 2276 ,
92 2265 99 2279 ,
127 2218 281 2296 hdreliqua
299 2217 408 2296 oppida
430 2219 505 2278 inter
521 2217 698 2297 Megaricam
721 2228 751 2279 et
767 2218 883 2281 Thebas
900 2218 1096 2295 Eleutherae,
1117 2219 1160 2278 lla·

169 2303 280 2377 liartus,
297 2300 444 2379 Plataeae,
461 2301 584 2379 Pherae,
602 2303 764 2382 Aspledon,
780 2303 866 2380 Hyle,
883 2302 1005 2380 Thisbe,
1019 2303 1159 2380 Erythrae,

170 2384 282 2462 Glissa,
302 2382 420 2464 Oopac',
444 2388 522 2448 iuxta
540 2384 697 2467 cephisum
713 2405 824 2448 amnem
840 2387 955 2448 Lamiae
973 2397 1004 2448 et
1019 2387 1182 2460 Anichiaet

168 2468 305 2546 Medeon,
322 2469 483 2548 Phlygone,
500 2470 682 2550 Acraephia,
702 2468 853 2548 Coronea,
870 2469 1055 2534 Chaeronea.
1082 2474 1109 2532 in
1120 2489 1161 2532 ora

169 2562 264 2614 autem
279 2551 353 2615 inira
369 2554 486 2616 Thebas
504 2553 631 2631 Ocalee,
647 2555 778 2632 Meleon,
794 2555 918 2632 Scolon,
938 2557 1104 2632 Schoenon,
1118 2557 1160 2616 Pe·

168 2647 247 2714 teon,
266 2637 367 2714 Hyrie,
383 2637 561 2716 Mycalesos,
574 2639 714 2716 lreseum,
731 2640 864 2718 Pteleon,
879 2639 1029 2717 Olyarum,
1043 2641 1161 2718 Tanagra

168 2721 244 2784 liber
261 2722 403 2801 pupulus,
430 2732 459 2782 et
469 2725 505 2782 in
519 2724 591 2802 ipsis
606 2724 738 2784 lancibus
753 2723 854 2804 Euripi
869 2743 955 2804 quem
970 2727 1042 2786 lacit
1059 2726 1159 2786 obiecta

168 2806 261 2868 insula
276 2805 398 2868 Euboea
418 2806 500 2868 Aulis
524 2809 625 2886 capaci
648 2805 753 2870 nobilis
774 2819 868 2888 portu.
899 2809 1031 2870 Boeotus
1048 2809 1180 2886 llyantasn

125 2897 160 2954 27
169 2893 322 2970 antiquitus
343 2891 456 2952 dixere.
489 2889 575 2952 Locri
594 2893 700 2953 deinde
722 2891 914 2972 Epicnemidii
936 2896 1159 2972 cognominantur

168 2975 237 3035 olim
251 2973 379 3052 Leleges
397 2974 552 3054 appellati,
571 2995 625 3055 per
640 2995 714 3057 quus
732 2979 822 3038 amnis
840 2975 986 3056 cephisus
1000 2979 1125 3038 defertur
1137 2977 1159 3033 in

167 3077 257 3120 marc.
285 3058 395 3137 oppida
411 3057 508 3138 Opus,
527 3061 602 3121 unde
620 3071 649 3122 et
666 3062 745 3122 sinus
761 3061 912 3142 Opuntius,
930 3059 1041 3138 Oynus.
1069 3062 1159 3124 Phoci·

169 3142 213 3202 dis
236 3143 264 3201 in
285 3143 372 3204 litore
396 3162 481 3206 unum
506 3143 655 3224 Daphnus.
684 3147 824 3206 introrsus
848 3155 943 3207 autem
957 3144 1060 3208 Larisa
1070 3146 1158 3208 Elatea

139 3235 199 3286 tet
217 3227 247 3286 in
270 3227 333 3308 ripa
359 3225 495 3307 cephtsi,
524 3238 555 3290 ut
581 3231 717 3308 diximus,
745 3231 859 3306 Lilaea,
885 3229 1079 3312 Delphosque
1105 3245 1180 3289 ver-a

168 3325 219 3370 sae
236 3306 352 3372 Onemis
375 3322 405 3372 et
419 3311 597 3392 Hyampolis.
626 3333 725 3375 rursus
740 3315 898 3377 Locrorum
913 3333 982 3394 ura,
997 3318 1033 3376 'iu
1048 3313 1156 3397 quala·

164 3408 282 3472 sumna,
311 3391 483 3474 Thronium,
510 3399 587 3458 iuxta
612 3399 691 3478 quud
714 3399 856 3478 Boagrius
882 3403 974 3461 amnis
996 3400 1155 3462 delenturin

168 3495 256 3541 mare.
283 3481 393 3560 oppida
415 3478 576 3561 Narycum,
592 3481 705 3563 Alope,
727 3483 878 3564 Scarphia.
909 3495 1014 3565 postea
1030 3484 1155 3546 Maliacus
