2392 3946
137 117 204 182 408
499 112 528 168 o.
548 111 648 168 numu
667 109 826 166 sucorum

136 283 205 327 mox
227 266 356 328 lacteum
378 281 523 346 umorem,
545 262 603 324 boc
626 269 673 322 est
694 260 850 322 infantiam
871 264 966 348 pomi,
990 262 1138 348 absumunt,

136 354 216 435 quod
239 355 273 415 nu
299 363 330 415 et
357 361 478 437 sponte,
504 353 632 431 ideoque
660 350 756 411 licetIs
785 351 944 429 caprificus
973 355 1140 431 permittitur

83 457 115 506 11
136 444 172 505 ad
196 445 344 505 rationem
365 443 447 504 uenti
469 450 504 503 ut
526 441 615 504 llatus
638 438 790 501 evolantes
813 440 942 501 inlices
966 441 1060 503 ierat.-
1087 445 1141 506 iude

137 541 291 614 repertum
315 540 351 593 ut
372 531 480 594 inlatae
503 549 624 610 quoque
647 527 767 590 aliunde
791 537 822 590 et
843 530 924 590 inter
947 547 982 590 se
1005 530 1144 610 colligatae

135 624 320 683 inicerentur
349 622 422 702 lico,
458 619 537 700 quod
568 622 599 680 iu
629 637 730 682 macro
762 617 824 679 solo
855 627 885 680 et
915 619 1071 698 aquilonio
1098 635 1167 683 noua

135 709 323 793 desiderant,
354 711 494 790 quoniam
525 716 631 789 sponte
661 714 802 770 arescunt
831 705 890 768 loci
919 710 982 768 situ
1012 711 1146 789 rimisque

134 799 238 860 eadem
257 817 333 879 quae
357 798 487 860 culicum
510 816 601 878 opere
625 815 715 859 causa
737 796 864 877 perlicit,
886 815 943 858 uec
968 796 1023 859 ubi
1047 799 1148 860 multus

134 887 245 971 puluis,
268 888 347 968 quod
371 890 470 950 evenit
492 889 619 948 maxime
642 887 794 966 frequenti
815 887 862 945 ria
884 886 1031 966 adposita.
1078 907 1147 950 nan·

135 996 193 1058 que
222 985 253 1038 et
278 976 395 1057 pulveri
422 979 466 1037 uis
496 977 628 1038 siccandi
657 991 822 1054 sucumque
851 974 938 1036 lactis
968 975 1149 1038 absorbendi

135 1085 211 1147 quae
234 1068 310 1127 ratio
333 1065 456 1146 pulvere
485 1073 515 1126 et
542 1065 763 1146 caprificatione
790 1061 848 1124 boc
875 1081 998 1144 quoquc
1026 1075 1150 1144 praestat

135 1174 174 1216 ne
194 1154 340 1237 decidant,
363 1153 520 1234 absumpto
543 1171 649 1216 umore
672 1163 777 1216 tenero
800 1161 831 1213 et
854 1171 924 1214 cum
946 1154 1080 1234 quadam
1101 1157 1149 1216 ira-

81 1259 115 1308 81
136 1244 248 1324 gilitate
277 1243 455 1324 ponderoso.
501 1241 567 1304 ficis
594 1243 692 1304 mollis
719 1239 859 1304 omnibus
888 1251 1002 1324 tactus,
1033 1249 1149 1306 maturis

134 1335 285 1394 frumenta
317 1335 412 1414 intus,
444 1350 536 1393 sucus
568 1330 839 1394 maturescentibus
871 1330 973 1414 lactis,
1005 1337 1149 1413 percoctis

134 1421 239 1483 mellis.
285 1429 447 1482 senescunt
473 1423 505 1482 in
529 1420 636 1482 arbore
659 1438 793 1500 anusque
817 1419 969 1483 destillant
993 1425 1148 1484 cummium
1189 1421 1191 1514 l

133 1512 262 1573 lacrima.
299 1513 391 1572 siccat
413 1509 510 1571 bonos
531 1509 674 1592 laudatas,
697 1518 795 1572 seruat
817 1511 849 1570 in
872 1513 980 1591 capsis,
1005 1516 1039 1573 in
1057 1511 1192 1604 llbnsonp

133 1600 230 1662 insula
247 1601 517 1680 praestantissimas
541 1599 806 1681 amplissimosque,
828 1615 895 1659 mox
918 1601 951 1660 in
969 1599 1149 1662 Marrucinis.
1192 1635 1193 1694 p

134 1697 164 1749 at
183 1687 235 1750 ubi
254 1689 339 1769 copia
361 1687 500 1770 abundat,
522 1687 686 1769 implentur
708 1706 795 1748 orcae
818 1691 850 1748 in
869 1688 947 1769 Asia,
972 1689 1040 1752 cadi
1059 1699 1150 1751 autem

133 1780 165 1838 in
188 1777 322 1858 lluspina
339 1776 455 1840 Africae
479 1776 563 1859 urbe,
585 1779 731 1857 panisque
755 1775 842 1838 simul
866 1785 896 1837 et
919 1780 1040 1858 opsonii
1064 1781 1149 1840 vicem

134 1869 260 1927 siccatae
284 1866 418 1948 implent,
441 1873 544 1946 utpote
568 1884 638 1928 cum
661 1865 746 1928 Cato
769 1863 881 1927 cibaria
903 1869 987 1927 ruris
1000 1869 1151 1946 „operariis

133 1958 212 2017 iusta
235 1973 292 2016 ceu
310 1955 375 2036 lege
399 1958 535 2016 sanciens
558 1957 653 2016 minui
675 1954 777 2016 iubeat
793 1973 849 2033 per
871 1955 921 2014 dci
944 1958 1183 2018 maturitatemo

135 2063 204 2105 cum
227 2047 343 2105 recenti
365 2045 421 2104 lico
445 2044 514 2104 salis
537 2046 601 2104 uice
624 2061 712 2104 casco
731 2045 811 2104 vesci
833 2061 931 2123 nuper
954 2047 1152 2125 excogitatum

82 2147 116 2195 83
136 2143 190 2194 est.
237 2152 273 2193 ex
296 2133 354 2194 hoc
378 2151 488 2212 genere
511 2141 590 2214 sunt,
613 2141 647 2194 ut
670 2133 812 2212 diximus,
838 2141 957 2198 cottana
980 2143 1012 2195 et
1044 2137 1153 2196 caricae

92 2214 125 2308 ᾖξ’
135 2239 270 2301 quaeque
291 2221 504 2282 conscendenti
523 2239 629 2282 navem
647 2221 789 2284 adversus
802 2221 929 2282 Parthos
948 2241 1040 2285 omen
1060 2224 1154 2285 iecere

133 2311 170 2371 ll.
191 2309 297 2370 Crasso
321 2309 440 2371 venales
462 2311 661 2391 praedicantis
684 2329 765 2393 uoce,
788 2328 923 2372 carneae.
960 2315 1064 2373 omnia
1086 2312 1154 2374 haec

133 2403 164 2460 in
194 2397 324 2460 Albense
356 2417 410 2460 rus
442 2418 459 2460 c
488 2399 572 2480 Syria
603 2399 705 2461 intulit
731 2399 763 2460 L.
786 2398 936 2482 Vitellius,
968 2403 1021 2480 qui
1055 2411 1185 2482 posteatt

135 2507 242 2550 censor
266 2488 332 2571 luit,
355 2507 424 2550 cum
445 2487 560 2568 legatus
583 2491 615 2548 in
638 2507 674 2550 ea
695 2490 848 2569 prouincia
871 2497 961 2571 esset,
984 2493 1153 2552 novissimis

135 2577 248 2638 Tiberii
272 2577 408 2638 (laedaris
431 2577 626 2657 temporibus.

78 2693 115 2742 84
203 2661 260 2728 20.
291 2660 365 2750 (22)
395 2666 541 2727 llalorum
567 2668 761 2746 pirorumque
789 2668 893 2746 generi
920 2667 1154 2730 adnumerentur

46 2825 52 2838 ,
134 2759 200 2817 iure
223 2743 346 2836 mespila
370 2763 458 2835 atque
482 2754 578 2816 sorba.
616 2753 748 2834 mespilis
771 2757 828 2814 tria
851 2773 971 2838 genera,
995 2755 1154 2838 anthedon,

205 2970 221 3019 2
236 2963 427 3034 praemittitur
439 2963 531 3018 Hord.
559 2961 744 3032 permiscetur
757 2961 904 3017 eoni.Dol.
977 2969 994 3018 6
1014 2962 1153 3018 desidero·

132 3039 264 3090 curedo.
339 3042 458 3105 tepere
477 3035 611 3090 tl.Iames.
640 3032 776 3087 -raoSilb
805 3048 885 3088 rao.
959 3037 976 3087 8
1015 3033 1152 3090 alnisio,

132 3107 272 3178 pulsusa.
294 3107 298 3174 Ι
319 3105 550 3175 frequenlu'toldua
568 3123 593 3159 a.
675 3109 710 3158 14
729 3102 875 3158 destillant
892 3103 953 3159 sot.
1004 3105 1011 3116 '
1072 3105 1152 3174 idol

113 3187 115 3191 '
132 3179 195 3234 dist.
212 3178 480 3234 ortonensis.
536 3182 568 3230 15
583 3175 613 3230 in
627 3191 683 3246 epo.
702 3191 753 3230 om.
767 3173 825 3229 llo.
844 3175 894 3242 cfr.
906 3177 980 3228 VIII
987 3181 1061 3232 226.
1083 3178 1154 3229 xlx

133 3254 178 3304 94.
197 3251 326 3305 ΧΙῙ109.
391 3245 1152 3314 171111.1111.Ι11111(11111.-11111.111111111.

133 3321 258 3392 archad
323 3318 564 3374 1811111111,
628 3323 661 3372 11
678 3317 745 3372 salis
758 3316 1049 3373 D’dedd.onteBorb.
1079 3317 1153 3374 saliis

131 3405 155 3443 r.
185 3389 243 3443 sale
261 3388 350 3444 Borb.
379 3389 469 3443 salitis
487 3390 527 3443 ed.
539 3388 595 3443 Gel.
613 3390 617 3456 l
637 3388 699 3443 uice
719 3403 800 3443 caseo
815 3388 911 3444 tasin,
937 3388 1000 3444 uice
1020 3390 1096 3444 casei
1113 3389 1151 3443 ed.

133 3457 190 3511 Gal.
217 3457 329 3512 siccabis
344 3460 374 3512 ot
387 3459 462 3513 casei
475 3458 539 3513 loco
557 3459 616 3514 edd.
627 3463 691 3513 ante
698 3458 756 3513 ceo.
829 3464 864 3513 22
884 3460 999 3514 cottona
1013 3460 1149 3528 edLspd.

132 3529 280 3580 castaneae
299 3528 455 3582 ilectVen.
488 3530 603 3584 cottona
620 3529 784 3585 Beroaldus.
817 3531 935 3584 coctana
952 3530 1040 3584 Borb.
1118 3536 1148 3584 25

132 3593 253 3648 Albense
272 3612 296 3648 o.
325 3597 442 3652 absense
461 3599 489 3654 iz.
563 3604 596 3654 nt
615 3599 711 3654 tiberii
729 3603 774 3656 dv.
802 3600 892 3658 bibis.
916 3617 966 3657 om.
981 3617 1004 3656 r.
