2286 3938
136 242 200 308 252
441 296 444 301 .
480 260 510 310 o.
533 261 629 308 rnmr
649 259 797 308 sonuum

137 415 265 494 populos
284 415 338 477 sed
352 416 481 478 Arabum
496 435 564 480 esse
582 412 651 478 die'it
667 433 759 495 usque
774 413 915 495 Meroen,
936 415 1014 478 Solis
1029 432 1133 496 quoque

140 500 293 579 oppidum,
314 501 391 580 quod
414 519 471 561 non
488 501 592 580 procul
605 499 732 580 Memphi
747 503 776 561 in
791 501 922 580 Aegypti
936 503 993 562 situ
1010 500 1132 578 diximus,

86 583 253 648 uthrabas
278 586 447 646 conditores
475 585 594 648 habere.
636 595 703 646 sunt
729 587 833 664 etqui
860 585 1030 646 ulteriorem
1055 586 1133 663 ripam

138 667 316 748 Aethiopiae
337 671 470 732 auferant
488 669 700 749 adnectantque
721 668 849 733 Alrieae.
887 671 965 749 ripas
987 677 1081 730 autem
1101 671 1132 728 ir-

137 753 258 814 ooluere
282 762 404 832 propter
421 772 531 833 aquarn.
567 773 621 816 nos
643 754 748 815 relicto
764 755 870 833 cuique
891 753 1079 832 intellegendi
1099 771 1133 812 ar·

138 837 227 898 bitrio
246 837 352 916 oppida
370 857 427 917 quo
445 839 593 900 traduntur
609 838 710 900 ordine
726 840 869 917 utrimque
884 856 1035 917 ponemus.

87 927 137 982 178
209 919 290 1001 (35.)
317 922 458 999 ASyene
480 931 510 984 et
529 925 609 1002 prius
630 923 758 984 Arabiae
779 923 874 984 latere
893 941 968 1004 gens
992 920 1133 999 Catadupi,

138 1004 242 1066 deinde
265 1007 422 1083 Syenitae,
445 1007 550 1088 oppida
572 1007 756 1086 Tacompson
781 1025 864 1088 quam
884 1007 997 1086 quidam
1019 1006 1133 1085 appella-

138 1098 242 1150 verunt
263 1089 438 1170 Thathicen,
455 1091 606 1170 Aramam,
624 1093 778 1170 Sesamos,
802 1091 933 1168 Andura,
957 1089 1133 1152 Masindoma·

137 1174 1133 1340 illailla,‘laltttltalltlllttffillidi:ltu?

137 1342 242 1423 Direa,
257 1344 397 1425 Patigga,
420 1345 551 1422 Bagada,
567 1344 710 1422 Dumana,
725 1345 871 1422 Rhadata,
890 1345 920 1404 in
940 1361 999 1423 quo
1015 1345 1080 1405 ielis
1097 1361 1133 1402 au·

137 1447 188 1490 rea
211 1445 266 1508 pro
288 1429 344 1490 dec
362 1429 531 1506 colebatur,
552 1429 667 1505 Boron,
688 1431 718 1490 in
737 1429 953 1490 mediterraneo
971 1427 1061 1490 Mallo
1080 1445 1134 1507 pro-

88 1515 253 1581 ldbximnm
267 1511 381 1575 Meroe.
420 1514 463 1574 sio
485 1513 613 1593 prodidit
629 1513 712 1574 Bion.
749 1513 819 1576 Iuba
837 1513 937 1576 aliter:
962 1514 1095 1593 oppidum
1113 1514 1133 1570 in

137 1605 236 1658 monte
251 1596 435 1676 Megatichos
447 1601 524 1660 inter
535 1597 702 1678 Aegyptum
719 1607 749 1658 et
760 1597 964 1678 Aethiopiam,
983 1597 1061 1677 quod
1075 1597 1132 1656 Ara·

139 1683 192 1742 bes
215 1681 336 1742 Mirsion
358 1691 553 1758 rocaverunt,
575 1684 643 1757 dein
665 1681 864 1762 Tacompson,
887 1683 1044 1758 Aramum,
1065 1682 1134 1742 Sesa-

137 1783 231 1912 {humei
253 1765 349 1911 sffllff’
378 1765 525 1912 lpamrpda,
553 1764 719 1910 l(lorpimbim
746 1768 825 1910 ipsane
851 1767 1000 1910 bituppippis
1029 1767 1133 1909 hiulton,

139 1861 1132 2014 Gpppcpmagn‚roEsmphprppdpb,⁰tapprpffndoepdspctphetpspsffiomoapps·

137 2019 166 2078 in
184 2019 378 2088 tabernaculis
394 2023 546 2095 virentes,
564 2018 751 2098 Cystaepen,
763 2018 899 2097 Magada,
917 2018 1029 2096 Galen,
1044 2001 1133 2080 Paroal

137 2102 243 2180 Primi,
258 2101 357 2182 Nups,
374 2103 508 2182 Dioclis,
525 2100 681 2182 Patingan,
698 2103 829 2180 Breues,
847 2103 1043 2182 Magasneos,
1057 2101 1132 2179 Bgasl

136 2187 228 2263 mala,
250 2184 386 2265 Gramda,
409 2188 526 2265 Benna,
554 2187 697 2264 Gadenm,
720 2187 871 2266 Mathena,
893 2187 993 2266 Batta,
1018 2188 1131 2256 Alauona

137 2269 253 2347 Manna,
272 2270 435 2347 Scammos,
458 2272 563 2335 (loram
581 2275 610 2334 in
632 2272 742 2348 insula,
767 2273 803 2334 ab
820 2274 856 2333 iis
873 2271 984 2350 Abala,
1000 2271 1130 2356 Androm,

87 2363 137 2416 180
149 2355 217 2432 lim,
241 2355 396 2434 Seserem,
417 2355 538 2434 Mallos,
561 2358 695 2436 Agonen.
725 2355 771 2418 Bu
788 2356 905 2424 Airicae
926 2355 1024 2420 latere
1046 2353 1129 2454 traditp

94 2461 96 2466 ·
138 2448 204 2500 sunt
219 2439 323 2500 eodem
338 2443 453 2504 nornine
469 2441 647 2521 Tacompsos
663 2441 754 2503 altera
773 2442 837 2502 sive
854 2459 920 2520 purs
937 2442 1062 2520 prioris,
1082 2438 1128 2498 Mo·

137 2541 228 2602 gore,
248 2523 322 2601 Sea,
347 2525 466 2603 Aedos,
493 2525 709 2604 Apelenariae,
736 2523 853 2602 Pindis,
873 2523 1026 2604 Magassa,
1049 2525 1127 2596 Boua,

136 2608 282 2687 Lintuma,
297 2609 444 2690 Spintum,
465 2611 586 2689 Sidopt,
606 2608 740 2686 Gensoe,
756 2609 933 2684 Pindicitnr,
951 2608 1076 2688 Agnpo,
1090 2603 1127 2666 ort

137 2711 209 2770 sum,
226 2694 326 2772 Suara,
342 2693 527 2770 haumarum,
544 2695 656 2772 Urbim,
668 2693 778 2772 Mulon,
793 2694 870 2774 quod
886 2693 1025 2773 oppidum
1044 2671 1126 2752 Grani

136 2775 270 2856 hlppaton
296 2787 453 2850 vocarunt,
475 2778 649 2856 Tegeaeae,
672 2777 812 2856 Zamnes,
833 2778 907 2840 unde
936 2775 1105 2857 elephantii

136 2863 259 2938 cipiunt,
280 2859 413 2941 Mambli,
436 2861 595 2940 Berressa,
617 2861 751 2926 Gnatum.
786 2865 840 2924 luit
862 2862 1006 2941 quondam
1027 2859 1092 2924 etB

137 2945 272 3022 oppidum
293 2956 395 3008 contra
415 2946 554 3024 Meroen,
576 2956 729 3028 antequam
748 2947 821 3008 Bion
843 2947 991 3007 scriberet
1008 2946 1084 3006 delet

85 3027 225 3092 181Haec
246 3039 312 3090 sunt
335 3032 450 3110 prodita
471 3035 562 3110 nsque
581 3030 722 3110 Meroen,
749 3031 912 3111 exquibus
932 3030 990 3094 hoc
1011 3039 1084 3107 temp

135 3112 242 3174 nullum
258 3131 353 3194 prope
368 3125 493 3195 atroque
511 3117 602 3177 latere
620 3126 725 3178 exstat.
760 3123 843 3178 certe
859 3114 1033 3176 solitudines
1051 3130 1083 3172 nu

126 3199 341 3261 xrenuntiavere
361 3202 485 3280 principi
503 3199 613 3262 Neroni
632 3202 711 3262 missi
728 3201 763 3261 ab
787 3218 824 3262 eo
840 3200 947 3262 milites
964 3197 1089 3279 praetori

134 3299 197 3342 oum
216 3282 332 3344 tribuno
354 3284 390 3344 ad
409 3284 633 3363 explorandum,
656 3287 732 3346 inter
751 3285 864 3362 reliqua
879 3283 956 3346 helia
972 3291 1005 3344 et
1021 3279 1092 3342 Aeth

135 3367 228 3446 picum
251 3369 401 3446 cogitanti.
441 3369 591 3432 intravere
612 3379 707 3430 autem
729 3377 759 3430 et
777 3387 815 3430 eo
835 3387 912 3430 arma
934 3363 1093 3430 Romanad

133 3450 258 3530 Augusti
275 3455 455 3532 temporibus
470 3453 543 3516 duce
556 3453 584 3514 Ρ.
597 3453 738 3514 Petronio
751 3462 781 3514 et
795 3455 862 3533 ipso
875 3453 1021 3532 equestris
1032 3447 1088 3510 ordi

134 3537 285 3614 praelecto
308 3537 447 3619 Aegypti.
485 3539 510 3598 is
535 3537 643 3617 oppida
662 3556 764 3600 eorum
785 3538 961 3618 expugnauit
982 3551 1084 3616 quaes
