2286 3938
407 161 615 218 PRAEFATIO
932 188 1022 234 xm

48 313 154 374 momenti
172 315 372 393 restituimus,
395 313 515 391 parcius
538 317 656 390 tamen,
679 315 751 391 quia
773 315 854 376 ultro
878 319 909 374 et
932 335 950 374 a
972 336 1022 377 ne-

47 404 102 462 nine
116 402 176 462 dum
187 401 368 464 demandata
381 423 416 464 ea
430 403 597 480 provincia:
621 407 654 464 at
671 404 703 464 in
717 403 846 464 secunda
862 402 901 481 [a.
918 404 1020 482 1530]

46 492 174 552 accuratius
195 493 276 554 idem
302 495 434 572 egimus,
462 492 515 554 sed
541 496 608 552 tum
635 513 752 570 quoque
780 495 818 554 ob
849 496 1022 571 angustiam

47 582 155 658 bnpcris
171 583 327 646 saltuatim
344 583 510 659 dumtaxat,
533 586 626 659 prout
644 583 682 642 ad
705 584 841 660 singulos
866 586 1021 661 scrupulos

44 689 75 730 rea
85 689 189 747 poscere
202 673 372 752 videbatur,
391 673 574 748 exemplaria
592 671 781 734 consulendo.
808 691 887 734 nunc
904 676 1020 750 postre-

44 779 74 820 uo
95 757 128 836 [a
150 757 246 838 1535]
279 763 385 822 nactus
411 762 583 839 plusculum
610 762 665 822 otii
692 780 711 822 a
738 762 836 839 capite
859 781 954 839 usque
982 763 1021 822 ad

43 850 124 910 aleam
135 851 229 913 totum
243 871 319 928 opus
333 853 459 922 contuli:
483 853 660 927 tantumque
679 853 849 912 erratorum
868 852 1022 913 sublatum

45 943 79 1015 cst,
102 942 239 1015 quantum
269 960 425 1018 superesse
454 959 516 1002 non
544 957 628 1000 eram
657 940 838 1018 crediturus,
868 942 927 1000 uisi
956 943 1020 1018 ipse

44 1029 170 1104 ocriculum
198 1024 359 1091 fecissem?
411 1032 485 1092 haee
514 1030 670 1107 praefatus
700 1033 747 1090 est
776 1029 813 1090 de
844 1049 875 1090 se
907 1049 1020 1107 suaque

44 1135 111 1194 opera,
129 1137 194 1180 cum
218 1113 450 1182 ‘annotationes’
475 1137 544 1180 suas
566 1120 699 1196 primum
721 1120 822 1180 emisit
845 1119 969 1180 editioni
992 1140 1019 1180 a.

42 1209 97 1268 1535
113 1207 248 1270 adnexas.
284 1210 317 1270 in
335 1210 442 1288 quibus
461 1209 598 1286 quamvis
621 1209 733 1268 multas
756 1203 1019 1290 emendationes*)

41 1299 217 1376 proposuisset,
241 1301 344 1360 tamen
362 1299 486 1360 editoris
505 1298 603 1359 officio
621 1298 754 1358 nondum
777 1299 858 1359 omni
876 1317 913 1358 ex
931 1300 1018 1375 parte

40 1387 189 1448 satisfactum
227 1407 293 1448 esse
330 1391 431 1466 ratus,
468 1389 712 1465 quotiescumque
750 1389 855 1464 postea
887 1388 1019 1448 Plinium

23 1475 112 1560 ,edidit
136 1477 302 1562 identidem
325 1472 458 1539 ‘vetusta
480 1477 663 1554 exemplaria
686 1477 840 1539 consulere
863 1497 924 1538 non
950 1495 1018 1556 gra-

24 1569 97 1624 uatus
121 1561 185 1644 est’,
209 1587 269 1644 quo
291 1567 406 1628 factum
429 1569 533 1628 estut
560 1567 653 1628 editio
676 1585 702 1626 a.
729 1569 828 1640 1549,
856 1585 931 1643 quae
956 1585 1018 1626 sae-

23 1655 124 1730 Qpiasims
144 1658 221 1718 mihi
245 1657 506 1718 commemorande
532 1659 599 1716 erat
625 1656 658 1716 in
683 1656 877 1716 adnotatione
905 1656 1019 1733 critica,

23 1739 115 1820 inultas
135 1746 361 1808 emendationes
389 1747 557 1823 exhiberet,
588 1763 663 1822 quae
690 1745 723 1804 in
750 1739 1018 1806 ‘annotationibus'

22 1825 301 1916 inondumindicatae
320 1839 414 1896 erant.
441 1836 544 1912 itaque
567 1853 635 1894 cum
659 1835 847 1912 superiorum
869 1834 906 1894 dc
920 1835 1018 1895 Plinio

23 1925 111 1992 tacita
126 1927 282 1988 considero
306 1928 337 1986 et
360 1927 477 1986 attente
499 1926 580 1986 iuter
599 1915 779 2000 ss'conferc,
803 1924 872 1999 post
891 1923 1016 1984 Hermo-

23 2003 89 2072 llum
106 2016 275 2076 Barbarum
298 2017 346 2076 cui
368 2017 436 2092 plus
459 2013 606 2076 debeatur
633 2033 724 2090 quam
748 2012 872 2074 Gelenio
899 2013 1019 2073 invenio

37 2104 159 2164 aunem:
186 2106 364 2184 ingeniosae
387 2107 462 2166 antis
485 2104 696 2165 coniecturalis
709 2105 752 2164 et
774 2103 927 2164 inmensae
951 2122 1018 2162 eru-

37 2187 121 2254 ditionis
142 2196 235 2254 laude
258 2196 393 2256 omnium
414 2197 543 2254 maxima
565 2193 670 2254 floruit
687 2193 851 2270 Barbarus,
876 2192 1018 2252 Gelenius

38 2331 213 2352 ῃκ-ιυ--ι-

23 2419 24 2454 ³
59 2485 63 2494 Ι
80 2415 238 2492 ‘tSilligius
254 2417 473 2473 ‘annotationes'
489 2419 597 2472 tantum
610 2415 720 2472 Gelenii
733 2415 886 2472 excussisse
899 2413 1018 2485 videtur,

23 2484 136 2552 clitones
156 2508 216 2546 non
239 2489 352 2545 assidue
374 2489 540 2559 inspexisse3
568 2505 603 2544 ex
625 2489 684 2543 illis
711 2492 805 2543 autem
827 2503 1018 2569 quascumque

22 2558 101 2638 ,1111111
118 2561 255 2645 lectiones
277 2577 375 2644 omnes
401 2561 432 2616 in
455 2560 597 2643 codicibus
624 2561 799 2630 incorruptas
827 2561 857 2640 et
872 2575 1018 2641 ,genuinas

37 2629 1017 2783 accioreavcbcmacccooeeceu,casce

35 2769 138 2830 baimam
155 2778 253 2847 aperte
268 2775 417 2846 distinguit
434 2775 470 2830 ab
489 2775 611 2830 aliorum
624 2773 805 2856 divinatione,
826 2773 871 2827 cui
889 2771 1017 2856 diffiden-

24 2837 78 2917 ‚tun
99 2850 182 2916 putat.
221 2847 349 2902 divinam
375 2847 444 2902 dicit
468 2847 585 2915 eosqui
609 2845 687 2900 nullo
713 2845 809 2901 codice
834 2843 962 2898 adhibeto
987 2863 1018 2898 m

38 2915 97 2970 rabis
113 2919 256 2990 scriptoria
274 2919 383 2988 uliqmd
399 2920 522 2986 mutent,
542 2916 720 2987 quantumvis
738 2915 882 2986 ingeniose
901 2917 930 2970 et
953 2932 1018 2970 cum

36 2987 122 3050 ludam
140 2991 323 3046 ‘sinceritatis
342 2990 446 3062 specie’
467 2990 659 3060 excogitatum
678 2988 722 3056 sit,
740 3005 797 3042 non
815 2987 941 3042 divinare
960 3004 1018 3058 eos,

23 3057 67 3120 *lli
84 3061 147 3116 nibil
171 3063 232 3118 sine
260 3061 402 3118 codicibus
429 3062 568 3132 corrigere
597 3059 719 3114 audeant
744 3061 773 3114 et
797 3075 831 3112 ex
858 3059 1017 3113 litterarum

24 3106 130 3188 'lacubus
142 3133 272 3203 quemvis
287 3133 447 3203 depravatis
461 3133 521 3188 veri
538 3132 660 3203 vestigia
677 3147 773 3214 cruere
792 3132 935 3214 conentur.
963 3129 1016 3184 ita-

37 3213 70 3276 111
82 3205 176 3288 cgciis
194 3204 378 3290 lectionibus,
396 3221 466 3288 quae
483 3205 534 3260 ille
551 3221 609 3259 non
626 3203 829 3328 plannsffivccrbrs
847 3202 1018 3326 significavi&

35 3275 1016 3419 titillatus},tttttfttetsteltlttcat

40 3421 175 3483 bocccavit
187 3421 265 3490 quod
282 3419 314 3475 in
326 3419 501 3491 longioribus
519 3417 661 3474 lemmatis
681 3417 835 3472 aBarbarc
854 3417 884 3469 et
897 3413 1014 3469 Gelenio

40 3481 102 3542 illata
116 3491 199 3548 etiam
217 3509 265 3549 eas
284 3492 434 3560 lectiones,
457 3505 529 3560 qnae
552 3490 589 3544 ab
606 3488 676 3559 ipsis
697 3505 754 3543 non
777 3487 918 3542 correctae
942 3488 1015 3553 aunt,
1103 3496 1107 3501 ’

41 3556 70 3610 *tt
85 3561 129 3617 iam
148 3565 178 3620 in
204 3564 394 3636 superioribus
419 3561 587 3618 editionibus
613 3562 689 3616 recte
714 3558 915 3628 vulgabantur,
942 3556 1015 3611 falso
1118 3631 1119 3638 ἵ

22 3669 23 3674 ,
42 3621 62 3678 is
73 3631 157 3691 inbuit.
