2308 3936
116 163 176 224 102
493 171 522 218 o.
541 171 637 217 entur
654 168 804 218 sacuam

115 332 213 392 sidere
239 339 309 408 pars
331 336 391 387 tota
413 344 540 404 vergens
562 327 591 384 in
609 322 744 403 Caspium
764 341 844 383 mare
864 326 1048 402 pernavigata
1065 335 1106 386 est

114 415 306 476 Macedonum
328 412 415 471 armis'
442 409 569 470 Seleuco
593 419 680 487 atque
695 407 840 469 Antiocho
860 409 1044 486 regnantibus
1063 413 1106 490 qui

72 511 124 569 168
134 509 163 559 et
178 497 335 558 Seleucida
358 504 387 556 et
408 494 580 554 Antiochida
600 493 636 554 ab
659 494 731 572 ipsis
754 492 897 572 appellari
917 493 1044 554 voluere.
1078 511 1105 560 et
1148 549 1149 592 ,

115 588 192 647 circa
205 580 341 660 Caspium
352 579 440 640 multa
455 579 558 638 oceani
573 577 659 638 litora
671 576 823 656 explorata
838 594 988 658 parvoque
1000 577 1108 638 brevius
1148 615 1149 622 ι

114 686 199 750 quam
210 674 286 726 totus
297 664 364 724 hine
376 673 423 724 aut
434 663 513 724 illinc
523 663 682 742 septentrio
696 662 881 739 eremigatus,
899 671 931 724 ut
942 673 1035 724 tamen
1045 681 1130 724 eon-e

113 757 242 815 iacturae
255 750 351 809 locum
364 749 407 808 sic
422 765 537 827 quoque
553 765 610 808 non
622 747 775 826 relinquat.
801 747 906 825 ingens
921 757 1108 826 argumentum

114 836 228 918 paludis
245 833 425 908 Maeoticae,
449 834 511 893 sive
536 851 571 893 ea
586 832 663 893 illius
681 832 784 894 oceani
802 833 880 892 sinus
896 841 951 908 est,
970 841 999 892 ut
1012 833 1109 892 multos

113 923 235 983 adverto
261 916 439 992 credidisse,
465 918 527 977 sive
554 925 675 995 angusto
702 916 822 976 discreti
849 917 905 976 situ
929 919 1108 994 restagnatio.

118 1005 175 1066 alio
194 1003 286 1063 latere
300 999 419 1062 Gadium
434 1001 470 1062 ab
489 1002 593 1062 eodem
609 1000 763 1062 occidente
774 1017 878 1078 magna
890 1018 958 1078 pars
969 1001 1109 1060 meridiani

114 1093 209 1150 sinuas
221 1087 323 1150 ambitu
331 1084 527 1146 Mauretaniae
550 1088 700 1164 navigatur
713 1083 811 1145 hodie.
845 1088 985 1146 maiorem
1001 1084 1150 1168 quidemn,

114 1175 177 1234 eius
192 1180 304 1250 partem
319 1179 349 1230 et
364 1171 484 1232 orientis
498 1172 639 1230 victoriae
661 1170 757 1246 magni
772 1168 933 1229 Alexandri
955 1170 1109 1230 lustravere

113 1275 205 1336 usque
221 1257 250 1314 in
260 1253 416 1316 Arabicum
432 1256 533 1330 sinum,
550 1256 579 1313 in
596 1270 653 1333 quo
668 1271 718 1314 res
733 1261 856 1332 gerente
869 1251 902 1314 C.
916 1250 1042 1316 Caesare
1057 1254 1110 1314 Au·

114 1343 189 1419 gusti
205 1339 265 1399 lilio
281 1339 363 1416 signa
380 1340 492 1400 navium
511 1357 549 1398 ex
564 1338 803 1417 Hispaniensibus
818 1337 976 1416 naufragiis
988 1338 1112 1400 feruntur

71 1433 121 1489 169
134 1425 238 1502 agnita.
268 1429 297 1481 et
318 1421 417 1483 Hanno
435 1421 615 1500 Carthaginis
629 1423 757 1501 potentia
769 1421 892 1483 florente
906 1422 1111 1484 circumvectus

112 1527 127 1569 a
144 1506 271 1568 Gadibus
286 1507 322 1566 ad
338 1506 423 1566 linem
440 1506 566 1567 Arabiae
586 1508 799 1584 navigationem
817 1525 880 1568 earn
897 1507 1025 1586 prodidit
1044 1510 1140 1568 scri-15

112 1603 178 1671 pto,
203 1593 276 1650 sieut
291 1592 327 1651 ad
344 1601 445 1651 extera
462 1590 598 1670 Europae
621 1591 776 1652 noscenda·
789 1592 894 1652 missus
916 1591 1023 1652 eodem
1045 1602 1111 1653 tem·
1150 1589 1151 1678 l

112 1693 184 1756 pore
207 1674 339 1736 Himilco.
372 1684 527 1755 qraeterea
549 1675 651 1756 Nepos
668 1673 821 1737 Cornelius
836 1685 937 1736 auctor
959 1685 1004 1736 est
1019 1675 1111 1738 Eudo·
1150 1681 1151 1740 ι

111 1779 178 1821 xum
190 1760 333 1839 quendam
348 1777 399 1820 sua
415 1769 522 1836 aetate,
541 1779 603 1820 oum
614 1759 767 1836 Lathyrum
782 1779 885 1838 regem
900 1759 1026 1838 lugeret,
1042 1761 1112 1822 Ara·

111 1845 178 1906 bico
195 1846 257 1905 sinu
278 1863 429 1924 egressum
452 1843 547 1907 Gades
563 1863 654 1924 usque
674 1853 859 1924 pervectum,
884 1845 1033 1924 multoque
1049 1855 1111 1907 ante

112 1949 177 1990 eum
193 1926 310 1990 Caelius
325 1930 477 2009 Antipater
491 1929 601 1990 vidisse
617 1948 650 1990 se
668 1931 716 2007 qui
740 1930 906 2008 navigasset
923 1948 962 1992 ex
976 1929 1111 2010 Hispania
1120 1951 1141 1990 a

69 2023 120 2078 170
130 2017 159 2076 in
176 2013 360 2092 Aethiopiam
376 2015 522 2074 conmerei
540 2015 641 2092 gratia.
674 2013 754 2075 ldem
770 2011 873 2090 Nepos
890 2013 927 2075 de
943 2017 1113 2094 septentrio-

110 2099 168 2160 nali
187 2099 306 2158 circuitn
326 2097 411 2158 tradit
429 2095 533 2170 Quinto
550 2097 670 2159 bletello
702 2093 801 2158 Celeri
830 2096 929 2156 Afrani
960 2098 990 2158 in
1011 2116 1113 2160 consu-

110 2183 169 2243 latu
188 2181 333 2259 collegae,
351 2181 404 2242 sed
421 2190 479 2241 tum
494 2180 605 2259 Galliae
621 2183 799 2261 proconsuli,
816 2183 904 2244 indos
920 2201 938 2244 a
952 2201 1027 2262 rege
1044 2186 1112 2246 Sue·

109 2284 210 2325 vorum
226 2263 302 2324 dono
321 2265 420 2342 datos,
446 2267 494 2344 qui
516 2286 554 2326 ex
575 2266 655 2328 lndia
673 2268 821 2327 conmerci
838 2286 926 2328 eausa
943 2269 1113 2346 navigantes

108 2348 330 2427 tempestatibus
353 2359 452 2409 essent
474 2351 503 2409 in
518 2349 698 2412 Germaniam
718 2351 842 2430 abrepti.
875 2352 1038 2416 Sicmaria
1061 2354 1142 2412 cir-2⁵

111 2433 239 2494 cumfuse
255 2433 379 2513 undique
401 2434 517 2496 dividuo
542 2436 633 2514 globo
652 2444 764 2516 partem
785 2435 865 2495 orbis
880 2436 1012 2496 auferunt
1030 2437 1113 2496 nobis

108 2537 165 2579 nee
180 2518 247 2579 inde
265 2517 320 2578 buo
338 2537 394 2580 nec
409 2515 476 2580 hinc
493 2520 543 2581 illo
561 2522 663 2599 pervio
675 2528 778 2582 tractu.
815 2537 888 2597 puae
906 2522 1112 2600 contemplatio

109 2613 175 2682 apta
192 2602 375 2681 detegendae
390 2604 550 2665 mortalium
567 2605 684 2666 vanitati
704 2621 832 2682 poscere
846 2605 961 2666 videtur
977 2614 1005 2666 ut
1024 2614 1113 2666 totum

108 2686 165 2748 hoc
182 2689 320 2768 quicquid
336 2697 381 2749 est
396 2690 425 2748 in
440 2707 497 2769 quo
513 2689 634 2767 singulis
649 2687 719 2748 nihil
735 2689 804 2748 satis
820 2697 865 2749 est
880 2707 935 2749 ceu
951 2688 1111 2752 subiectum

109 2772 202 2832 oculis
218 2783 352 2850 quantum
368 2774 405 2834 sit
419 2773 578 2834 ostendam.
927 2785 930 2790 ·
957 2808 960 2814 ·
1122 2789 1141 2830 a

67 2862 117 2918 171
182 2854 233 2916 68.
251 2857 334 2937 (68.)
353 2857 412 2918 lam
428 2860 548 2936 primum
563 2859 592 2918 in
607 2858 723 2918 dimidio
737 2859 887 2938 conputari
901 2860 1026 2936 videtur,
1044 2871 1112 2920 tam·

108 2956 192 3017 quam
206 2940 284 3000 nulla
296 2942 391 3019 portio
407 2943 463 3022 ipsi
477 2943 628 3003 decidatur
639 2959 763 3020 oceano,
781 2944 830 3024 qui
844 2952 906 3004 toto
920 2944 1113 3005 circumdatus

107 3023 203 3083 medio
221 3033 249 3083 et
267 3026 358 3085 omnis
377 3035 492 3087 ceteras
510 3026 633 3088 fundens
655 3028 861 3107 recipiensque
877 3045 967 3107 aquas
985 3037 1014 3089 et
1031 3031 1114 3108 quio·

106 3107 175 3184 quid
197 3108 257 3167 exit
272 3110 300 3167 in
317 3109 418 3186 nubes,
443 3129 478 3172 ao
494 3111 590 3172 sidera
606 3111 671 3191 ipsa
692 3121 734 3173 tot
750 3122 779 3173 et
795 3121 890 3174 tautae
908 3113 1111 3190 magnitudinis

107 3208 244 3269 pascens,
259 3210 316 3270 quo
328 3195 443 3255 tandem
451 3195 643 3274 amplitudinis
652 3197 746 3278 spatio
755 3196 891 3257 credetur
902 3194 1055 3258 latitaret
1071 3196 1141 3257 ina

65 3281 115 3338 171
125 3274 218 3354 proba
228 3285 257 3336 et
271 3277 378 3339 inlinita
389 3279 479 3340 debet
490 3289 623 3344 essetam
634 3291 734 3344 vastae
745 3281 831 3342 molis
846 3284 1009 3360 possessio.
1023 3281 1109 3344 Adde

107 3360 184 3438 quod
201 3379 239 3421 ex
253 3361 358 3423 relicto
374 3363 439 3442 plus
454 3364 570 3426 abstulit
587 3367 709 3429 caelum.
726 3383 791 3428 nam
807 3384 871 3427 oum
883 3369 939 3428 sint
951 3369 1012 3427 eius
1028 3369 1108 3445 quin·

106 3461 162 3525 que
174 3455 283 3525 partes,
301 3465 374 3527 quas
388 3458 493 3512 vocant
505 3467 604 3530 zonas,
622 3452 728 3514 infesto
744 3451 842 3530 rigore
859 3461 889 3512 et
903 3460 1021 3511 aeterno
1038 3453 1108 3529 gelu
