2340 3934
240 103 326 158 Nar.
344 102 435 157 msa.
454 103 507 157 vu
525 107 632 160 ae-ao
651 105 777 173 (ae-31)
970 107 1012 170 27

22 271 91 332 quam
111 254 234 313 maxime
259 252 343 314 diviti
365 271 454 333 opere
479 261 657 314 servaretur.
689 254 769 314 idern
787 254 907 317 Pindari
930 261 1004 319 vatis
1015 266 1067 318 109

22 341 122 402 familiae
151 341 371 422 penatibusque
401 343 489 402 iussit
515 343 610 423 parci,
643 362 711 403 curn
739 343 855 406 Thebas
886 356 1014 429 raperet,

20 431 164 492 Aristotelis
193 431 363 511 philosophi
389 433 516 511 patriam
545 431 690 513 condidit,
722 440 882 514 tantaeque
911 454 1014 497 rerum

21 521 123 580 claritati
149 529 212 580 tam
239 521 403 600 benignum
432 522 636 582 testimonium
665 523 793 584 miscuit.
845 523 1014 586 Archilochi

21 618 102 688 poetae
118 611 331 671 interfectores
349 610 451 690 Apollo
476 613 573 692 arguit
591 610 721 690 Delphis
759 611 936 693 Sophoclem
954 622 1012 676 tra·

19 701 61 776 gici
76 699 211 760 cothurni
229 701 397 781 prinoipem
415 701 590 761 defunctum
609 701 729 780 sepeliri
742 699 833 761 Liber
850 711 935 782 pater
953 707 1012 765 ius·

20 789 56 868 sit,
80 787 285 850 obsidentibus
312 791 429 850 moenia
452 787 705 871 Lacedaemoniis,
733 789 885 871 Lysandro
908 812 1013 854 eorum

20 896 69 954 rege
89 879 117 937 in
141 881 244 957 quiete
273 881 391 958 saepius
414 879 563 940 admonito
591 887 626 942 ut
647 888 800 959 pateretur
823 879 940 942 humari
963 882 1012 942 de-

20 965 80 1026 licias
100 985 177 1028 suae.
225 969 382 1048 requisivit
408 985 474 1050 rex,
507 971 560 1048 qui
587 987 761 1048 supremum
788 969 867 1030 diem
890 970 1013 1032 Athenis

20 1054 151 1138 obiissent,
185 1075 243 1118 nec
273 1056 432 1118 difficulter
464 1077 501 1117 ex
530 1059 567 1118 iis
596 1076 685 1136 quem
712 1059 786 1118 deus
819 1061 1014 1138 significasset

20 1145 150 1227 intellexit,
174 1165 342 1226 pacemque
366 1148 464 1208 funeri
488 1147 577 1208 dedit.

68 1230 119 1297 30.
143 1229 221 1318 (31)
256 1235 373 1296 Platoni
395 1237 556 1316 sapientiae
580 1238 706 1298 antistiti
724 1235 882 1317 Dionysius
905 1245 1066 1317 tyran-110

20 1341 59 1382 uus
78 1324 143 1384 alias
165 1327 308 1385 saevitiae
332 1323 548 1404 superbiaeque
572 1332 659 1386 natus
677 1327 809 1386 vittatam
832 1345 936 1386 navem
959 1329 1012 1386 mi-

20 1415 46 1471 sit
63 1413 183 1495 obviam,
213 1416 279 1495 ipse
303 1415 454 1494 quadrigis
477 1413 551 1475 albis
574 1415 777 1494 egredientem
799 1417 830 1475 in
853 1415 939 1476 litore
964 1435 1013 1476 ex·

21 1504 84 1580 cepit.
125 1506 235 1583 viginti
258 1503 377 1565 talentis
404 1521 494 1566 unam
517 1506 682 1564 orationem
705 1503 851 1565 isocrates
873 1504 1013 1566 vendidit.

21 1592 153 1654 Aeschines
177 1593 371 1654 Atheniensis
398 1611 533 1654 summus
559 1601 672 1674 orator,
702 1612 771 1654 cum
794 1595 1014 1655 accusationem

21 1697 61 1756 qua
79 1683 172 1743 fuerat
196 1701 272 1742 usus
290 1681 414 1742 Rhodiis
437 1680 570 1763 legisset,
593 1681 665 1762 legit
686 1691 717 1743 et
736 1683 940 1744 defensionem
958 1682 1012 1743 lJe·

22 1770 156 1833 nosthenis
182 1773 297 1851 quain
320 1770 393 1832 illud
411 1770 516 1851 pulsus
534 1771 632 1832 fuerat
655 1771 800 1854 exsilium,
823 1771 1013 1832 mirantibus·

22 1875 62 1936 que
80 1869 140 1923 tum
166 1863 265 1941 magis
288 1861 381 1922 fuisse
408 1862 568 1921 miraturos
592 1860 679 1942 dixit,
709 1863 735 1922 si
757 1863 856 1941 ipsum
879 1868 1014 1921 orantem

22 1948 189 2033 audivissent,
215 1950 381 2012 calamitate
404 1952 490 2012 testis
512 1951 617 2029 ingens
640 1951 737 2011 factus
759 1952 880 2010 inimici,
923 1949 1003 2011 Thu·
1016 1959 1065 2008 111

22 2038 119 2114 qdiden
135 2043 352 2126 imperatorem
370 2039 566 2101 Athenienses
584 2041 616 2100 in
635 2039 772 2100 exsilium
791 2057 889 2121 egere,
911 2057 1015 2101 rerum

22 2128 181 2192 conditerem
203 2147 396 2210 revocavere,
420 2129 620 2208 eloquentiam
642 2131 741 2190 mirati
764 2131 850 2190 cuius
873 2130 1015 2190 virtutem

23 2215 215 2281 damnaverant.
242 2237 384 2299 magnum
405 2226 435 2280 et
452 2217 614 2280 Menandro
637 2221 668 2280 in
688 2221 801 2284 comico
825 2237 913 2280 socco
931 2221 1014 2280 testi·

23 2309 128 2368 nodum
153 2327 265 2390 regum
287 2309 412 2390 Aegypti
439 2315 470 2368 ct
493 2307 681 2369 Macedoniae
710 2309 835 2387 contigit
862 2307 957 2369 classe
985 2315 1016 2368 et

17 2413 65 2472 per
78 2397 184 2478 legatos
207 2401 318 2480 petito,
341 2400 436 2460 maius
460 2416 496 2458 ex
519 2399 584 2478 ipso
607 2399 706 2478 regiae
730 2397 867 2458 fortunae
885 2395 1016 2478 praelata

25 2481 379 2564 litterarumconscientia.

70 2575 249 2640 Perhibnere
280 2585 310 2638 et
339 2575 465 2638 Romani
492 2593 634 2656 proceres
665 2577 754 2636 etiam
784 2577 894 2636 exteris
924 2576 1068 2635 testi-112

27 2667 106 2726 nenia.
149 2666 203 2730 Cn.
232 2665 393 2747 Pompeius
427 2667 564 2728 confecto
593 2663 792 2726 Mithridatico
819 2661 897 2724 hello
925 2665 1015 2722 intra-

28 2759 90 2816 turus
108 2755 262 2818 Posidbnii
288 2757 450 2836 sapientiae
472 2756 658 2836 professione
681 2753 754 2814 clari
776 2753 898 2814 domum
921 2752 1016 2814 forem

16 2847 117 2918 >percuti
137 2846 175 2908 de
198 2864 283 2908 more
310 2844 454 2906 alietore
478 2847 585 2926 vetuit,
615 2851 645 2904 et
667 2843 763 2904 fasces
786 2841 954 2904 litterarum
976 2843 1015 2904 ia·

80 3107 174 3164 litem
191 3112 295 3163 nitio.
367 3104 576 3176 acciperetis
602 3105 653 3174 cfr.
672 3105 725 3162 lac.
739 3121 770 3176 p.
790 3111 836 3164 65.
905 3114 1018 3179 baepe-

33 3173 63 3228 liri
76 3180 96 3231 l.
121 3196 160 3234 -re
177 3197 202 3236 r.
277 3184 311 3233 10
330 3179 465 3234 obiissent
488 3177 545 3234 Uri.
565 3177 659 3234 cheat.
687 3177 768 3234 -isset
785 3179 813 3234 ll.
843 3181 849 3249 Ι
876 3195 926 3234 rex
943 3179 1020 3236 idem

33 3247 65 3300 ll.
86 3266 115 3304 ex
130 3251 163 3306 iis
181 3269 207 3307 r.
287 3257 321 3306 16
344 3249 416 3306 albis
438 3249 563 3305 Br²a²o
592 3249 704 3322 agradis
722 3249 791 3305 W.
819 3249 917 3321 agadis
936 3249 974 3306 αἱ.
1002 3267 1020 3306 a

35 3319 135 3384 munus
152 3328 202 3378 da.
276 3329 311 3380 18
329 3323 461 3394 depulsus
479 3321 591 3378 a'Rob.
664 3328 699 3379 20
717 3321 875 3378 calamitati
891 3321 935 3377 12².
956 3323 961 3390 Ι
982 3324 1021 3378 ad

35 3403 50 3439 v·
67 3393 132 3448 lestis
152 3395 187 3448 1³¹
211 3397 244 3452 in
265 3397 390 3466 naarqa'm
413 3396 508 3452 adata.-
540 3395 743 3450 Testimonium
767 3393 823 3450 fnit
843 3393 1019 3450 huiusmodi:

35 3462 109 3526 quodsi
122 3466 212 3538 ipsam
228 3467 350 3524 bestiam
368 3467 501 3523 audiretis
520 3484 570 3524 sna
588 3466 674 3522 verba
691 3465 862 3522 frementem.
888 3467 939 3534 cfr.
957 3483 1017 3524 nau.

37 3529 73 3587 le.
83 3553 108 3604 a.
124 3541 167 3595 aa.
234 3545 269 3594 aa
288 3539 473 3595 damnauerat
488 3544 520 3594 a.
589 3545 624 3594 24
642 3537 744 3610 aarum
760 3538 805 3594 ι’.
833 3538 888 3609 -gis
906 3539 951 3593 ιι.

38 3605 60 3655 fl
73 3605 147 3664 forem
164 3612 192 3666 lt.
218 3629 275 3666 -aes
293 3628 318 3666 v.
333 3611 404 3668 noa,
