2364 3930
138 109 201 172 182
487 107 516 161 C.
534 107 634 161 PLINI
653 105 809 161 SECUNDI

134 278 168 319 ac
196 259 373 318 feruminato
404 257 460 318 alvi
490 256 603 336 glutino
633 255 751 316 subdita
781 255 895 315 cervice
926 254 1023 315 medio
1054 273 1141 333 aequa

134 350 285 426 utrimque
308 345 383 406 libra
406 346 563 425 deportant
585 344 649 404 alio.

82 452 115 500 99
202 429 276 518 (51)
309 435 370 496 Nec
393 453 464 494 vero
492 436 529 496 iis
555 436 653 494 minor
682 433 812 494 sollertia
840 452 915 513 quae
943 432 1090 495 cunabula
1117 436 1142 494 in

134 535 216 586 terra
239 525 351 586 faciunt
374 525 508 603 corporis
531 525 673 601 gravitate
697 521 863 600 prohibitae
887 523 1013 584 sublime
1036 531 1143 601 petere.

200 613 318 694 Merops
354 619 477 672 vocatur
513 614 663 691 genitores
700 629 770 670 suos
808 613 978 673 reconditos
1014 629 1145 692 pascens,
1157 631 1166 668 ε.

134 701 241 782 pallido
260 705 341 763 intus
361 701 459 762 colore
479 703 651 780 pinnarum,
675 697 805 778 superne
825 719 945 782 cyaneo,
965 699 1145 780 primoribus
1173 741 1174 760 .

135 792 233 852 rutilo.
270 792 401 851 nidificat
422 793 454 850 in
477 808 569 869 specu
592 808 644 849 sex
667 789 778 868 pedum
801 790 917 850 defossa
940 788 1106 850 altitudine.

83 896 133 944 100
222 880 363 941 Perdices
386 880 471 958 spina
498 886 528 938 et
555 879 663 939 frutice
691 881 734 938 sic
761 882 900 940 muniunt
926 878 1144 958 receptaculum

134 977 167 1029 ut
191 976 295 1029 contra
317 969 411 1028 feram
434 967 550 1028 abunde
578 967 732 1028 vallentur.
778 971 840 1028 ovis
869 968 1033 1048 stragulum
1062 967 1144 1028 molle

133 1058 255 1136 pulvere
279 1057 497 1138 contumulant,
524 1060 635 1117 necin
659 1076 717 1136 quo
740 1057 805 1128 loco
828 1076 974 1138 peperere
997 1056 1146 1117 incubant.
1160 1059 1175 1142 q'

77 1179 80 1188 =
134 1165 171 1206 ne
202 1149 251 1207 cui
281 1147 467 1226 frequentior
497 1149 682 1206 conversatio
713 1154 852 1225 suspecta
882 1143 936 1229 sit‚'
962 1146 1145 1206 transferunt

135 1235 199 1296 alio.
245 1234 310 1296 illae
335 1234 455 1314 quidem
482 1243 513 1296 et
539 1237 662 1296 maritos
689 1253 760 1294 suos
787 1234 905 1316 fallunt,
933 1237 1077 1314 quoniam
1108 1236 1147 1294 in·

134 1327 328 1403 temperantia
358 1323 489 1384 lrbrdm1s
520 1323 662 1402 frangunt
693 1341 795 1383 earum
825 1342 878 1383 ova
907 1342 945 1384 ne
980 1323 1146 1384 incubando

134 1413 331 1474 detineantur.
376 1420 451 1473 tunc
469 1414 549 1473 inter
567 1431 599 1472 se
618 1412 760 1472 dimicant
777 1430 874 1472 mares
893 1412 1042 1472 desiderio
1068 1413 1146 1472 femi·

83 1507 132 1556 101
143 1520 257 1562 narum.
307 1504 418 1562 victum
445 1503 528 1562 aiunt
555 1519 695 1562 venerem
722 1503 791 1580 pati.
836 1501 866 1560 id
895 1501 1016 1580 quidem
1043 1509 1075 1562 et
1102 1509 1176 1560 co-12

134 1593 268 1650 turnines
291 1590 428 1669 Trogus
452 1598 483 1650 et
509 1589 687 1668 gallinaceos
715 1589 885 1670 aliquando,
911 1589 1052 1668 perdices
1080 1607 1147 1649 vero

80 1745 85 1753 ,
135 1697 151 1738 a
174 1679 294 1740 donitis
317 1679 397 1738 feros
420 1686 450 1738 et
473 1697 565 1739 novos
589 1687 640 1740 aut
663 1680 757 1738 victos
779 1679 849 1738 iniri
876 1681 1058 1758 promiscue.
1104 1697 1147 1738 oa·

133 1770 258 1847 piantur
276 1787 394 1847 quoque
413 1770 602 1848 pugnacitate
622 1767 756 1828 eiusdem
774 1766 916 1848 libidinis,
935 1774 1040 1828 contra
1060 1785 1148 1828 aucu·
1176 1761 1177 1766 ’

133 1859 179 1936 pis
197 1859 318 1918 inlicem
337 1865 464 1918 exeunte
482 1859 514 1916 in
536 1856 684 1936 proelium
707 1857 782 1916 duce
807 1858 898 1916 totius
917 1857 1025 1934 gregis.
1065 1865 1148 1934 capto

134 1964 170 2006 eo
193 1947 329 2026 procedit
357 1946 430 2007 alter
458 1964 491 2006 ac
520 1945 645 2006 subinde
673 1944 792 2024 singuli.
837 1963 943 2006 rursus
970 1947 1053 2006 circa
1082 1953 1178 2058 con-p

135 2043 254 2114 ceptum
277 2036 403 2096 feminae
432 2037 590 2114 capiuntur
618 2042 723 2096 contra
750 2053 899 2115 aucupum
928 2036 1072 2097 feminam
1101 2055 1149 2096 ex·
1177 2069 1178 2078 .

83 2129 134 2179 102
145 2132 251 2184 euntes
273 2132 308 2184 ut
331 2125 454 2186 rixando
477 2124 597 2204 abigant
618 2143 695 2186 eum.
742 2143 798 2186 nec
821 2127 852 2186 in
875 2123 931 2186 alio
954 2125 1075 2186 animali
1097 2143 1149 2204 par

135 2301 171 2362 ab
201 2301 248 2361 his
277 2302 366 2363 flante
396 2311 594 2382 praegnantes
625 2303 717 2383 fiunt,
748 2302 865 2364 hiantes
897 2310 998 2364 autem
1030 2311 1148 2363 exserta

133 2390 234 2469 lingua
256 2410 311 2470 per
333 2391 363 2452 id
386 2399 504 2470 tempus
528 2399 672 2452 aestuant.
709 2393 882 2470 concipiunt
904 2399 934 2450 et
957 2391 1178 2471 supervum-e

134 2481 210 2539 tium
233 2480 354 2560 adflatu,
382 2498 469 2559 saepe
493 2499 565 2540 voce
589 2488 705 2541 tantum
728 2481 828 2540 audita
850 2479 987 2560 masculi,
1016 2480 1148 2559 adeoque

134 2570 232 2632 vincit¹
254 2568 345 2630 libido
373 2571 462 2630 etiam
490 2570 569 2630 fetus
598 2571 764 2649 caritatem,
796 2576 831 2630 nt
857 2568 906 2628 illa
929 2569 1033 2630 furtim
1062 2576 1091 2630 et
1117 2571 1149 2628 in

134 2658 250 2720 occulto
269 2656 423 2738 incubans,
446 2675 515 2718 cum
533 2660 627 2718 sensit
650 2659 790 2718 feminam
813 2659 936 2736 aucupis
959 2657 1148 2718 accedentem

134 2746 171 2806 ad
189 2765 310 2827 marem,
330 2754 450 2807 recanat
468 2754 647 2825 revocetque
667 2754 698 2806 et
715 2745 795 2806 ultro
813 2744 955 2825 praebeat
972 2763 1005 2805 se
1024 2744 1146 2806 libidini.

133 2834 215 2895 rabie
244 2836 364 2914 quidem
393 2843 475 2896 tanta
504 2835 662 2916 ferunturq
685 2842 719 2896 ut
749 2837 781 2894 in
810 2836 907 2914 capite
937 2837 1178 2914 aucupantium¹

83 2929 133 2980 103
145 2942 232 3004 saepe
263 2941 367 2984 caecae
381 2928 512 3002 ‘impetu
543 2924 673 2984 sedeant.
726 2925 752 2982 si
786 2923 822 2984 ad
827 2923 961 3006 gnidum
994 2925 1021 2983 is
1051 2926 1146 3002 coepit

204 3173 219 3220 1
239 3183 273 3221 ae
292 3167 459 3222 feruminato
478 3182 529 3220 om.
547 3169 624 3218 ΜΤ.
697 3172 713 3220 6
732 3165 900 3235 primoribus
918 3165 1005 3220 rutilo
1024 3181 1070 3234 eqo
1086 3165 1141 3218 eoll.

132 3239 220 3292 Arici.
236 3239 253 3292 l.
268 3240 285 3292 l.
300 3255 331 3306 p.
342 3242 396 3292 615
406 3237 442 3299 Β,
456 3242 495 3294 29
513 3237 550 3290 τὰ
568 3238 593 3290 δ’
607 3237 651 3290 ἐπ’
670 3238 764 3304 ἄκρων
781 3242 841 3291 τῶν
859 3236 1018 3304 πτερυγΐων
1035 3236 1142 3302 ἐρυθρά.

132 3308 221 3376 priori
234 3307 361 3377 (primori
374 3309 400 3376 ᾱ)
420 3307 556 3360 subrutilo
571 3309 599 3360 ll.
673 3313 687 3361 7
706 3307 855 3362 nidificent
866 3313 920 3361 Bd.
937 3309 942 3376 l
958 3325 996 3362 aaa
1014 3306 1142 3361 defosso?

222 3384 238 3431 9
257 3379 331 3431 feres
349 3382 403 3430 Bd.
493 3383 525 3432 19
545 3376 659 3430 inlicem
677 3377 802 3448 Scaliger
820 3379 858 3434 od
881 3378 963 3432 Vorr.
981 3379 1015 3432 de
1032 3394 1061 3432 re
1077 3381 1142 3431 nest»

130 3449 182 3498 ΙΙΙ
192 3452 218 3512 7,
228 3453 254 3501 6.
275 3449 352 3502 Piret.
369 3447 514 3502 Turnebus
528 3448 589 3501 ado.
603 3451 700 3513 24,38.
719 3449 842 3504 indicem
855 3450 884 3503 ll.
955 3454 989 3502 22
1005 3463 1067 3502 eom
1077 3447 1142 3501 Dar.

132 3516 184 3581 cfr.
202 3526 263 3572 ooo.
282 3519 334 3572 loc.
349 3533 381 3585 p.
391 3521 435 3571 15.
461 3519 465 3584 Ι
490 3533 579 3584 neque
597 3523 628 3570 R.
701 3525 735 3572 27
754 3519 825 3574 uicit
842 3525 899 3573 rit.
985 3525 1019 3572 31
1040 3519 1141 3587 impetu

132 3583 232 3640 Inous.
264 3589 341 3640 metu
358 3587 484 3640 RFiald.
504 3590 559 3641 -tus
578 3587 614 3640 a¹.
635 3590 710 3642 -buns
728 3589 771 3643 1²¹.
