2302 3938
146 217 211 284 204
495 225 526 274 c.
548 225 644 274 annu
667 223 816 274 sueonos

148 396 302 464 tarractes,
319 386 399 445 iuxta
411 399 497 462 quam
508 379 671 458 Lyrnessos
684 387 714 441 et
731 379 829 458 Olbia,
841 378 997 461 ultimaque
1012 380 1070 442 aius
1083 399 1149 440 orac

147 472 288 534 Phaselis.

96 567 129 620 97
209 555 293 636 (at.)
325 553 455 615 Iunctum
479 569 558 612 mare
579 549 697 628 Lycium
724 558 770 612 ast
796 567 930 628 gensque
956 535 1057 628 bycia',
1081 551 1149 610 undu

148 650 249 704 vastos
266 642 366 700 sinuus
378 636 489 698 Taurus
504 653 587 696 mons
603 635 639 696 ab
654 633 727 696 Eois
741 637 865 696 ueniens
878 634 1013 694 litoribus
1027 633 1149 694 Chelido

148 729 197 788 nio
214 723 414 805 promunturio
433 719 631 797 disterminat,
649 722 797 780 inmensus
814 721 881 799 ipse
903 727 933 779 et
950 720 1149 780 innumerarun

148 812 279 890 gentium
300 807 427 884 arbiter,
453 805 559 867 dextro
581 805 674 866 latere
691 803 950 884 septentrionalis,
972 804 1021 864 ubi
1041 806 1149 884 primur

148 895 184 956 ab
206 893 306 954 Indico
329 892 400 951 mari
426 892 574 968 exsurgit,
602 889 687 950 laevo
709 889 885 950 meridianus
911 895 941 948 et
966 888 1002 948 ad
1030 905 1149 949 occasun

149 978 273 1040 tendens
291 975 472 1053 mediamque
487 973 652 1037 distrahens
668 974 779 1051 Asiam,
798 974 854 1034 nisi
871 973 1048 1052 opprimenti
1068 982 1148 1034 terra

149 1068 341 1124 occurrerent
354 1061 451 1120 maria.
491 1059 586 1120 resilit
603 1076 677 1137 ergo
693 1059 727 1119 ad
749 1059 987 1138 septentriones,
1010 1057 1144 1137 llexusqu

148 1149 309 1209 inmensum
323 1146 382 1206 iter
397 1144 527 1224 quaerit,
543 1143 624 1204 velut
640 1143 677 1204 de
692 1143 834 1204 industria
854 1159 950 1202 rerum
972 1151 1074 1202 natura
1099 1162 1132 1202 su

148 1231 216 1294 inde
236 1247 364 1309 aequora
385 1236 572 1309 opponente,
597 1227 666 1288 binc
685 1227 889 1302 Phoenicium,
914 1226 980 1288 hinc
1000 1226 1149 1287 Ponticum

148 1317 229 1378 illinc
254 1313 391 1394 Caspium
418 1321 449 1374 et
477 1311 651 1390 Hyrcanium
679 1320 840 1392 contraque
874 1309 1032 1372 Maeotium
1061 1312 1149 1372 laeun

97 1405 131 1461 98
150 1408 305 1480 torquetur
319 1401 418 1477 itaque
433 1395 563 1458 conlisus
577 1398 655 1458 inter
668 1397 741 1459 haec
753 1397 895 1474 claustra,
914 1405 944 1458 et
957 1403 1054 1458 tamen
1071 1399 1149 1456 vieto

150 1485 300 1546 flexuosus
316 1481 414 1542 evadit
435 1499 527 1562 usqua
543 1481 578 1542 ad
597 1491 719 1560 cognata
735 1481 913 1561 Ripaeorum
929 1481 1071 1542 montium
1087 1484 1139 1560 ing

148 1568 312 1630 numerosis
333 1566 497 1628 nominibus
524 1574 556 1626 et
580 1569 664 1626 novis
690 1584 870 1646 quacumque
898 1566 1007 1626 incedit
1029 1568 1149 1644 insignis

148 1652 243 1714 imaus
257 1654 348 1733 prima
363 1657 447 1731 parte
463 1649 574 1728 dictus,
594 1668 664 1711 mox
680 1649 845 1728 hemodus,
867 1649 1086 1731 Paropanisus,
1109 1650 1149 1714 Cir

149 1740 228 1816 cius,
256 1734 435 1814 Cambades,
466 1734 622 1814 Pariades,
654 1732 812 1814 Choatras,
840 1733 972 1813 Oreges,
999 1733 1140 1796 Oroanda

148 1822 308 1902 Niphates,
325 1819 454 1898 Taurus,
478 1829 565 1898 atque
583 1820 631 1880 ubi
649 1839 682 1881 se
697 1838 813 1900 quoque
830 1827 988 1900 exsuperat
1005 1817 1141 1900 Caucasu

149 1907 198 1968 ubi
214 1905 331 1967 brachia
348 1905 454 1966 emittit
469 1904 592 1966 subinde
609 1907 759 1984 temptanti
775 1905 863 1965 maria
880 1903 982 1966 similis
999 1904 1137 1984 Sarpedc

97 1997 132 2052 99
150 1989 340 2066 Coracesius,
368 1987 497 2068 Cragus,
520 1990 683 2068 iterumque
706 1984 833 2068 Tauriis,
862 1991 948 2048 etiam
969 1989 1020 2050 ubi
1041 1989 1148 2050 dehisc

149 2093 241 2153 seque
263 2073 380 2152 populis
401 2075 496 2152 aperit
516 2082 663 2153 portarum
688 2081 783 2134 tamen
805 2074 922 2134 nomina
943 2076 1090 2134 unitatem
1116 2077 1148 2136 sil

148 2158 297 2218 vindicans
315 2175 389 2236 quae
404 2157 492 2218 aliubi
511 2159 668 2218 Armeniae
684 2156 772 2218 aliubi
790 2153 914 2237 Caspiae
934 2157 1025 2218 aliubi
1044 2155 1134 2219 Cilici

148 2250 299 2302 vocantur.
338 2241 513 2320 quinetiam
542 2243 726 2318 confractus,
752 2241 897 2320 effugiens
919 2260 1039 2321 quoque
1068 2247 1142 2304 mari

30 2384 34 2389 .
148 2326 280 2406 plurimis
300 2345 333 2386 se
349 2327 478 2404 gentium
496 2325 661 2386 nominibus
675 2325 741 2386 hinc
757 2335 787 2386 et
802 2326 881 2387 illino
897 2326 1007 2406 inplet,
1031 2345 1046 2386 a
1066 2328 1138 2388 dent

147 2409 327 2488 Hyrcanius,
344 2407 483 2490 Caspius,
502 2429 518 2470 a
534 2410 618 2470 laeva
633 2409 825 2490 Parihedrus,
839 2409 1023 2488 Moschicus,
1040 2409 1147 2472 Amani

147 2496 246 2573 nicus,
271 2492 448 2574 Coraxicus,
471 2492 624 2570 Scythicus
645 2494 828 2575 appellatus,
848 2496 878 2556 in
900 2497 1075 2556 ruoiversum
1099 2515 1147 2557 ver

148 2577 260 2641 Graece
278 2577 448 2640 Ceraunius.

96 2675 147 2728 100
221 2662 304 2746 (28.)
329 2663 361 2724 ln
382 2663 471 2742 Lycia
494 2665 585 2743 igitur
606 2683 622 2725 a
648 2665 850 2744 promunturio
877 2665 938 2726 eius
960 2665 1108 2746 oppidum
1130 2707 1142 2726 s

145 2767 245 2826 mena,
260 2767 343 2810 mons
361 2746 512 2810 Chimaera
527 2749 663 2810 noctibus
679 2748 817 2828 flagrans,
832 2749 1041 2828 Hephaestiam
1062 2755 1137 2812 civit

147 2841 178 2896 et
191 2835 253 2913 ipsa
275 2852 365 2914 saepe
381 2833 570 2912 flagrantibus
591 2834 678 2912 iugis.
721 2833 856 2913 oppidum
876 2833 1015 2914 Olympus
1037 2835 1087 2896 ibi
1106 2839 1143 2897 lui

145 2935 221 2978 nunc
249 2925 315 2978 sunt
339 2926 476 2980 montana
503 2916 619 2996 Gagae,
648 2914 820 2996 Corydalla,
845 2917 1052 2997 Rhodiapolis.
1093 2922 1146 2980 iuri

145 3017 226 3061 mare
248 2999 360 3081 Limyra
382 3019 445 3062 cum
463 3019 546 3063 amne
562 3004 591 3062 in
606 3019 692 3080 quem
707 3002 879 3079 Arycandus
895 3001 1004 3080 induit,
1027 3012 1061 3065 et
1089 3023 1146 3065 mor

145 3083 314 3164 llasiaitus,
334 3086 445 3147 Andria
471 3087 592 3165 civitas,
618 3085 718 3166 blyra,
742 3088 848 3166 oppida
870 3087 1000 3166 Aperlae
1028 3097 1062 3148 et
1090 3091 1146 3156 Ant

145 3168 262 3250 phellos
284 3187 358 3249 quae
382 3169 525 3250 quondam
547 3170 701 3250 Habesos,
727 3177 816 3251 atque
838 3174 866 3232 in
888 3189 1010 3233 recessu
1032 3159 1146 3236 Phelld

146 3253 212 3315 dein
228 3252 337 3331 Pyrrha
351 3255 480 3334 itemque
495 3255 627 3318 Xanthus
643 3274 659 3317 a
674 3257 746 3318 mari
759 3255 816 3316 XV
830 3255 860 3317 lli
875 3275 1028 3336 passuum,
1045 3257 1137 3320 dume

146 3357 203 3420 que
219 3337 323 3400 eodem
343 3340 469 3403 nomine.
502 3339 606 3402 deinde
626 3339 747 3419 Patara,
770 3340 844 3420 quae
863 3342 943 3421 prius
966 3339 1118 3422 Pataros,

95 3426 186 3490 101in
206 3432 305 3485 monte
329 3423 461 3502 Sidyma,
485 3425 714 3506 promunturium
739 3423 861 3506 Cragus.
905 3424 987 3486 Ultra
1007 3445 1065 3506 par
1090 3433 1145 3488 sinu

146 3509 245 3588 priori.
291 3509 331 3570 ibi
354 3508 457 3571 Pinara
480 3518 510 3571 ct
537 3528 612 3590 quae
633 3509 750 3588 Lyciam
777 3511 839 3572 irnit
866 3508 1029 3572 Telmesus.
1080 3513 1145 3589 Lyci
