2396 3940
298 126 383 181 unu.
401 124 494 182 man.
513 125 567 182 ΧΠ
586 130 654 184 1-s
674 128 783 200 (s-ro)
980 127 1046 196 283

43 293 129 356 quere
147 276 274 339 diximus
292 274 455 354 esculentis
476 277 704 340 commendandi
726 277 835 342 balitus
857 279 960 358 gralia
990 265 1095 362 nee,¹,¹,’

42 365 91 426 alia
112 365 201 427 arbor
223 365 362 428 laudatur
382 368 414 428 in
436 365 538 428 Medis.

101 448 135 518 4.
150 449 202 540 (8)
220 455 380 536 Lanigeras
400 455 508 518 Serum
525 458 557 518 in
576 457 726 519 mentione
745 459 843 538 gentis
862 457 926 519 eius
945 473 1046 519 narra·
1066 465 1100 518 lt

40 546 136 628 vimus,
157 547 230 608 item
247 545 348 608 Indiae
367 545 509 608 arborum
530 545 772 626 magnitudinem.
803 565 894 608 unam
916 563 935 608 e
956 560 1103 627 pseu-ose

19 633 154 698 oloribus
181 633 283 698 Indiae
305 635 488 715 Vergilius
518 635 678 698 celebravit
706 635 870 719 hebenum,
898 655 1048 718 nusquam

39 723 101 786 alibi
131 727 216 788 nasei
247 726 410 806 professus.
464 724 669 787 Herodotus
701 744 767 787 eam
798 725 971 810 Aethiopiae
1002 729 1046 790 in-

38 814 130 894 tellegi
152 814 257 878 maluit
278 817 310 876 in
332 813 438 877 tributi
460 817 556 877 vicem
578 814 700 896 regibus
722 815 854 878 Persidis
881 837 898 880 a
923 819 1048 880 materia

39 905 96 964 eins
127 912 270 968 centenas
302 903 462 984 phalangas
494 906 583 966 tertio
622 923 741 985 quoque
773 922 850 968 anno
881 909 1047 990 pensitasse

38 991 190 1074 delbiopa's
214 1012 378 1056 cumauro
402 1001 432 1055 et
455 992 545 1056 ebore
568 993 732 1074 prodendo.
767 1013 828 1056 non
851 995 1048 1060 omittendum
1067 999 1101 1051 18

10 1083 64 1143 nid
80 1101 212 1165 quoque,
232 1085 353 1146 vicenos
372 1083 477 1146 dentes
499 1083 726 1164 elephantorum
748 1084 884 1166 grandes,
907 1088 1049 1166 quoniam
1165 1116 1169 1122 ·

37 1174 73 1232 ita
100 1174 290 1255 signidoavit,
321 1172 481 1253 Aethiopas
510 1191 545 1234 ea
574 1171 612 1234 de
647 1191 737 1234 eausa
769 1174 901 1253 pendere
935 1174 1048 1237 solitos.

38 1270 111 1324 hnta
130 1261 218 1326 ebori
235 1265 396 1326 auotorilas
418 1270 482 1324 erat
505 1261 590 1326 urbis
613 1270 731 1324 nostrae
751 1275 843 1342 cccx
860 1279 952 1346 anno;
975 1271 1048 1325 tuno

39 1354 110 1414 enim
132 1360 240 1416 auctor
262 1352 311 1416 ille
333 1352 490 1414 historiam
512 1370 578 1414 eam
601 1351 732 1414 eondidit
756 1351 875 1414 'lbmiis
902 1355 934 1414 in
957 1352 1048 1435 ltalia,

39 1461 90 1520 quo
116 1444 214 1523 magis
241 1444 351 1506 mirum
378 1448 425 1504 est
452 1473 494 1486 -
523 1439 603 1521 quod
631 1441 728 1504 eidem
756 1442 906 1504 oredimus
930 1475 973 1486 --
997 1443 1049 1523 qui

10 1529 143 1594 hPadum
169 1550 287 1594 amnem
308 1532 431 1594 vidisset
452 1533 565 1594 nemini
591 1531 628 1592 ad
654 1531 685 1592 id
708 1538 826 1612 tempus
848 1531 935 1593 Asiae
959 1530 1048 1594 Grae·

39 1623 156 1702 uiaeque
179 1623 284 1684 visum
330 1623 448 1702 eognita
470 1620 643 1701 Aethiopiae
667 1622 761 1684 lorma
783 1629 826 1703 et,
852 1630 888 1682 ut
910 1620 1049 1702 diximus,
1067 1628 1100 1679 19

39 1729 127 1792 nuper
145 1711 234 1774 allata
246 1710 358 1772 Neroni
375 1711 505 1792 principi
522 1728 621 1772 raram
639 1709 776 1772 arborem
788 1709 912 1772 Meroen
929 1727 1026 1791 usque
1038 1725 1102 1778 asar

39 1818 51 1860 a
72 1800 170 1882 Syene
194 1801 252 1864 line
275 1803 393 1882 imperii
419 1819 475 1881 per
497 1797 833 1882 'Iltldcchdlfflvlfi
878 1799 1049 1880 nullamque

39 1892 89 1952 nisi
110 1890 278 1972 palmarum
301 1891 420 1972 generis
444 1907 509 1952 asse
533 1889 643 1952 doouit.
689 1889 756 1951 ideo
779 1889 915 1951 fortassis
937 1891 969 1951 in
996 1893 1049 1952 tri·

10 1978 97 2042 abun
119 1983 299 2044 auctoritate
322 1983 411 2044 tertia
433 1997 483 2040 res
507 1979 599 2040 luerit
620 1977 764 2040 hebenus.

98 2063 153 2156 (9)
186 2069 297 2134 Romae
326 2089 392 2132 eam
418 2069 542 2148 Magnus
565 2067 725 2148 Pompeius
754 2067 907 2148 triumpho
934 2067 1048 2129 Mithri·
1067 2075 1102 2126 20

40 2158 129 2222 datieo
159 2160 298 2224 ostendit.
344 2157 467 2222 aoeendi
488 2156 669 2220 Fabianus
696 2165 797 2240 negat,
824 2159 923 2220 uritur
950 2165 1051 2219 tamen

40 2249 124 2312 odore
148 2249 290 2312 iucundo.
337 2248 396 2311 duo
419 2265 529 2328 genera
552 2249 630 2308 eius:
653 2264 756 2308 rarum
778 2247 809 2309 id
832 2246 912 2326 quod
934 2245 1050 2330 melius,

41 2338 195 2402 arboreum
220 2357 319 2417 purae
350 2346 380 2400 et
409 2335 513 2400 enodls
543 2337 683 2398 materiae
712 2337 802 2416 nigri.
820 2336 987 2416 splendoris
1016 2355 1051 2398 ae

11 2429 80 2488 evol
102 2432 170 2491 sine
193 2437 257 2491 arte
279 2430 417 2509 protinus
439 2425 575 2508 iucundi,
605 2425 738 2488 alterum·
760 2426 937 2488 fruticosum
965 2428 1052 2507 cytisi

42 2517 124 2578 modo
150 2525 181 2580 et
203 2525 266 2581 tota
287 2517 371 2580 ludia
393 2515 570 2596 dispersum.

102 2601 138 2672 ὅ.
164 2599 238 2692 (10)
270 2605 325 2668 Est
346 2606 388 2668 ibi
406 2613 441 2668 'et
464 2605 548 2685 spina
571 2603 690 2686 simile,
711 2595 770 2664 'sed
793 2601 978 2684 deprehensa
1005 2601 1052 2666 vel
1069 2611 1124 2669 at,

42 2695 168 2762 lucernis
190 2697 254 2778 igni
275 2699 413 2786 protinus
435 2694 629 2756 transiliente.

107 2858 124 2908 8
149 2853 282 2910 oenmnas
303 2852 363 2907 lto.
399 2865 439 2906 aa
459 2849 512 2906 bis
536 2849 622 2919 (falso
643 2847 688 2903 uis
709 2845 842 2916 saeptam
863 2851 889 2901 et
906 2849 971 2915 post
992 2843 1053 2914 pius

42 2925 174 2992 mosao)
194 2921 348 2980 munes?
380 2922 431 2990 afr.
444 2920 548 2977 Herod.
562 2923 666 2976 11197.
745 2923 778 2974 td
797 2933 909 2974 amnem
925 2931 984 2973 non
1001 2935 1025 2972 ι.
1045 2917 1050 2990 Ι

42 2993 143 3052 nemini
161 2996 330 3052 teodone
357 3009 404 3050 -ne
422 3000 454 3048 n.
482 3005 560 3048 nem
576 2991 719 3095 redpflos.
740 2990 745 3060 Ι
765 2989 832 3045 eddi
849 2995 881 3044 lb
929 3060 935 3073 .
961 2994 1003 3044 td.
1019 2995 1053 3045 1a

43 3083 224 3195 nabal?
241 3073 295 3194 lli·
309 3069 657 3208 stellionati·
669 3077 811 3204 dido.
830 3067 888 3204 ,a
907 3065 1055 3204 illinis·

44 3214 75 3264 Ι.
101 3213 180 3268 -bum
193 3227 240 3268 ro.
264 3212 270 3280 Ι
294 3212 325 3267 et
340 3226 395 3280 epo.
421 3223 472 3264 ont.
491 3208 549 3264 ibo.
622 3213 656 3262 1⁷
675 3205 793 3262 allatam
809 3203 1055 3260 ledonem.

111 3289 147 3339 18
165 3299 217 3354 por
230 3298 281 3338 ooo.
294 3287 330 3338 Ι.
390 3297 422 3336 ra
435 3284 460 3334 d
476 3280 481 3349 Ι
496 3297 735 3340 oeooonmxvr
747 3282 783 3331 Ι.
806 3274 1009 3332 11000οΧοἯ
1021 3281 1055 3331 B.

45 3352 160 3428 ΜΨ».
179 3371 230 3412 ona
245 3353 349 3424 occo
377 3351 437 3409 OVI
458 3350 571 3408 rHard.
611 3351 756 3421 nongenta
777 3347 933 3419 nonaginta
955 3364 1004 3432 seur
1017 3347 1056 3432 ‚M

45 3427 100 3480 edd.
111 3432 175 3482 eote
183 3426 276 3483 Hasd.
341 3432 376 3480 24
390 3423 538 3480 arboreum
550 3427 607 3477 Ka.
626 3437 715 3478 -orem
728 3437 752 3477 r.
769 3421 773 3488 Ι
789 3435 875 3490 purae
891 3419 1056 3489 Medusaeae

46 3499 105 3554 odo.
123 3500 184 3554 erit.
204 3501 239 3554 II
246 3515 275 3568 p.
286 3502 351 3555 527,
376 3497 436 3552 iure
453 3499 509 3550 ur.
537 3495 636 3549 trunoo
653 3510 678 3550 o.
696 3495 700 3562 Ι
716 3493 746 3547 et
763 3491 860 3547 enodis
878 3495 914 3545 Ι.
941 3491 972 3545 ab
987 3490 1056 3546 nodi

46 3584 68 3623 r.
94 3569 178 3627 enodi
194 3587 220 3627 o.
243 3571 249 3640 Ι
272 3569 407 3626 materiae
425 3567 512 3623 aedd
526 3571 587 3622 aab.
603 3565 769 3636 Madvigius
781 3564 799 3620 l.
814 3564 832 3618 l.
861 3561 914 3618 eri
931 3565 966 3616 1.
985 3561 1058 3618 erio

46 3641 185 3700 realem.
213 3713 215 3718 ,
259 3646 293 3697 ab
312 3641 358 3696 vel
377 3644 478 3698 om.
