<?xml version="1.0" encoding="UTF-8"?>
<!DOCTYPE html PUBLIC "-//W3C//DTD XHTML 1.0 Transitional//EN"
    "http://www.w3.org/TR/xhtml1/DTD/xhtml1-transitional.dtd">
<html xmlns="http://www.w3.org/1999/xhtml" xml:lang="en" lang="en">
 <head>
  <title>
</title>
<meta http-equiv="Content-Type" content="text/html;charset=utf-8" />
  <meta name='ocr-system' content='tesseract 3.04.00' />
  <meta name='ocr-capabilities' content='ocr_page ocr_carea ocr_par ocr_line ocrx_word'/>
</head>
<body>
  <div class='ocr_page' id='page_1' title='image "./naturalishistor02plingoog_0161.png"; bbox 0 0 2308 3936; ppageno 0'>
   <div class='ocr_carea' id='block_1_1' title="bbox 198 230 982 311">
    <p class='ocr_par' dir='ltr' id='par_1_1' title="bbox 198 230 982 311">
     <span class='ocr_line' id='line_1_1' title="bbox 198 230 982 311; baseline 0.008 -21"><span class='ocrx_word' id='word_1_1' title='bbox 198 243 436 292; x_wconf 67' lang='lat' dir='ltr'><strong>nummisma.</strong></span> <span class='ocrx_word' id='word_1_2' title='bbox 462 237 579 290; x_wconf 82' lang='lat' dir='ltr'><strong>rs-ce.</strong></span> <span class='ocrx_word' id='word_1_3' title='bbox 604 230 744 311; x_wconf 79' lang='lat' dir='ltr'><strong>(ra-21.)</strong></span> <span class='ocrx_word' id='word_1_4' title='bbox 942 232 982 296; x_wconf 86' lang='lat'><strong>81</strong></span> 
     </span>
    </p>
   </div>
   <div class='ocr_carea' id='block_1_2' title="bbox 16 397 1079 3443">
    <p class='ocr_par' dir='ltr' id='par_1_2' title="bbox 26 397 981 542">
     <span class='ocr_line' id='line_1_2' title="bbox 26 397 981 480; baseline 0.005 -22"><span class='ocrx_word' id='word_1_5' title='bbox 26 397 85 458; x_wconf 82' lang='lat' dir='ltr'><strong>decim</strong></span> <span class='ocrx_word' id='word_1_6' title='bbox 97 398 164 476; x_wconf 67' lang='lat' dir='ltr'><strong>signa</strong></span> <span class='ocrx_word' id='word_1_7' title='bbox 179 397 366 478; x_wconf 81' lang='lat' dir='ltr'><strong>triplicatum,</strong></span> <span class='ocrx_word' id='word_1_8' title='bbox 391 399 419 458; x_wconf 91' lang='lat' dir='ltr'><strong>in</strong></span> <span class='ocrx_word' id='word_1_9' title='bbox 435 417 490 478; x_wconf 87' lang='lat' dir='ltr'><strong>que</strong></span> <span class='ocrx_word' id='word_1_10' title='bbox 511 401 657 460; x_wconf 87' lang='lat' dir='ltr'><strong>sententia</strong></span> <span class='ocrx_word' id='word_1_11' title='bbox 673 408 703 460; x_wconf 90' lang='lat' dir='ltr'><strong>et</strong></span> <span class='ocrx_word' id='word_1_12' title='bbox 721 398 818 465; x_wconf 77' lang='lat' dir='ltr'><strong>Gallus</strong></span> <span class='ocrx_word' id='word_1_13' title='bbox 829 400 981 480; x_wconf 72' lang='lat' dir='ltr'><strong>Sulpicius</strong></span> 
     </span>
     <span class='ocr_line' id='line_1_3' title="bbox 27 485 154 542; baseline 0.016 -2"><span class='ocrx_word' id='word_1_14' title='bbox 27 485 154 542; x_wconf 84' lang='lat' dir='ltr'><strong>luituoster.</strong></span> 
     </span>
    </p>

    <p class='ocr_par' dir='ltr' id='par_1_3' title="bbox 16 563 1025 1324">
     <span class='ocr_line' id='line_1_4' title="bbox 63 563 1025 648; baseline 0.008 -22"><span class='ocrx_word' id='word_1_15' title='bbox 63 563 99 626; x_wconf 78' lang='grc'><strong>22.</strong></span> <span class='ocrx_word' id='word_1_16' title='bbox 114 563 187 647; x_wconf 77' lang='grc'>(20.)</span> <span class='ocrx_word' id='word_1_17' title='bbox 202 567 259 628; x_wconf 89' lang='lat' dir='ltr'><strong>Sed</strong></span> <span class='ocrx_word' id='word_1_18' title='bbox 273 566 457 646; x_wconf 79' lang='lat' dir='ltr'><strong>Pythagoras</strong></span> <span class='ocrx_word' id='word_1_19' title='bbox 473 567 617 638; x_wconf 77' lang='lat' dir='ltr'><strong>interdurn</strong></span> <span class='ocrx_word' id='word_1_20' title='bbox 632 587 670 630; x_wconf 88' lang='lat' dir='ltr'><strong>ex</strong></span> <span class='ocrx_word' id='word_1_21' title='bbox 683 570 791 635; x_wconf 74' lang='lat' dir='ltr'><strong>mimica</strong></span> <span class='ocrx_word' id='word_1_22' title='bbox 804 571 919 640; x_wconf 85' lang='lat' dir='ltr'><strong>ratione</strong></span> <span class='ocrx_word' id='word_1_23' title='bbox 934 582 1025 648; x_wconf 76' lang='lat' dir='ltr'><strong>apol</strong></span> 
     </span>
     <span class='ocr_line' id='line_1_5' title="bbox 27 651 982 732; baseline 0.002 -20"><span class='ocrx_word' id='word_1_24' title='bbox 27 651 81 729; x_wconf 87' lang='lat' dir='ltr'><strong>pellet</strong></span> <span class='ocrx_word' id='word_1_25' title='bbox 94 659 177 712; x_wconf 89' lang='lat' dir='ltr'><strong>tonum</strong></span> <span class='ocrx_word' id='word_1_26' title='bbox 190 662 326 732; x_wconf 88' lang='lat' dir='ltr'><strong>quamtum</strong></span> <span class='ocrx_word' id='word_1_27' title='bbox 342 653 418 713; x_wconf 89' lang='lat' dir='ltr'><strong>absit</strong></span> <span class='ocrx_word' id='word_1_28' title='bbox 435 671 450 712; x_wconf 86' lang='lat' dir='ltr'><strong>a</strong></span> <span class='ocrx_word' id='word_1_29' title='bbox 469 662 548 714; x_wconf 89' lang='lat' dir='ltr'><strong>terra</strong></span> <span class='ocrx_word' id='word_1_30' title='bbox 562 652 639 731; x_wconf 90' lang='lat' dir='ltr'><strong>luna,</strong></span> <span class='ocrx_word' id='word_1_31' title='bbox 658 653 694 714; x_wconf 90' lang='lat' dir='ltr'><strong>ab</strong></span> <span class='ocrx_word' id='word_1_32' title='bbox 712 672 747 714; x_wconf 90' lang='lat' dir='ltr'><strong>ea</strong></span> <span class='ocrx_word' id='word_1_33' title='bbox 759 654 794 714; x_wconf 89' lang='lat' dir='ltr'><strong>ad</strong></span> <span class='ocrx_word' id='word_1_34' title='bbox 807 653 982 714; x_wconf 82' lang='lat' dir='ltr'><strong>Mercurium</strong></span> 
     </span>
     <span class='ocr_line' id='line_1_6' title="bbox 16 735 984 816; baseline 0.004 -22"><span class='ocrx_word' id='word_1_35' title='bbox 16 735 123 800; x_wconf 77' lang='lat' dir='ltr'><strong>cdinddium</strong></span> <span class='ocrx_word' id='word_1_36' title='bbox 136 737 193 798; x_wconf 85' lang='lat' dir='ltr'><strong>eius</strong></span> <span class='ocrx_word' id='word_1_37' title='bbox 205 739 299 816; x_wconf 91' lang='lat' dir='ltr'><strong>spati,</strong></span> <span class='ocrx_word' id='word_1_38' title='bbox 320 747 351 796; x_wconf 90' lang='lat' dir='ltr'><strong>et</strong></span> <span class='ocrx_word' id='word_1_39' title='bbox 367 737 454 800; x_wconf 88' lang='lat' dir='ltr'><strong>abeo</strong></span> <span class='ocrx_word' id='word_1_40' title='bbox 471 736 666 800; x_wconf 78' lang='lat' dir='ltr'><strong>adveneram</strong></span> <span class='ocrx_word' id='word_1_41' title='bbox 684 738 749 800; x_wconf 85' lang='lat' dir='ltr'><strong>lere</strong></span> <span class='ocrx_word' id='word_1_42' title='bbox 765 737 948 815; x_wconf 84' lang='lat' dir='ltr'><strong>tantundem,</strong></span> <span class='ocrx_word' id='word_1_43' title='bbox 967 757 984 798; x_wconf 90' lang='lat' dir='ltr'><strong>a</strong></span> 
     </span>
     <span class='ocr_line' id='line_1_7' title="bbox 26 820 983 901; baseline 0.004 -23"><span class='ocrx_word' id='word_1_44' title='bbox 26 839 57 897; x_wconf 81' lang='lat' dir='ltr'><strong>qua</strong></span> <span class='ocrx_word' id='word_1_45' title='bbox 71 820 96 880; x_wconf 88' lang='lat' dir='ltr'><strong>cd</strong></span> <span class='ocrx_word' id='word_1_46' title='bbox 111 821 197 886; x_wconf 86' lang='lat' dir='ltr'><strong>solem</strong></span> <span class='ocrx_word' id='word_1_47' title='bbox 216 822 403 901; x_wconf 86' lang='lat' dir='ltr'><strong>sescuplum,</strong></span> <span class='ocrx_word' id='word_1_48' title='bbox 423 840 442 882; x_wconf 92' lang='lat' dir='ltr'><strong>a</strong></span> <span class='ocrx_word' id='word_1_49' title='bbox 464 821 529 882; x_wconf 87' lang='lat' dir='ltr'><strong>sole</strong></span> <span class='ocrx_word' id='word_1_50' title='bbox 546 822 587 882; x_wconf 89' lang='lat' dir='ltr'><strong>-ad</strong></span> <span class='ocrx_word' id='word_1_51' title='bbox 608 821 729 890; x_wconf 82' lang='lat' dir='ltr'><strong>Martem</strong></span> <span class='ocrx_word' id='word_1_52' title='bbox 751 831 866 899; x_wconf 92' lang='lat' dir='ltr'><strong>tonum,</strong></span> <span class='ocrx_word' id='word_1_53' title='bbox 888 822 983 882; x_wconf 87' lang='lat' dir='ltr'><strong>idest</strong></span> 
     </span>
     <span class='ocr_line' id='line_1_8' title="bbox 26 906 981 985; baseline 0.006 -25"><span class='ocrx_word' id='word_1_54' title='bbox 26 906 157 980; x_wconf 82' lang='lat' dir='ltr'><strong>pactumad</strong></span> <span class='ocrx_word' id='word_1_55' title='bbox 173 906 267 969; x_wconf 86' lang='lat' dir='ltr'><strong>lunam</strong></span> <span class='ocrx_word' id='word_1_56' title='bbox 285 925 302 966; x_wconf 90' lang='lat' dir='ltr'><strong>a</strong></span> <span class='ocrx_word' id='word_1_57' title='bbox 321 915 410 985; x_wconf 87' lang='lat' dir='ltr'><strong>terra,</strong></span> <span class='ocrx_word' id='word_1_58' title='bbox 434 907 469 968; x_wconf 89' lang='lat' dir='ltr'><strong>ab</strong></span> <span class='ocrx_word' id='word_1_59' title='bbox 494 925 531 968; x_wconf 93' lang='lat' dir='ltr'><strong>eo</strong></span> <span class='ocrx_word' id='word_1_60' title='bbox 547 907 582 968; x_wconf 91' lang='lat' dir='ltr'><strong>ad</strong></span> <span class='ocrx_word' id='word_1_61' title='bbox 598 906 699 968; x_wconf 88' lang='lat' dir='ltr'><strong>lovem</strong></span> <span class='ocrx_word' id='word_1_62' title='bbox 716 906 879 982; x_wconf 89' lang='lat' dir='ltr'><strong>dimidium,</strong></span> <span class='ocrx_word' id='word_1_63' title='bbox 896 915 931 967; x_wconf 84' lang='lat' dir='ltr'><strong>¹et</strong></span> <span class='ocrx_word' id='word_1_64' title='bbox 945 907 981 969; x_wconf 91' lang='lat' dir='ltr'><strong>ab</strong></span> 
     </span>
     <span class='ocr_line' id='line_1_9' title="bbox 24 988 980 1071; baseline 0.002 -24"><span class='ocrx_word' id='word_1_65' title='bbox 24 988 222 1058; x_wconf 62' lang='lat' dir='ltr'><strong>scribturnuun</strong></span> <span class='ocrx_word' id='word_1_66' title='bbox 234 991 405 1070; x_wconf 73' lang='lat' dir='ltr'><strong>dirmidium,</strong></span> <span class='ocrx_word' id='word_1_67' title='bbox 425 991 539 1060; x_wconf 81' lang='lat' dir='ltr'><strong>atinde</strong></span> <span class='ocrx_word' id='word_1_68' title='bbox 560 992 728 1071; x_wconf 87' lang='lat' dir='ltr'><strong>sescuplum</strong></span> <span class='ocrx_word' id='word_1_69' title='bbox 746 993 782 1052; x_wconf 88' lang='lat' dir='ltr'><strong>&#39;ad</strong></span> <span class='ocrx_word' id='word_1_70' title='bbox 801 992 980 1069; x_wconf 78' lang='lat' dir='ltr'><strong>signiferum.</strong></span> 
     </span>
     <span class='ocr_line' id='line_1_10' title="bbox 24 1075 983 1154; baseline 0.006 -24"><span class='ocrx_word' id='word_1_71' title='bbox 24 1075 45 1130; x_wconf 88' lang='lat' dir='ltr'><strong>ite</strong></span> <span class='ocrx_word' id='word_1_72' title='bbox 56 1078 231 1152; x_wconf 50' lang='lat' dir='ltr'><strong>septemstonis</strong></span> <span class='ocrx_word' id='word_1_73' title='bbox 246 1077 328 1142; x_wconf 84' lang='lat' dir='ltr'><strong>ellici</strong></span> <span class='ocrx_word' id='word_1_74' title='bbox 344 1094 426 1154; x_wconf 90' lang='lat' dir='ltr'><strong>quam</strong></span> <span class='ocrx_word' id='word_1_75' title='bbox 442 1075 582 1154; x_wconf 80' lang='lat' dir='ltr'><strong>diapason</strong></span> <span class='ocrx_word' id='word_1_76' title='bbox 598 1075 775 1139; x_wconf 80' lang='lat' dir='ltr'><strong>harmoniam</strong></span> <span class='ocrx_word' id='word_1_77' title='bbox 791 1085 908 1153; x_wconf 86' lang='lat' dir='ltr'><strong>vocant,</strong></span> <span class='ocrx_word' id='word_1_78' title='bbox 919 1075 983 1150; x_wconf 70' lang='lat' dir='ltr'><strong>⁸boc</strong></span> 
     </span>
     <span class='ocr_line' id='line_1_11' title="bbox 16 1160 982 1232; baseline 0.002 -16"><span class='ocrx_word' id='word_1_79' title='bbox 16 1165 49 1228; x_wconf 69' lang='lat' dir='ltr'><strong>‚ccl</strong></span> <span class='ocrx_word' id='word_1_80' title='bbox 59 1160 250 1222; x_wconf 77' lang='lat' dir='ltr'><strong>adversitatem</strong></span> <span class='ocrx_word' id='word_1_81' title='bbox 270 1171 457 1232; x_wconf 83' lang='lat' dir='ltr'><strong>conoentnus.</strong></span> <span class='ocrx_word' id='word_1_82' title='bbox 490 1162 519 1220; x_wconf 93' lang='lat' dir='ltr'><strong>in</strong></span> <span class='ocrx_word' id='word_1_83' title='bbox 536 1179 571 1220; x_wconf 92' lang='lat' dir='ltr'><strong>ea</strong></span> <span class='ocrx_word' id='word_1_84' title='bbox 591 1160 744 1222; x_wconf 79' lang='lat' dir='ltr'><strong>Saturnum</strong></span> <span class='ocrx_word' id='word_1_85' title='bbox 758 1160 850 1220; x_wconf 88' lang='lat' dir='ltr'><strong>Dorio</strong></span> <span class='ocrx_word' id='word_1_86' title='bbox 868 1160 982 1220; x_wconf 88' lang='lat' dir='ltr'><strong>moveri</strong></span> 
     </span>
     <span class='ocr_line' id='line_1_12' title="bbox 25 1241 983 1324; baseline 0.005 -25"><span class='ocrx_word' id='word_1_87' title='bbox 25 1241 139 1322; x_wconf 75' lang='lat' dir='ltr'><strong>phthongo,</strong></span> <span class='ocrx_word' id='word_1_88' title='bbox 153 1245 253 1306; x_wconf 88' lang='lat' dir='ltr'><strong>lovem</strong></span> <span class='ocrx_word' id='word_1_89' title='bbox 262 1245 406 1324; x_wconf 77' lang='lat' dir='ltr'><strong>Phrygio,</strong></span> <span class='ocrx_word' id='word_1_90' title='bbox 424 1255 454 1306; x_wconf 88' lang='lat' dir='ltr'><strong>et</strong></span> <span class='ocrx_word' id='word_1_91' title='bbox 469 1247 499 1306; x_wconf 92' lang='lat' dir='ltr'><strong>in</strong></span> <span class='ocrx_word' id='word_1_92' title='bbox 514 1244 637 1324; x_wconf 83' lang='lat' dir='ltr'><strong>reliquis</strong></span> <span class='ocrx_word' id='word_1_93' title='bbox 653 1245 768 1323; x_wconf 83' lang='lat' dir='ltr'><strong>similia,</strong></span> <span class='ocrx_word' id='word_1_94' title='bbox 788 1243 911 1305; x_wconf 89' lang='lat' dir='ltr'><strong>iucunda</strong></span> <span class='ocrx_word' id='word_1_95' title='bbox 925 1262 983 1304; x_wconf 91' lang='lat' dir='ltr'><strong>ma·</strong></span> 
     </span>
    </p>

    <p class='ocr_par' dir='ltr' id='par_1_4' title="bbox 23 1328 490 1405">
     <span class='ocr_line' id='line_1_13' title="bbox 23 1328 490 1405; baseline 0.017 -21"><span class='ocrx_word' id='word_1_96' title='bbox 23 1328 48 1402; x_wconf 82' lang='lat' dir='ltr'><strong>p&#39;s</strong></span> <span class='ocrx_word' id='word_1_97' title='bbox 60 1346 120 1405; x_wconf 89' lang='lat' dir='ltr'><strong>quam</strong></span> <span class='ocrx_word' id='word_1_98' title='bbox 130 1332 299 1392; x_wconf 88' lang='lat' dir='ltr'><strong>necessaria</strong></span> <span class='ocrx_word' id='word_1_99' title='bbox 318 1331 490 1400; x_wconf 70' lang='lat' dir='ltr'><strong>subtilitate.</strong></span> 
     </span>
    </p>

    <p class='ocr_par' dir='ltr' id='par_1_5' title="bbox 16 1410 1079 3443">
     <span class='ocr_line' id='line_1_14' title="bbox 58 1410 1025 1494; baseline 0.008 -21"><span class='ocrx_word' id='word_1_100' title='bbox 58 1410 93 1474; x_wconf 82' lang='lat'><strong>23.</strong></span> <span class='ocrx_word' id='word_1_101' title='bbox 115 1413 190 1493; x_wconf 81' lang='lat'>(21.)</span> <span class='ocrx_word' id='word_1_102' title='bbox 210 1416 342 1478; x_wconf 82' lang='lat' dir='ltr'><strong>Stadium</strong></span> <span class='ocrx_word' id='word_1_103' title='bbox 357 1425 472 1476; x_wconf 87' lang='lat' dir='ltr'><strong>centum</strong></span> <span class='ocrx_word' id='word_1_104' title='bbox 485 1417 589 1494; x_wconf 82' lang='lat' dir='ltr'><strong>viginti</strong></span> <span class='ocrx_word' id='word_1_105' title='bbox 611 1417 739 1494; x_wconf 90' lang='lat' dir='ltr'><strong>quinque</strong></span> <span class='ocrx_word' id='word_1_106' title='bbox 755 1423 875 1478; x_wconf 91' lang='lat' dir='ltr'><strong>nostros</strong></span> <span class='ocrx_word' id='word_1_107' title='bbox 892 1414 1025 1480; x_wconf 76' lang='lat' dir='ltr'><strong>elficitso</strong></span> 
     </span>
     <span class='ocr_line' id='line_1_15' title="bbox 24 1498 1079 1580; baseline 0.006 -27"><span class='ocrx_word' id='word_1_108' title='bbox 24 1513 110 1574; x_wconf 83' lang='lat' dir='ltr'><strong>pascuus,</strong></span> <span class='ocrx_word' id='word_1_109' title='bbox 122 1498 174 1560; x_wconf 89' lang='lat' dir='ltr'><strong>hoe</strong></span> <span class='ocrx_word' id='word_1_110' title='bbox 190 1509 237 1561; x_wconf 93' lang='lat' dir='ltr'><strong>est</strong></span> <span class='ocrx_word' id='word_1_111' title='bbox 249 1501 343 1580; x_wconf 87' lang='lat' dir='ltr'><strong>pedes</strong></span> <span class='ocrx_word' id='word_1_112' title='bbox 356 1509 515 1562; x_wconf 82' lang='lat' dir='ltr'><strong>sexcentos</strong></span> <span class='ocrx_word' id='word_1_113' title='bbox 527 1501 630 1576; x_wconf 77' lang='lat' dir='ltr'><strong>viginti</strong></span> <span class='ocrx_word' id='word_1_114' title='bbox 645 1501 784 1579; x_wconf 89' lang='lat' dir='ltr'><strong>quinque.</strong></span> <span class='ocrx_word' id='word_1_115' title='bbox 807 1499 981 1562; x_wconf 86' lang='lat' dir='ltr'><strong>Posidonius</strong></span> <span class='ocrx_word' id='word_1_116' title='bbox 1076 1505 1079 1510; x_wconf 88' lang='lat'>&#39;</span> 
     </span>
     <span class='ocr_line' id='line_1_16' title="bbox 16 1583 983 1664; baseline 0.005 -27"><span class='ocrx_word' id='word_1_117' title='bbox 16 1599 54 1646; x_wconf 64' lang='lat' dir='ltr'><strong>eron</strong></span> <span class='ocrx_word' id='word_1_118' title='bbox 66 1583 138 1644; x_wconf 85' lang='lat' dir='ltr'><strong>mnus</strong></span> <span class='ocrx_word' id='word_1_119' title='bbox 153 1584 343 1664; x_wconf 83' lang='lat' dir='ltr'><strong>quadraginta</strong></span> <span class='ocrx_word' id='word_1_120' title='bbox 366 1585 523 1646; x_wconf 89' lang='lat' dir='ltr'><strong>stadiorum</strong></span> <span class='ocrx_word' id='word_1_121' title='bbox 542 1592 652 1644; x_wconf 84' lang='lat' dir='ltr'><strong>aterna</strong></span> <span class='ocrx_word' id='word_1_122' title='bbox 669 1583 850 1648; x_wconf 85' lang='lat' dir='ltr'><strong>altitudinem</strong></span> <span class='ocrx_word' id='word_1_123' title='bbox 868 1603 936 1644; x_wconf 90' lang='lat' dir='ltr'><strong>esse</strong></span> <span class='ocrx_word' id='word_1_124' title='bbox 953 1585 983 1642; x_wconf 93' lang='lat' dir='ltr'><strong>in</strong></span> 
     </span>
     <span class='ocr_line' id='line_1_17' title="bbox 23 1667 983 1748; baseline 0.005 -27"><span class='ocrx_word' id='word_1_125' title='bbox 23 1681 71 1738; x_wconf 83' lang='lat' dir='ltr'><strong>qaam</strong></span> <span class='ocrx_word' id='word_1_126' title='bbox 82 1667 164 1732; x_wconf 90' lang='lat' dir='ltr'><strong>nubila</strong></span> <span class='ocrx_word' id='word_1_127' title='bbox 179 1688 212 1730; x_wconf 89' lang='lat' dir='ltr'><strong>ac</strong></span> <span class='ocrx_word' id='word_1_128' title='bbox 228 1672 313 1732; x_wconf 89' lang='lat' dir='ltr'><strong>venti</strong></span> <span class='ocrx_word' id='word_1_129' title='bbox 330 1670 481 1748; x_wconf 89' lang='lat' dir='ltr'><strong>nubesque</strong></span> <span class='ocrx_word' id='word_1_130' title='bbox 497 1669 681 1748; x_wconf 87' lang='lat' dir='ltr'><strong>per-veniant,</strong></span> <span class='ocrx_word' id='word_1_131' title='bbox 697 1668 763 1729; x_wconf 89' lang='lat' dir='ltr'><strong>inde</strong></span> <span class='ocrx_word' id='word_1_132' title='bbox 778 1686 880 1746; x_wconf 89' lang='lat' dir='ltr'><strong>paruum</strong></span> <span class='ocrx_word' id='word_1_133' title='bbox 900 1667 983 1745; x_wconf 91' lang='lat' dir='ltr'><strong>liqui·</strong></span> 
     </span>
     <span class='ocr_line' id='line_1_18' title="bbox 23 1747 984 1833; baseline 0.004 -27"><span class='ocrx_word' id='word_1_134' title='bbox 23 1747 100 1828; x_wconf 87' lang='lat' dir='ltr'><strong>dunque</strong></span> <span class='ocrx_word' id='word_1_135' title='bbox 113 1761 139 1813; x_wconf 90' lang='lat' dir='ltr'><strong>et</strong></span> <span class='ocrx_word' id='word_1_136' title='bbox 157 1755 379 1833; x_wconf 79' lang='lat' dir='ltr'><strong>inperturbatae</strong></span> <span class='ocrx_word' id='word_1_137' title='bbox 401 1755 474 1814; x_wconf 88' lang='lat' dir='ltr'><strong>lucis</strong></span> <span class='ocrx_word' id='word_1_138' title='bbox 494 1771 579 1830; x_wconf 88' lang='lat' dir='ltr'><strong>aera,</strong></span> <span class='ocrx_word' id='word_1_139' title='bbox 600 1753 654 1814; x_wconf 91' lang='lat' dir='ltr'><strong>sed</strong></span> <span class='ocrx_word' id='word_1_140' title='bbox 672 1772 688 1813; x_wconf 91' lang='lat' dir='ltr'><strong>a</strong></span> <span class='ocrx_word' id='word_1_141' title='bbox 704 1752 820 1812; x_wconf 91' lang='lat' dir='ltr'><strong>turbido</strong></span> <span class='ocrx_word' id='word_1_142' title='bbox 836 1752 873 1812; x_wconf 89' lang='lat' dir='ltr'><strong>ad</strong></span> <span class='ocrx_word' id='word_1_143' title='bbox 888 1751 984 1813; x_wconf 87' lang='lat' dir='ltr'><strong>lunam</strong></span> 
     </span>
     <span class='ocr_line' id='line_1_19' title="bbox 23 1835 982 1916; baseline 0.001 -23"><span class='ocrx_word' id='word_1_144' title='bbox 23 1835 215 1898; x_wconf 71' lang='lat' dir='ltr'><strong>alciencensem</strong></span> <span class='ocrx_word' id='word_1_145' title='bbox 241 1839 322 1911; x_wconf 80' lang='lat' dir='ltr'><strong>milia</strong></span> <span class='ocrx_word' id='word_1_146' title='bbox 336 1838 518 1916; x_wconf 81' lang='lat' dir='ltr'><strong>stadiorum,</strong></span> <span class='ocrx_word' id='word_1_147' title='bbox 543 1837 610 1901; x_wconf 87' lang='lat' dir='ltr'><strong>inde</strong></span> <span class='ocrx_word' id='word_1_148' title='bbox 631 1836 667 1899; x_wconf 92' lang='lat' dir='ltr'><strong>ad</strong></span> <span class='ocrx_word' id='word_1_149' title='bbox 689 1836 786 1900; x_wconf 86' lang='lat' dir='ltr'><strong>solem</strong></span> <span class='ocrx_word' id='word_1_150' title='bbox 808 1837 982 1915; x_wconf 78' lang='lat' dir='ltr'><strong>quinquiens</strong></span> 
     </span>
     <span class='ocr_line' id='line_1_20' title="bbox 23 1917 984 2004; baseline 0.007 -32"><span class='ocrx_word' id='word_1_151' title='bbox 23 1917 105 1998; x_wconf 87' lang='lat' dir='ltr'><strong>cidens,</strong></span> <span class='ocrx_word' id='word_1_152' title='bbox 124 1931 152 1984; x_wconf 87' lang='lat' dir='ltr'><strong>et</strong></span> <span class='ocrx_word' id='word_1_153' title='bbox 172 1925 269 2004; x_wconf 83' lang='lat' dir='ltr'><strong>spatio</strong></span> <span class='ocrx_word' id='word_1_154' title='bbox 294 1924 358 1987; x_wconf 87' lang='lat' dir='ltr'><strong>lieri</strong></span> <span class='ocrx_word' id='word_1_155' title='bbox 381 1932 412 1988; x_wconf 89' lang='lat' dir='ltr'><strong>at</strong></span> <span class='ocrx_word' id='word_1_156' title='bbox 430 1931 486 1984; x_wconf 88' lang='lat' dir='ltr'><strong>tam</strong></span> <span class='ocrx_word' id='word_1_157' title='bbox 501 1924 631 1984; x_wconf 89' lang='lat' dir='ltr'><strong>inmensa</strong></span> <span class='ocrx_word' id='word_1_158' title='bbox 651 1923 715 1983; x_wconf 85' lang='lat' dir='ltr'><strong>eius</strong></span> <span class='ocrx_word' id='word_1_159' title='bbox 734 1921 901 2000; x_wconf 75' lang='lat' dir='ltr'><strong>magnitudo</strong></span> <span class='ocrx_word' id='word_1_160' title='bbox 924 1936 984 1980; x_wconf 91' lang='lat' dir='ltr'><strong>nom</strong></span> 
     </span>
     <span class='ocr_line' id='line_1_21' title="bbox 16 2005 984 2088; baseline -0.002 -23"><span class='ocrx_word' id='word_1_161' title='bbox 16 2013 84 2064; x_wconf 79' lang='lat' dir='ltr'><strong>cerret</strong></span> <span class='ocrx_word' id='word_1_162' title='bbox 101 2015 193 2069; x_wconf 88' lang='lat' dir='ltr'><strong>terras.</strong></span> <span class='ocrx_word' id='word_1_163' title='bbox 225 2008 330 2088; x_wconf 86' lang='lat' dir='ltr'><strong>plures</strong></span> <span class='ocrx_word' id='word_1_164' title='bbox 346 2017 443 2069; x_wconf 86' lang='lat' dir='ltr'><strong>autem</strong></span> <span class='ocrx_word' id='word_1_165' title='bbox 460 2007 553 2070; x_wconf 87' lang='lat' dir='ltr'><strong>nubes</strong></span> <span class='ocrx_word' id='word_1_166' title='bbox 571 2009 728 2085; x_wconf 81' lang='lat' dir='ltr'><strong>nongentis</strong></span> <span class='ocrx_word' id='word_1_167' title='bbox 751 2007 781 2066; x_wconf 91' lang='lat' dir='ltr'><strong>in</strong></span> <span class='ocrx_word' id='word_1_168' title='bbox 804 2005 984 2066; x_wconf 89' lang='lat' dir='ltr'><strong>altitudinem</strong></span> 
     </span>
     <span class='ocr_line' id='line_1_22' title="bbox 25 2086 984 2172; baseline 0 -24"><span class='ocrx_word' id='word_1_169' title='bbox 25 2086 83 2148; x_wconf 74' lang='lat' dir='ltr'><strong>enee</strong></span> <span class='ocrx_word' id='word_1_170' title='bbox 98 2091 290 2168; x_wconf 84' lang='lat' dir='ltr'><strong>prodiderunt.</strong></span> <span class='ocrx_word' id='word_1_171' title='bbox 328 2095 501 2172; x_wconf 68' lang='lat' dir='ltr'><strong>mconperta</strong></span> <span class='ocrx_word' id='word_1_172' title='bbox 522 2092 595 2155; x_wconf 88' lang='lat' dir='ltr'><strong>haec</strong></span> <span class='ocrx_word' id='word_1_173' title='bbox 617 2101 648 2152; x_wconf 91' lang='lat' dir='ltr'><strong>et</strong></span> <span class='ocrx_word' id='word_1_174' title='bbox 669 2089 901 2167; x_wconf 68' lang='lat' dir='ltr'><strong>inextricabilia,</strong></span> <span class='ocrx_word' id='word_1_175' title='bbox 930 2087 984 2150; x_wconf 88' lang='lat' dir='ltr'><strong>sed</strong></span> 
     </span>
     <span class='ocr_line' id='line_1_23' title="bbox 24 2173 983 2257; baseline 0.006 -29"><span class='ocrx_word' id='word_1_176' title='bbox 24 2173 135 2253; x_wconf 86' lang='lat' dir='ltr'><strong>prodenda,</strong></span> <span class='ocrx_word' id='word_1_177' title='bbox 154 2179 221 2256; x_wconf 87' lang='lat' dir='ltr'><strong>quia</strong></span> <span class='ocrx_word' id='word_1_178' title='bbox 237 2186 306 2239; x_wconf 90' lang='lat' dir='ltr'><strong>sunt</strong></span> <span class='ocrx_word' id='word_1_179' title='bbox 321 2177 448 2257; x_wconf 82' lang='lat' dir='ltr'><strong>prodita,</strong></span> <span class='ocrx_word' id='word_1_180' title='bbox 464 2179 494 2238; x_wconf 92' lang='lat' dir='ltr'><strong>in</strong></span> <span class='ocrx_word' id='word_1_181' title='bbox 510 2178 574 2256; x_wconf 91' lang='lat' dir='ltr'><strong>quis</strong></span> <span class='ocrx_word' id='word_1_182' title='bbox 591 2185 757 2248; x_wconf 76' lang='lat' dir='ltr'><strong>tamenpne</strong></span> <span class='ocrx_word' id='word_1_183' title='bbox 771 2177 847 2236; x_wconf 91' lang='lat' dir='ltr'><strong>ratio</strong></span> <span class='ocrx_word' id='word_1_184' title='bbox 863 2193 983 2252; x_wconf 83' lang='lat' dir='ltr'><strong>geome-</strong></span> 
     </span>
     <span class='ocr_line' id='line_1_24' title="bbox 24 2257 982 2340; baseline 0.009 -31"><span class='ocrx_word' id='word_1_185' title='bbox 24 2257 75 2316; x_wconf 86' lang='lat' dir='ltr'><strong>tricae</strong></span> <span class='ocrx_word' id='word_1_186' title='bbox 97 2261 278 2332; x_wconf 83' lang='lat' dir='ltr'><strong>collectionis·</strong></span> <span class='ocrx_word' id='word_1_187' title='bbox 298 2280 449 2340; x_wconf 85' lang='lat' dir='ltr'><strong>numquam</strong></span> <span class='ocrx_word' id='word_1_188' title='bbox 468 2261 588 2323; x_wconf 81' lang='lat' dir='ltr'><strong>dallacis</strong></span> <span class='ocrx_word' id='word_1_189' title='bbox 614 2262 711 2340; x_wconf 88' lang='lat' dir='ltr'><strong>possit</strong></span> <span class='ocrx_word' id='word_1_190' title='bbox 739 2278 797 2326; x_wconf 94' lang='lat' dir='ltr'><strong>non</strong></span> <span class='ocrx_word' id='word_1_191' title='bbox 822 2259 982 2339; x_wconf 78' lang='lat' dir='ltr'><strong>repudiari,</strong></span> 
     </span>
     <span class='ocr_line' id='line_1_25' title="bbox 23 2341 984 2425; baseline 0.006 -26"><span class='ocrx_word' id='word_1_192' title='bbox 23 2341 75 2402; x_wconf 83' lang='lat' dir='ltr'><strong>siem</strong></span> <span class='ocrx_word' id='word_1_193' title='bbox 91 2343 169 2418; x_wconf 75' lang='lat' dir='ltr'><strong>libeat</strong></span> <span class='ocrx_word' id='word_1_194' title='bbox 189 2347 278 2410; x_wconf 88' lang='lat' dir='ltr'><strong>altius</strong></span> <span class='ocrx_word' id='word_1_195' title='bbox 295 2349 351 2408; x_wconf 90' lang='lat' dir='ltr'><strong>ista</strong></span> <span class='ocrx_word' id='word_1_196' title='bbox 369 2347 526 2425; x_wconf 82' lang='lat' dir='ltr'><strong>persequi,</strong></span> <span class='ocrx_word' id='word_1_197' title='bbox 550 2363 605 2406; x_wconf 89' lang='lat' dir='ltr'><strong>nec</strong></span> <span class='ocrx_word' id='word_1_198' title='bbox 626 2353 658 2406; x_wconf 95' lang='lat' dir='ltr'><strong>ut</strong></span> <span class='ocrx_word' id='word_1_199' title='bbox 678 2363 814 2409; x_wconf 87' lang='lat' dir='ltr'><strong>mensura</strong></span> <span class='ocrx_word' id='word_1_200' title='bbox 831 2344 885 2423; x_wconf 66' lang='lat' dir='ltr'><strong>,qd</strong></span> <span class='ocrx_word' id='word_1_201' title='bbox 907 2345 984 2407; x_wconf 89' lang='lat' dir='ltr'><strong>enim</strong></span> 
     </span>
     <span class='ocr_line' id='line_1_26' title="bbox 16 2424 981 2510; baseline 0.007 -29"><span class='ocrx_word' id='word_1_202' title='bbox 16 2424 67 2484; x_wconf 81' lang='lat' dir='ltr'><strong>uelle</strong></span> <span class='ocrx_word' id='word_1_203' title='bbox 80 2447 156 2506; x_wconf 87' lang='lat' dir='ltr'><strong>paene</strong></span> <span class='ocrx_word' id='word_1_204' title='bbox 170 2433 316 2492; x_wconf 86' lang='lat' dir='ltr'><strong>dementis</strong></span> <span class='ocrx_word' id='word_1_205' title='bbox 333 2433 375 2492; x_wconf 94' lang='lat' dir='ltr'><strong>oti</strong></span> <span class='ocrx_word' id='word_1_206' title='bbox 392 2433 473 2510; x_wconf 88' lang='lat' dir='ltr'><strong>est),</strong></span> <span class='ocrx_word' id='word_1_207' title='bbox 489 2430 542 2492; x_wconf 87' lang='lat' dir='ltr'><strong>sed</strong></span> <span class='ocrx_word' id='word_1_208' title='bbox 559 2437 590 2500; x_wconf 87' lang='lat' dir='ltr'><strong>ut</strong></span> <span class='ocrx_word' id='word_1_209' title='bbox 610 2437 718 2490; x_wconf 90' lang='lat' dir='ltr'><strong>tantum</strong></span> <span class='ocrx_word' id='word_1_210' title='bbox 733 2429 896 2490; x_wconf 86' lang='lat' dir='ltr'><strong>aestimatio</strong></span> <span class='ocrx_word' id='word_1_211' title='bbox 913 2445 981 2488; x_wconf 90' lang='lat' dir='ltr'><strong>com·</strong></span> 
     </span>
     <span class='ocr_line' id='line_1_27' title="bbox 22 2507 1023 2590; baseline 0.006 -25"><span class='ocrx_word' id='word_1_212' title='bbox 22 2507 100 2574; x_wconf 77' lang='lat' dir='ltr'><strong>iactandi</strong></span> <span class='ocrx_word' id='word_1_213' title='bbox 114 2525 223 2578; x_wconf 85' lang='lat' dir='ltr'><strong>constet</strong></span> <span class='ocrx_word' id='word_1_214' title='bbox 239 2519 347 2580; x_wconf 88' lang='lat' dir='ltr'><strong>animo.</strong></span> <span class='ocrx_word' id='word_1_215' title='bbox 373 2514 445 2576; x_wconf 91' lang='lat' dir='ltr'><strong>Nam</strong></span> <span class='ocrx_word' id='word_1_216' title='bbox 463 2515 682 2586; x_wconf 87' lang='lat' dir='ltr'><strong>oum-trecentis</strong></span> <span class='ocrx_word' id='word_1_217' title='bbox 698 2514 899 2590; x_wconf 79' lang='lat' dir='ltr'><strong>sexagintaet</strong></span> <span class='ocrx_word' id='word_1_218' title='bbox 914 2513 978 2572; x_wconf 88' lang='lat' dir='ltr'><strong>lere</strong></span> <span class='ocrx_word' id='word_1_219' title='bbox 989 2519 1023 2572; x_wconf 80' lang='grc'><strong>86</strong></span> 
     </span>
     <span class='ocr_line' id='line_1_28' title="bbox 24 2598 982 2676; baseline 0.005 -26"><span class='ocrx_word' id='word_1_220' title='bbox 24 2601 170 2674; x_wconf 73' lang='lat' dir='ltr'><strong>expertibus</strong></span> <span class='ocrx_word' id='word_1_221' title='bbox 187 2601 271 2664; x_wconf 91' lang='lat' dir='ltr'><strong>orbis</strong></span> <span class='ocrx_word' id='word_1_222' title='bbox 290 2599 365 2662; x_wconf 88' lang='lat' dir='ltr'><strong>solis</strong></span> <span class='ocrx_word' id='word_1_223' title='bbox 382 2619 421 2661; x_wconf 84' lang='lat' dir='ltr'><strong>ex</strong></span> <span class='ocrx_word' id='word_1_224' title='bbox 435 2601 557 2666; x_wconf 79' lang='lat' dir='ltr'><strong>circuitu</strong></span> <span class='ocrx_word' id='word_1_225' title='bbox 572 2599 636 2668; x_wconf 87' lang='lat' dir='ltr'><strong>aius</strong></span> <span class='ocrx_word' id='word_1_226' title='bbox 648 2605 913 2676; x_wconf 66' lang='lat' dir='ltr'><strong>patereappareat</strong></span> <span class='ocrx_word' id='word_1_227' title='bbox 928 2598 982 2656; x_wconf 92' lang='lat' dir='ltr'><strong>cir·</strong></span> 
     </span>
     <span class='ocr_line' id='line_1_29' title="bbox 24 2677 983 2766; baseline -0.006 -20"><span class='ocrx_word' id='word_1_228' title='bbox 24 2677 78 2740; x_wconf 73' lang='lat' dir='ltr'><strong>illua</strong></span> <span class='ocrx_word' id='word_1_229' title='bbox 91 2701 135 2762; x_wconf 87' lang='lat' dir='ltr'><strong>per</strong></span> <span class='ocrx_word' id='word_1_230' title='bbox 149 2703 233 2766; x_wconf 88' lang='lat' dir='ltr'><strong>quem</strong></span> <span class='ocrx_word' id='word_1_231' title='bbox 249 2694 347 2762; x_wconf 89' lang='lat' dir='ltr'><strong>meat,</strong></span> <span class='ocrx_word' id='word_1_232' title='bbox 366 2703 546 2764; x_wconf 81' lang='lat' dir='ltr'><strong>semperque</strong></span> <span class='ocrx_word' id='word_1_233' title='bbox 557 2683 716 2754; x_wconf 84' lang='lat' dir='ltr'><strong>dimetiens</strong></span> <span class='ocrx_word' id='word_1_234' title='bbox 737 2684 852 2754; x_wconf 81' lang='lat' dir='ltr'><strong>tertiam</strong></span> <span class='ocrx_word' id='word_1_235' title='bbox 867 2689 983 2760; x_wconf 69' lang='lat' dir='ltr'><strong>¹partem</strong></span> 
     </span>
     <span class='ocr_line' id='line_1_30' title="bbox 24 2764 984 2849; baseline 0.002 -28"><span class='ocrx_word' id='word_1_236' title='bbox 24 2764 116 2828; x_wconf 82' lang='lat' dir='ltr'><strong>auditune</strong></span> <span class='ocrx_word' id='word_1_237' title='bbox 133 2780 160 2832; x_wconf 89' lang='lat' dir='ltr'><strong>et</strong></span> <span class='ocrx_word' id='word_1_238' title='bbox 175 2773 284 2834; x_wconf 87' lang='lat' dir='ltr'><strong>tertiae</strong></span> <span class='ocrx_word' id='word_1_239' title='bbox 307 2769 509 2849; x_wconf 79' lang='lat' dir='ltr'><strong>paulominus</strong></span> <span class='ocrx_word' id='word_1_240' title='bbox 532 2770 683 2847; x_wconf 81' lang='lat' dir='ltr'><strong>septimam</strong></span> <span class='ocrx_word' id='word_1_241' title='bbox 700 2767 839 2844; x_wconf 80' lang='lat' dir='ltr'><strong>colligat,</strong></span> <span class='ocrx_word' id='word_1_242' title='bbox 853 2773 984 2844; x_wconf 57' lang='lat' dir='ltr'><strong>,apparet</strong></span> 
     </span>
     <span class='ocr_line' id='line_1_31' title="bbox 16 2843 983 2933; baseline 0.007 -32"><span class='ocrx_word' id='word_1_243' title='bbox 16 2843 95 2926; x_wconf 82' lang='lat' dir='ltr'><strong>elempta</strong></span> <span class='ocrx_word' id='word_1_244' title='bbox 115 2855 171 2916; x_wconf 88' lang='lat' dir='ltr'><strong>eius</strong></span> <span class='ocrx_word' id='word_1_245' title='bbox 195 2855 315 2926; x_wconf 78' lang='lat' dir='ltr'><strong>dimidia</strong></span> <span class='ocrx_word' id='word_1_246' title='bbox 342 2855 494 2933; x_wconf 80' lang='lat' dir='ltr'><strong>(qnoniam</strong></span> <span class='ocrx_word' id='word_1_247' title='bbox 522 2861 602 2914; x_wconf 83' lang='lat' dir='ltr'><strong>terra</strong></span> <span class='ocrx_word' id='word_1_248' title='bbox 626 2851 766 2914; x_wconf 87' lang='lat' dir='ltr'><strong>centralis</strong></span> <span class='ocrx_word' id='word_1_249' title='bbox 792 2848 983 2926; x_wconf 84' lang='lat' dir='ltr'><strong>interveniat)</strong></span> 
     </span>
     <span class='ocr_line' id='line_1_32' title="bbox 26 2936 985 3020; baseline 0 -26"><span class='ocrx_word' id='word_1_250' title='bbox 26 2941 93 2994; x_wconf 81' lang='lat' dir='ltr'><strong>aram</strong></span> <span class='ocrx_word' id='word_1_251' title='bbox 112 2939 170 3001; x_wconf 86' lang='lat' dir='ltr'><strong>lere</strong></span> <span class='ocrx_word' id='word_1_252' title='bbox 191 2949 308 3020; x_wconf 89' lang='lat' dir='ltr'><strong>partem</strong></span> <span class='ocrx_word' id='word_1_253' title='bbox 329 2938 413 3000; x_wconf 88' lang='lat' dir='ltr'><strong>buius</strong></span> <span class='ocrx_word' id='word_1_254' title='bbox 434 2939 557 3000; x_wconf 89' lang='lat' dir='ltr'><strong>inmensi</strong></span> <span class='ocrx_word' id='word_1_255' title='bbox 579 2939 654 3016; x_wconf 88' lang='lat' dir='ltr'><strong>spati</strong></span> <span class='ocrx_word' id='word_1_256' title='bbox 676 2936 754 3016; x_wconf 91' lang='lat' dir='ltr'><strong>quod</strong></span> <span class='ocrx_word' id='word_1_257' title='bbox 778 2937 856 3000; x_wconf 88' lang='lat' dir='ltr'><strong>circa</strong></span> <span class='ocrx_word' id='word_1_258' title='bbox 877 2944 985 3000; x_wconf 81' lang='lat' dir='ltr'><strong>terram</strong></span> 
     </span>
     <span class='ocr_line' id='line_1_33' title="bbox 26 3017 983 3103; baseline 0.008 -33"><span class='ocrx_word' id='word_1_259' title='bbox 26 3017 86 3078; x_wconf 85' lang='lat' dir='ltr'><strong>circuli</strong></span> <span class='ocrx_word' id='word_1_260' title='bbox 97 3023 192 3086; x_wconf 90' lang='lat' dir='ltr'><strong>solaris</strong></span> <span class='ocrx_word' id='word_1_261' title='bbox 206 3027 305 3087; x_wconf 87' lang='lat' dir='ltr'><strong>animo</strong></span> <span class='ocrx_word' id='word_1_262' title='bbox 325 3021 685 3103; x_wconf 82' lang='lat' dir='ltr'><strong>conprehenditrmdnesse</strong></span> <span class='ocrx_word' id='word_1_263' title='bbox 695 3019 859 3082; x_wconf 89' lang='lat' dir='ltr'><strong>altitudinis</strong></span> <span class='ocrx_word' id='word_1_264' title='bbox 875 3019 983 3098; x_wconf 89' lang='lat' dir='ltr'><strong>spatio,</strong></span> 
     </span>
     <span class='ocr_line' id='line_1_34' title="bbox 26 3095 985 3188; baseline 0.005 -30"><span class='ocrx_word' id='word_1_265' title='bbox 26 3095 74 3162; x_wconf 85' lang='lat' dir='ltr'><strong>lunae</strong></span> <span class='ocrx_word' id='word_1_266' title='bbox 91 3125 152 3169; x_wconf 81' lang='lat' dir='ltr'><strong>vero</strong></span> <span class='ocrx_word' id='word_1_267' title='bbox 169 3109 389 3188; x_wconf 88' lang='lat' dir='ltr'><strong>duodecimam,</strong></span> <span class='ocrx_word' id='word_1_268' title='bbox 411 3109 546 3186; x_wconf 90' lang='lat' dir='ltr'><strong>quoniam</strong></span> <span class='ocrx_word' id='word_1_269' title='bbox 568 3115 649 3166; x_wconf 89' lang='lat' dir='ltr'><strong>tanto</strong></span> <span class='ocrx_word' id='word_1_270' title='bbox 668 3106 807 3166; x_wconf 89' lang='lat' dir='ltr'><strong>breviore</strong></span> <span class='ocrx_word' id='word_1_271' title='bbox 833 3121 916 3183; x_wconf 88' lang='lat' dir='ltr'><strong>quam</strong></span> <span class='ocrx_word' id='word_1_272' title='bbox 938 3103 985 3168; x_wconf 90' lang='lat' dir='ltr'><strong>sol</strong></span> 
     </span>
     <span class='ocr_line' id='line_1_35' title="bbox 24 3185 1027 3268; baseline 0.004 -20"><span class='ocrx_word' id='word_1_273' title='bbox 24 3185 92 3248; x_wconf 79' lang='lat' dir='ltr'><strong>emen</strong></span> <span class='ocrx_word' id='word_1_274' title='bbox 106 3197 194 3256; x_wconf 88' lang='lat' dir='ltr'><strong>currit.</strong></span> <span class='ocrx_word' id='word_1_275' title='bbox 223 3197 266 3258; x_wconf 90' lang='lat' dir='ltr'><strong>ita</strong></span> <span class='ocrx_word' id='word_1_276' title='bbox 283 3195 474 3260; x_wconf 69' lang='lat' dir='ltr'><strong>derisamin</strong></span> <span class='ocrx_word' id='word_1_277' title='bbox 487 3191 586 3268; x_wconf 76' lang='lat' dir='ltr'><strong>medio</strong></span> <span class='ocrx_word' id='word_1_278' title='bbox 597 3191 675 3252; x_wconf 83' lang='lat' dir='ltr'><strong>solis</strong></span> <span class='ocrx_word' id='word_1_279' title='bbox 688 3209 725 3264; x_wconf 83' lang='lat' dir='ltr'><strong>ac</strong></span> <span class='ocrx_word' id='word_1_280' title='bbox 739 3198 847 3253; x_wconf 86' lang='lat' dir='ltr'><strong>tenrae.</strong></span> <span class='ocrx_word' id='word_1_281' title='bbox 880 3189 984 3249; x_wconf 85' lang='lat' dir='ltr'><strong>Mirum</strong></span> <span class='ocrx_word' id='word_1_282' title='bbox 993 3199 1027 3252; x_wconf 82' lang='grc'><strong>87</strong></span> 
     </span>
     <span class='ocr_line' id='line_1_36' title="bbox 16 3274 985 3359; baseline -0.012 -15"><span class='ocrx_word' id='word_1_283' title='bbox 16 3279 185 3351; x_wconf 66' lang='lat' dir='ltr'><strong>&#39;lulittaedat</strong></span> <span class='ocrx_word' id='word_1_284' title='bbox 205 3280 380 3359; x_wconf 83' lang='lat' dir='ltr'><strong>improbitas</strong></span> <span class='ocrx_word' id='word_1_285' title='bbox 402 3277 630 3342; x_wconf 83' lang='lat' dir='ltr'><strong>cordisdrumani</strong></span> <span class='ocrx_word' id='word_1_286' title='bbox 650 3274 890 3355; x_wconf 86' lang='lat' dir='ltr'><strong>parvoloaliquo</strong></span> <span class='ocrx_word' id='word_1_287' title='bbox 904 3275 985 3334; x_wconf 72' lang='lat' dir='ltr'><strong>,invi-</strong></span> 
     </span>
     <span class='ocr_line' id='line_1_37' title="bbox 28 3359 985 3443; baseline 0.008 -33"><span class='ocrx_word' id='word_1_288' title='bbox 28 3359 59 3414; x_wconf 84' lang='lat' dir='ltr'><strong>tete</strong></span> <span class='ocrx_word' id='word_1_289' title='bbox 69 3377 199 3443; x_wconf 86' lang='lat' dir='ltr'><strong>successu,</strong></span> <span class='ocrx_word' id='word_1_290' title='bbox 222 3367 300 3428; x_wconf 89' lang='lat' dir='ltr'><strong>sicut</strong></span> <span class='ocrx_word' id='word_1_291' title='bbox 323 3367 459 3441; x_wconf 78' lang='lat' dir='ltr'><strong>imsupca</strong></span> <span class='ocrx_word' id='word_1_292' title='bbox 482 3362 566 3422; x_wconf 89' lang='lat' dir='ltr'><strong>dictis</strong></span> <span class='ocrx_word' id='word_1_293' title='bbox 590 3363 775 3430; x_wconf 78' lang='lat' dir='ltr'><strong>occasionem</strong></span> <span class='ocrx_word' id='word_1_294' title='bbox 799 3359 985 3438; x_wconf 87' lang='lat' dir='ltr'><strong>inpudentiae</strong></span> 
     </span>
    </p>
   </div>
   <div class='ocr_carea' id='block_1_3' title="bbox 28 3441 987 3614">
    <p class='ocr_par' dir='ltr' id='par_1_6' title="bbox 28 3441 987 3614">
     <span class='ocr_line' id='line_1_38' title="bbox 28 3441 987 3530; baseline 0.008 -37"><span class='ocrx_word' id='word_1_295' title='bbox 28 3441 71 3500; x_wconf 85' lang='lat' dir='ltr'><strong>ratio</strong></span> <span class='ocrx_word' id='word_1_296' title='bbox 84 3443 195 3526; x_wconf 82' lang='lat' dir='ltr'><strong>largitur.</strong></span> <span class='ocrx_word' id='word_1_297' title='bbox 227 3452 353 3530; x_wconf 89' lang='lat' dir='ltr'><strong>ausique</strong></span> <span class='ocrx_word' id='word_1_298' title='bbox 369 3447 501 3508; x_wconf 86' lang='lat' dir='ltr'><strong>divinare</strong></span> <span class='ocrx_word' id='word_1_299' title='bbox 515 3445 590 3509; x_wconf 88' lang='lat' dir='ltr'><strong>sodis</strong></span> <span class='ocrx_word' id='word_1_300' title='bbox 606 3446 640 3505; x_wconf 89' lang='lat' dir='ltr'><strong>ad</strong></span> <span class='ocrx_word' id='word_1_301' title='bbox 650 3455 763 3506; x_wconf 90' lang='lat' dir='ltr'><strong>terram</strong></span> <span class='ocrx_word' id='word_1_302' title='bbox 778 3445 873 3523; x_wconf 87' lang='lat' dir='ltr'><strong>spatia</strong></span> <span class='ocrx_word' id='word_1_303' title='bbox 885 3441 987 3504; x_wconf 91' lang='lat' dir='ltr'><strong>eadem</strong></span> 
     </span>
     <span class='ocr_line' id='line_1_39' title="bbox 28 3521 987 3614; baseline 0.004 -30"><span class='ocrx_word' id='word_1_304' title='bbox 28 3521 138 3592; x_wconf 85' lang='lat' dir='ltr'><strong>tdcaelum</strong></span> <span class='ocrx_word' id='word_1_305' title='bbox 148 3535 411 3614; x_wconf 33' lang='lat' dir='ltr'><strong>,agont‚.quoniam</strong></span> <span class='ocrx_word' id='word_1_306' title='bbox 426 3534 465 3594; x_wconf 88' lang='lat' dir='ltr'><strong>sit</strong></span> <span class='ocrx_word' id='word_1_307' title='bbox 479 3531 590 3608; x_wconf 72' lang='lat' dir='ltr'><strong>medius</strong></span> <span class='ocrx_word' id='word_1_308' title='bbox 602 3530 670 3609; x_wconf 79' lang='lat' dir='ltr'><strong>sol,</strong></span> <span class='ocrx_word' id='word_1_309' title='bbox 685 3538 723 3600; x_wconf 91' lang='lat' dir='ltr'><strong>ut</strong></span> <span class='ocrx_word' id='word_1_310' title='bbox 739 3531 872 3608; x_wconf 90' lang='lat' dir='ltr'><strong>protinus</strong></span> <span class='ocrx_word' id='word_1_311' title='bbox 889 3526 987 3588; x_wconf 90' lang='lat' dir='ltr'><strong>mundi</strong></span> 
     </span>
    </p>
   </div>
   <div class='ocr_carea' id='block_1_4' title="bbox 57 3637 313 3696">
    <p class='ocr_par' dir='ltr' id='par_1_7' title="bbox 57 3637 313 3696">
     <span class='ocr_line' id='line_1_40' title="bbox 57 3637 313 3696; baseline 0.027 -14"><span class='ocrx_word' id='word_1_312' title='bbox 57 3641 114 3682; x_wconf 74' lang='lat' dir='ltr'><strong>tainu</strong></span> <span class='ocrx_word' id='word_1_313' title='bbox 128 3649 183 3696; x_wconf 76' lang='lat' dir='ltr'><strong>ner,</strong></span> <span class='ocrx_word' id='word_1_314' title='bbox 200 3652 275 3688; x_wconf 81' lang='lat' dir='ltr'><strong>men.</strong></span> <span class='ocrx_word' id='word_1_315' title='bbox 292 3637 313 3688; x_wconf 92' lang='lat'><strong>1.</strong></span> 
     </span>
    </p>
   </div>
   <div class='ocr_carea' id='block_1_5' title="bbox 0 0 1161 3936">
    <p class='ocr_par' dir='ltr' id='par_1_8' title="bbox 0 0 1161 3936">
     <span class='ocr_line' id='line_1_41' title="bbox 0 0 1161 3936; baseline 0 0"><span class='ocrx_word' id='word_1_316' title='bbox 0 0 1161 3936; x_wconf 95' lang='lat' dir='ltr'><strong> </strong></span> 
     </span>
    </p>
   </div>
  </div>
 </body>
</html>
