2572 3936
345 174 428 228 Nau.
447 175 540 229 uisu.
559 175 585 228 x
603 182 708 230 35-39
728 179 854 247 (oa-as)
1046 179 1109 244 185

11 339 17 378 ι
97 323 227 384 denariis
258 335 345 384 cccc
376 323 508 402 singulae
542 325 625 403 paria
659 324 835 406 venditavit,
871 334 905 386 ut
934 326 972 388 M.
1000 325 1109 388 Varro

11 429 16 466 r
97 411 199 472 tradit.
247 413 319 491 quin
346 420 378 473 et
403 415 530 492 patriam
557 412 749 488 nobilitavere
780 416 810 474 in
839 413 996 494 Campania
1023 435 1108 495 gran-

11 519 17 558 s
96 500 235 560 dissimac
258 503 415 581 provenire
439 503 630 562 existimatae.

164 582 239 670 (54)
267 587 380 650 Harum
402 589 516 650 volatus
538 591 570 650 in
593 592 811 670 reputationem
835 599 1003 653 ceterarum
1026 591 1160 672 quo-112

11 699 17 738 r
67 692 155 757 oque
178 677 332 739 volucrum
354 677 477 758 inpellit.
523 672 582 740 38.
615 677 761 740 Omnibus
784 679 958 741 animalibus
986 680 1109 760 reliquis

11 789 16 826 r
96 773 198 827 certus
227 769 368 828 etunius
395 766 475 827 modi
503 774 533 826 et
559 769 590 826 in
618 786 672 828 suo
700 769 809 847 cuique
836 787 945 848 genere
973 771 1109 830 incessus

11 877 16 916 3·
96 862 156 937 est,
188 873 257 916 ares
278 852 365 915 'solae
395 856 476 915 vario
503 863 602 918 meatu
629 848 770 918 feruntur
796 866 827 918 et
849 859 880 917 in
908 865 988 919 terra
1018 865 1049 919 et
1078 861 1109 918 in

96 948 175 1004 aere.
211 943 363 1004 ambulant
380 943 508 1025 aliquae,
530 951 566 1005 ut
584 947 733 1026 cornices,
756 945 865 1006 saliunt
883 947 969 1026 aliae,
992 954 1026 1008 ut
1043 965 1108 1026 pas·
1221 984 1224 990 ·

11 1057 16 1096 i
96 1050 194 1112 seres,
216 1031 361 1113 merulae,
384 1040 523 1113 currunt,
550 1040 584 1093 ut
605 1033 756 1114 perdiceS,
784 1035 958 1116 rusticulae,
985 1043 1053 1096 ante
1074 1053 1109 1096 se

11 1147 15 1186 ,
54 1136 82 1195 ao
96 1119 189 1200 pedes
211 1123 331 1202 iaciunt,
354 1129 388 1182 ut
411 1122 551 1202 ciconiae,
574 1139 672 1200 grues.
704 1121 875 1202 expandunt
897 1123 957 1183 alas
979 1124 1109 1202 penden-

11 1235 15 1275 ;
98 1217 206 1288 tesqua·
227 1227 294 1269 raro
317 1209 472 1270 intervallo
495 1211 634 1288 quatiunt
656 1214 750 1285 aliae,
779 1211 852 1272 aliae
880 1211 1029 1293 crebrius,
1057 1211 1110 1271 sed

11 1335 13 1362 t
96 1305 128 1357 et
147 1299 260 1378 primas
282 1298 434 1358 dumtaxat
455 1300 575 1379 pinnas,
598 1299 670 1358 aliae
694 1306 725 1359 et
747 1306 809 1360 tota
831 1299 923 1360 latera
946 1299 1163 1379 plauduntllll
1257 1347 1261 1352 .

11 1413 14 1454 ι
97 1385 241 1465 quaedam
269 1405 340 1447 vero
368 1389 481 1448 maiore
512 1405 548 1447 ex
577 1395 662 1466 parte
697 1390 876 1467 compressis
911 1388 1009 1448 volant
1042 1407 1109 1467 per·

11 1505 13 1518 .
97 1491 245 1554 cassoque
275 1475 379 1556 semel,
411 1475 526 1554 aliquae
556 1483 586 1535 et
613 1478 731 1554 gemino
757 1478 832 1557 ictu,
865 1482 934 1536 aere
963 1477 1110 1556 seruntur,

11 1617 12 1632 ,
54 1578 82 1617 rs
97 1562 178 1624 velut
199 1563 349 1624 inclusum
376 1581 446 1624 eum
468 1572 638 1644 prementes
669 1564 853 1625 eiaculantur
876 1567 996 1625 sesain
1020 1563 1109 1624 subli-

11 1685 12 1718 ;
97 1671 160 1732 me,
188 1654 220 1714 in
249 1659 379 1732 rectum,
408 1655 440 1720 in
468 1671 605 1731 pronum.
654 1655 769 1732 inpingi
798 1661 886 1732 putes
916 1653 1029 1733 aliquas
1059 1660 1111 1712 aut

97 1758 205 1801 rursus
234 1740 271 1801 ab
301 1740 359 1801 alto
396 1740 501 1800 cadere
537 1740 606 1820 bas,
641 1740 706 1802 illas
740 1740 838 1802 sabra.
894 1749 996 1802 anates
1031 1741 1111 1801 solae

97 1847 233 1908 quaeque
261 1837 332 1890 sunt
360 1828 494 1902 eiusdem
516 1831 635 1907 generis
657 1831 689 1888 in
713 1828 838 1889 sublime
883 1831 1021 1909 protinus
1044 1847 1111 1890 sese

97 1917 206 1978 tollunt
233 1927 321 1997 atque
349 1936 365 1978 e
389 1919 513 1996 vestigio
536 1917 651 1978 caelum
673 1925 792 1998 petunt,
820 1925 850 1978 et
877 1917 933 1978 hoc
962 1920 1111 1978 etiamen

55 2022 83 2062 aa
98 2025 182 2086 aqua.
227 2009 327 2086 itaque
356 2009 388 2067 in
417 2007 516 2066 foreas
544 2005 658 2085 quibus
690 2007 768 2067 ieras
800 2023 943 2066 venamur
974 2005 1110 2086 delapsae

98 2095 178 2156 solae
199 2096 337 2157 eradunt.
378 2095 478 2156 ruitur
501 2102 532 2155 et
554 2095 617 2156 iere
640 2096 791 2174 graviores
813 2096 872 2155 nisi
895 2113 932 2155 ex
953 2113 1102 2174 procursu
1113 2092 1166 2142 113

98 2192 150 2244 aut
173 2184 275 2245 altiore
299 2184 419 2246 cumulo
442 2186 581 2244 inmissae
604 2201 665 2244 non
688 2183 817 2264 evolant,
841 2184 934 2244 cauda
957 2192 1111 2262 reguntur.
1142 2248 1144 2251 ,

98 2272 172 2332 aliae
195 2275 458 2353 circumspectant,
484 2272 558 2332 aliae
587 2273 713 2333 flectunt
740 2272 827 2354 eolla,
854 2291 911 2332 neo
939 2271 1035 2332 nullae
1063 2290 1112 2332 re·

99 2367 226 2420 scuntur
249 2379 283 2420 ea
306 2379 381 2439 quae
405 2379 531 2440 rapuere
554 2359 690 2439 pedibus.
735 2362 800 2421 sine
827 2377 899 2440 roca
927 2379 987 2421 non
1014 2361 1113 2421 rolant

56 2461 85 2502 aa
99 2447 219 2530 multae,
242 2455 293 2508 aut
311 2466 327 2507 e
347 2450 496 2508 contrario
516 2466 634 2527 semper
651 2450 683 2508 in
701 2447 799 2508 volatu
818 2448 915 2509 silent.
947 2447 1112 2528 subrectae,

98 2553 224 2617 pronae,
248 2535 385 2615 obliquae
407 2538 437 2594 in
461 2535 566 2616 latera,
593 2538 624 2594 in
647 2553 713 2616 ora,
736 2536 880 2614 quaedam
902 2543 933 2596 et
955 2540 1113 2616 resupinae

99 2626 252 2706 feruntur,
274 2632 328 2704 ut,
356 2626 382 2684 si
404 2623 517 2703 pariter
539 2630 701 2684 cernantur
727 2623 814 2702 plura
841 2641 964 2704 genera,
993 2643 1052 2685 non
1081 2627 1113 2684 in

100 2713 204 2777 eadem
226 2720 333 2774 natura
355 2730 454 2774 meare
477 2711 642 2772 videantur.

169 2797 229 2864 39.
253 2793 328 2882 (55)
351 2799 516 2862 Plurimum
534 2799 633 2861 volam
651 2819 727 2880 quae
747 2799 870 2882 apodeS,
893 2801 961 2878 quia
985 2807 1105 2860 careant
1115 2798 1168 2847 114

100 2941 313 2949 ...κ-...Μ

172 3007 320 3062 4nolatus
338 3007 401 3062 rio.
429 3005 550 3061 uel-12¹.
578 3006 631 3060 rel·
650 3023 673 3060 r.
747 3011 797 3060 7.8
821 3007 850 3060 et-
868 3022 931 3061 aere
951 3006 1064 3076 (ovain)
1083 3011 1115 3059 B.

174 3085 206 3131 11
227 3078 300 3133 aliae
319 3094 366 3148 eqo
383 3079 498 3145 inserui,
517 3093 567 3131 oro.
587 3077 615 3133 ll.
643 3077 693 3144 cfr.
713 3091 773 3130 noo.
789 3079 840 3131 tuo.
857 3082 936 3146 p.82
954 3093 982 3131 o.
996 3081 1044 3133 32.

103 3154 135 3202 12
156 3147 229 3202 aliea
247 3150 277 3202 eb
294 3153 340 3203 ad.
366 3149 424 3204 alia
442 3151 471 3203 et
487 3166 511 3202 r.
532 3149 536 3216 Ι
556 3147 696 3270 plaudunt
711 3147 775 3200 Μ
799 3147 887 3270 pand·
905 3165 950 3202 aa.
975 3146 1074 3217 pland·
1091 3165 1115 3202 r.

101 3220 153 3286 cfr.
166 3235 228 3273 noo.
242 3221 295 3274 law.
309 3237 340 3289 p.
352 3225 396 3276 81.
475 3224 508 3273 15
527 3217 740 3272 ueutPa'do.
767 3233 802 3272 ue
827 3217 904 3272 1¹⁸¹.
932 3220 965 3271 ut
977 3223 1008 3271 B.
1083 3225 1116 3274 16

120 3305 221 3344 renum
234 3289 333 3344 num.
358 3291 441 3360 prob·
455 3307 478 3344 r.
495 3291 499 3359 Ι
514 3288 635 3358 impingi
647 3288 749 3342 No.
776 3288 876 3358 pingui
893 3289 958 3342 itai
993 3289 1033 3356 -gi
1051 3289 1115 3342 lvd.

101 3307 210 3431 fpuies
228 3359 325 3416 num.
358 3363 438 3430 potes
456 3378 479 3414 r.
554 3366 586 3416 1⁷
606 3359 642 3413 ab
656 3359 715 3415 alio
729 3359 836 3413 We..
865 3359 901 3413 ab
914 3358 973 3413 labi
986 3375 1009 3413 r.
1083 3364 1116 3413 19

102 3430 198 3486 eit'd.
217 3447 268 3485 om.
282 3448 306 3486 r.
369 3437 402 3486 21
417 3431 475 3486 iere
489 3437 518 3485 r.
537 3430 613 3485 ferae
627 3447 650 3484 r.
719 3436 752 3484 22
767 3431 861 3500 aptius
875 3429 983 3484 viduor
995 3428 1116 3483 innixae.

186 3507 221 3556 23
244 3518 296 3556 nec
318 3502 413 3558 nullae
432 3502 469 3556 ι’.
504 3517 556 3556 nec
582 3501 659 3555 ullae
676 3517 699 3556 r.
736 3500 889 3556 nonnullae
906 3517 931 3554 o.
1020 3505 1054 3554 25
1078 3513 1118 3554 ao

102 3573 176 3628 aliae
184 3589 240 3642 pro
254 3571 326 3628 ant?
342 3575 346 3642 1
363 3573 491 3628 subrecto
504 3573 630 3626 lumi.
703 3578 737 3627 29
756 3573 821 3628 iude
839 3572 874 3626 ab
892 3572 942 3626 boa
959 3572 1016 3626 loco
1034 3571 1118 3626 codac

104 3645 244 3714 birroipa't
261 3646 365 3715 ἐπίομεν
383 3661 445 3700 ease.
470 3645 474 3713 Ι
499 3662 537 3699 aa
556 3642 675 3699 carent?
