2340 3934
235 121 319 174 NAT.
338 121 430 176 iusi.
449 123 501 176 vu
519 128 626 177 la-ao
646 125 771 194 (lo-51)
966 128 1008 192 41

28 268 114 331 brixilli
134 287 221 352 unus,
245 283 341 331 cxxv
365 271 487 334 Parmae
511 273 584 355 duo,
613 286 709 336 cxxx
731 274 898 338 Placentiae
922 295 1010 360 unus,

28 359 150 420 luendae
176 378 236 420 una
263 361 384 442 mulier,
413 373 538 424 cxxxv
561 362 710 425 Bononiae
733 363 765 425 L.
790 365 949 427 Terentius
972 367 1009 428 M.

27 450 93 531 tilius,
118 449 239 510 Arimini
266 469 337 511 vero
365 450 665 536 capannore,
696 454 828 516 Tertulla
852 467 1009 518 cxxxvu.

27 543 80 598 citra
101 538 275 600 Placentiam
302 543 334 601 in
361 540 486 603 collibus
515 542 658 624 oppidum
685 552 731 605 est
758 543 946 628 Veleiatium,
978 549 1009 606 in

14 645 67 707 tam
86 641 125 690 cx
146 647 239 690 annos
263 649 315 690 sex
338 629 485 714 detulere,
508 640 649 712 quattuor
672 651 743 694 vero
767 643 909 697 centenos
932 637 1008 696 vice-

27 737 73 798 nos,
97 737 169 780 onus
193 731 277 802 cxx,
308 719 345 781 M.
369 720 484 782 Mucius
507 721 544 784 M.
568 721 599 784 P.
623 721 738 784 Galeria
763 723 854 785 Felix.
900 743 933 785 ao
961 743 998 786 ne
1011 737 1063 786 164

27 807 130 886 pluribus
146 827 300 870 moremur
322 811 405 871 inre
425 813 574 893 confessa,
597 815 629 872 in
647 814 769 892 regione
788 813 887 874 ltaliae
908 823 1010 875 octava

27 906 153 958 unionum
179 917 329 960 annorum
355 903 438 961 censi
466 910 536 962 sunt
563 903 698 963 homines
725 917 818 986 L1111,
850 912 1009 965 centenum

27 987 106 1048 (lenum
126 987 261 1050 homines
280 1003 370 1072 xlm,
393 998 553 1052 centenum
576 993 713 1052 vicenum
732 995 857 1072 quinum
875 993 1009 1054 homines

15 1075 72 1157 tluo,
90 1086 246 1140 centenum
268 1081 418 1141 tricenum
440 1080 576 1142 homines
600 1089 749 1164 quattuor,
774 1090 934 1143 centenum
956 1085 1009 1143 tri·

27 1183 104 1226 unum
124 1171 248 1247 quinum
277 1177 328 1230 aut
351 1178 508 1250 septenum
530 1171 667 1252 totidem,
698 1179 858 1233 centenum
885 1171 1008 1250 quadra-

26 1274 104 1332 genum
125 1258 262 1319 homines
285 1267 355 1320 tres.
385 1327 391 1332 ,

70 1347 122 1406 Alia
143 1348 332 1410 mortalitatis
353 1351 566 1410 inconstantia:
589 1349 764 1411 Homerus
787 1349 890 1412 eadem
913 1358 1000 1411 noete
1013 1359 1064 1410 165

26 1443 84 1496 natos
96 1435 252 1499 Hectorem
271 1447 301 1500 et
315 1438 523 1520 Polydamanta
541 1439 672 1522 tradidit,
695 1447 756 1500 tam
769 1439 902 1501 diversae
921 1441 1010 1500 sortis

18 1527 86 1584 siros.
127 1526 156 1588 C.
179 1528 275 1588 Mario
300 1527 352 1588 Cn.
376 1527 509 1588 Carbone
533 1531 574 1589 111
602 1545 661 1589 cos,
685 1547 709 1590 a.
733 1528 761 1590 d.
784 1543 808 1590 v
830 1529 886 1590 kal.
910 1529 1010 1590 lunias

26 1613 48 1672 ll.
66 1614 167 1678 Caelius
191 1617 291 1678 Rufus
319 1626 349 1678 et
372 1617 403 1678 C.
426 1617 559 1680 Licinius
583 1617 689 1679 Calvus
717 1618 820 1679 eadem
847 1619 894 1679 die
918 1621 1010 1697 geniti

25 1713 79 1784 aunt,
98 1715 230 1768 oratores
255 1708 376 1787 quidem
399 1707 493 1789 ambo,
517 1709 570 1768 sed
593 1715 653 1768 tam
672 1708 923 1792 disparieventu.
952 1708 1010 1767 hoc

27 1795 87 1854 dian
113 1797 219 1857 iisdem
252 1797 334 1856 horis
367 1797 557 1860 nascentibus
596 1799 628 1858 in
658 1805 723 1858 toto
754 1798 865 1858 mundo
903 1797 1010 1857 cotidie

20 1887 106 1966 :carnit
134 1889 309 1966 pariterque
340 1887 451 1947 domini
484 1905 517 1947 ac
547 1889 626 1947 servi
656 1889 832 1968 gignuntur,
864 1903 950 1965 reges
982 1894 1011 1945 et

20 1971 108 2052 ¹inopes

72 2057 119 2126 50.
147 2059 223 2148 (51)
269 2064 394 2126 Publius
418 2064 574 2127 Cornelius
597 2065 706 2147 Rufus,
731 2067 782 2144 qui
805 2065 911 2126 consul
933 2083 1002 2126 oum
1013 2073 1065 2121 166

26 2145 56 2210 Μ’.
74 2151 151 2215 Curio
175 2155 247 2237 fuit,
276 2155 427 2216 dormiens
450 2155 606 2217 oculorum
629 2156 726 2215 visum
749 2157 859 2236 amisit,
890 2173 959 2216 cum
981 2155 1011 2216 id

25 2239 64 2300 ribi
82 2244 208 2306 accidere
234 2247 404 2306 somniaret.
446 2263 462 2304 e
486 2245 604 2306 diverso
627 2243 779 2306 Pheraeus
802 2245 888 2306 lason
912 2245 1011 2324 deplo-

26 2339 83 2392 ratus
110 2320 279 2396 a'medicis
311 2337 441 2396 vomicae
474 2333 592 2415 morbo,
629 2351 698 2394 cum
728 2343 856 2396 mortem
887 2336 918 2395 in
949 2335 1011 2394 acia

28 2432 163 2505 quaereret,
192 2425 351 2486 vulnerato
374 2431 495 2504 pectore
519 2423 697 2485 medicinam
719 2426 835 2485 invenit
858 2443 894 2484 ex
913 2423 1011 2484 hoste.

29 2507 49 2578 Q·
71 2509 165 2574 Fabius
195 2513 342 2574 Maximus
375 2513 479 2574 consul
508 2513 587 2593 apud
617 2513 728 2575 flumen
757 2513 869 2574 isaram
898 2513 1012 2592 proelio

20 2605 151 2666 ,conmisso
179 2603 324 2664 adversus
352 2602 544 2682 Allobrogum
566 2601 827 2682 Aruernorumque
855 2609 959 2680 gentes
987 2619 1012 2662 a.

30 2685 46 2745 d.
67 2704 95 2749 vl
124 2692 189 2753 idus
221 2691 383 2775 Augustas,
421 2691 522 2759 CXXX
555 2692 754 2773 perduellium
790 2693 897 2772 caesis,
935 2689 1013 2751 febri

78 2923 145 2972 1-3
168 2919 234 2974 aiat.
256 2919 331 2974 Dect.
422 2926 437 2973 1
461 2916 894 2973 BrixiliiDeu.cozt.111115.
923 2915 967 2971 ·ili
985 2917 1013 2972 ll.

31 2984 71 3037 alli
87 3004 108 3041 o.
182 2997 198 3044 2
223 2990 340 3045 muliera
363 2996 395 3045 lt.
428 2991 464 3044 -ri
488 2995 512 3046 d.
547 2993 551 3060 Ι
586 2989 712 3046 CXXXV
733 3005 758 3043 v.
792 2987 891 3044 CXXV
914 2989 942 3044 tl.

32 3055 80 3111 ill.
90 3060 207 3130 Aponius
225 3079 251 3116 o.
280 3063 412 3133 maponia
429 3081 454 3117 a.
478 3064 551 3117 -mas
569 3079 592 3116 r.
614 3064 618 3132 Ι
641 3061 711 3116 CXL
729 3061 829 3132 Beroia.
848 3061 942 3116 diano.
962 3060 1014 3114 litt.

32 3132 142 3188 aalma
153 3139 238 3202 p.21.
263 3133 435 3190 OXetLB.
453 3135 610 3190 Viatia.
636 3133 761 3189 sexeiL
779 3150 803 3188 r.
858 3131 1014 3188 dcircall.

67 3203 156 3258 iCCX
172 3212 251 3261 lira.
282 3209 286 3274 Ι
316 3223 381 3262 vero
401 3211 518 3262 omltd.
579 3205 683 3262 ccxi
702 3222 727 3260 v.
753 3221 787 3258 ex
805 3203 845 3274 (0.
865 3205 917 3272 ra)
935 3201 1014 3271 quin-

33 3273 134 3341 illginia
150 3278 177 3332 ll.
206 3279 212 3348 Ι
242 3277 301 3348 gali
319 3283 373 3332 ltu,
447 3283 481 3332 10
505 3279 653 3332 centenum
675 3277 807 3331 nicenum
828 3275 967 3356 nicenum
990 3291 1014 3328 a.

69 3350 93 3399 11
113 3350 158 3402 aut
175 3349 291 3404 Mad.
320 3367 357 3405 au
374 3351 416 3404 1¹.
445 3351 540 3404 aulem
557 3355 587 3402 li.
618 3350 622 3417 Ι
652 3348 803 3418 septimum
821 3347 858 3399 ⁸¹.
886 3347 1015 3401 hommes

34 3409 68 3465 ΠΠ
81 3417 205 3476 tricenum
225 3423 374 3477 centenum
392 3423 442 3476 aut
460 3421 610 3492 septimum
628 3419 666 3474 ι’.
722 3425 756 3474 16
775 3418 885 3499 Caelius
905 3416 1016 3472 coraus

35 3485 208 3548 ollonae.
224 3495 346 3561 way.
366 3509 390 3548 o.
420 3493 551 3548 caecilius
570 3493 598 3547 ll.
628 3495 632 3563 l
662 3491 690 3546 Ο.
709 3507 734 3546 o.
764 3488 907 3545 domebus
926 3488 954 3543 ll.

36 3559 57 3608 23
74 3559 197 3620 Pheraeus
221 3565 298 3620 Pint.
331 3565 453 3620 ualerios
476 3564 519 3619 1³².
551 3563 701 3634 phalereus
723 3581 746 3618 r.
777 3565 781 3632 Ι
809 3560 889 3616 iason
909 3565 940 3614 R.
969 3575 1015 3612 oa-

37 3639 69 3680 ms
81 3633 115 3688 ll.
138 3635 227 3691 iaoum
245 3655 267 3692 r.
