2286 3938
279 250 360 300 unu.
375 253 465 302 urso.
487 253 534 301 v1.
557 223 599 300 eo.¹
618 239 692 320 (35.)
930 235 994 302 255

25 407 148 486 elephanti.
182 414 210 467 at
232 425 271 468 ex
291 407 411 470 Africae
438 416 522 486 parte
545 406 711 486 Tonobari,
734 408 922 488 Ptoenphae,
944 409 993 488 qui

22 511 95 552 canem
108 509 156 571 pro
171 511 244 570 rege
258 491 383 569 hahent,
405 501 484 552 motu
500 495 564 554 eius
584 494 704 572 imperia
723 502 916 571 augurantes,
938 491 993 553 tta-

22 577 79 634 rushi
90 575 186 654 oppido
198 576 288 654 longe
301 576 336 636 ab
344 574 412 638 Nilo
425 578 492 637 sito.
517 585 621 657 postea
633 577 822 656 Archisarmi,
834 577 993 656 Phalliges,

21 659 154 736 llarigarri‚
176 658 351 721 Chasamari.
388 660 462 722 Bion
480 669 510 722 et
526 662 582 722 alia
598 663 705 741 oppida
721 665 750 722 in
766 661 868 722 insulis
884 662 981 740 tradit,
994 666 1044 719 193

6 744 178 804 taSembobiti
187 744 309 805 Meroen
321 764 425 806 versus
438 745 548 806 dierum
564 755 628 808 toto
641 749 745 807 itinere
756 747 820 808 XX.
843 749 993 825 proximae

19 828 100 888 insulae
116 829 250 907 oppidum
269 828 511 890 Semberritarnm
531 831 586 900 sub
602 833 721 909 regina,
743 841 773 892 et
795 831 872 894 aliud
889 832 993 908 Asara,

19 912 107 972 rlterius
127 913 263 992 oppidum
284 913 410 976 Darden.
453 917 568 974 tertiam
588 915 715 976 Medoen
736 925 858 993 uocant,
887 920 916 976 in
939 935 994 996 qua

19 997 120 1074 oppidum
131 996 212 1058 Asel.
240 1006 369 1076 quartam
384 998 558 1078 eodemque
574 999 709 1078 oppidum
721 1002 836 1060 nomine
850 1000 993 1062 Garoden.

18 1081 60 1140 inde
72 1099 119 1158 per
132 1084 212 1160 ripas
231 1083 338 1162 oppida
354 1081 467 1159 Nautis,
485 1081 608 1161 bladum,
625 1084 805 1160 Demadatin,
823 1084 993 1160 Secandum,

6 1162 132 1242 rhollocat,
155 1166 308 1243 Secande,
328 1166 495 1229 Nauectabe
517 1187 579 1228 cum
600 1186 673 1246 agro
691 1168 847 1247 Psegipta,
871 1166 995 1228 Gandra·

16 1252 70 1325 gari,
83 1250 220 1318 Arabum,
237 1250 422 1314 Summaram.
451 1252 548 1330 Regio
563 1271 650 1331 supra
667 1252 820 1330 Sirbitum,
837 1253 885 1313 ubi
908 1253 1045 1313 desi-194

16 1342 61 1391 nunt
71 1343 196 1412 montes,
215 1335 370 1397 traditura
386 1337 555 1414 quibusdam
570 1337 681 1398 habere
697 1339 855 1398 maritimos
873 1337 995 1411 Aethio·

14 1435 58 1494 pas,
70 1417 248 1498 Nisicathas,
266 1419 387 1498 Nisitas,
403 1421 480 1498 quod
496 1423 640 1500 significat
655 1430 767 1482 ternum
784 1431 814 1482 et
825 1431 994 1501 quaternum

15 1502 127 1562 oculorum
141 1505 238 1582 viros,
253 1521 312 1564 non
324 1506 391 1583 quia
407 1507 449 1566 sic
464 1507 538 1583 sint,
555 1506 607 1567 sed
622 1507 689 1586 quia
706 1508 821 1584 sagittis
837 1509 994 1586 praecipua

6 1587 229 1666 *contemplatione
250 1596 373 1650 utantur.
410 1591 446 1649 ab
470 1609 505 1651 ea
528 1609 600 1651 vero
626 1599 709 1668 parte
730 1588 787 1650 Nili
810 1609 884 1671 quae
907 1609 994 1670 supra
1041 1605 1046 1614 '

13 1669 85 1744 Syrtes
106 1673 237 1734 maiores
256 1690 453 1754 oceanumque
474 1675 661 1736 meridianum
683 1676 866 1754 protenditur
889 1674 994 1735 Dalion

13 1751 124 1816 l'acathos
140 1775 212 1818 esse
229 1756 300 1818 dicit
315 1757 413 1837 pluvia
430 1767 536 1818 tantum
549 1777 621 1838 aqua
639 1768 754 1819 utentes
771 1757 905 1838 Cisoros,
920 1759 995 1820 Lon-

11 1855 108 1915 goporos
119 1841 155 1904 ab
169 1841 359 1902 Oecalicibus
370 1842 480 1904 dierum
494 1843 520 1902 V
533 1845 650 1919 itinere,
663 1842 849 1920 Usibalchos,
865 1843 993 1921 labelos,

12 1919 127 2002 Parisios,
139 1925 268 2004 ballios,
282 1924 411 2006 Cispios.
443 1927 554 2006 reliqua
567 1930 696 1990 deserta.
727 1929 793 1989 dein
808 1928 983 2004 fabulosius,
995 1930 1044 1982 195

6 2005 31 2064 ud
44 2010 217 2086 occidentem
240 2028 346 2072 versus
363 2010 490 2090 Nigroe,
511 2031 631 2090 pirorum
651 2031 706 2074 rex
730 2031 814 2073 unum
836 2012 948 2074 oculum
964 2014 994 2074 iu

12 2089 77 2151 bonta
97 2094 224 2172 habeat,
247 2095 430 2174 Agriophagi
454 2097 657 2175 pantherarum
681 2105 711 2158 et
733 2097 849 2159 leonum
870 2099 994 2158 maxime

10 2177 111 2238 carnibus
133 2182 292 2256 virentes,
318 2178 475 2258 Pamphagi
497 2183 591 2242 omnia
618 2182 804 2260 mandentes,
827 2182 994 2262 Anthropo·
1097 2225 1099 2230 -

10 2257 68 2336 plagi
84 2263 207 2324 humana
223 2282 313 2324 carno
328 2275 502 2342 vescentes,
519 2264 689 2343 cynamolgi
710 2267 820 2327 caninis
836 2268 993 2346 capitibus,

8 2341 162 2408 lrtabatitac
188 2347 404 2428 quadripedes,
435 2349 561 2410 ferarum
581 2351 667 2411 modo
690 2353 766 2428 vagi.
809 2351 914 2412 deinde
936 2350 992 2410 lle·

7 2431 108 2510 sperioe,
123 2433 261 2510 Perorsi,
277 2451 353 2512 quos
371 2435 400 2493 in
413 2432 610 2494 Mauretaniae
625 2435 749 2496 conlinio
767 2434 900 2496 diximus.
923 2435 1044 2504 Pansam

8 2515 116 2586 quaedam
129 2516 317 2596 Aethiopum
337 2517 461 2578 locustis
478 2527 585 2578 tantum
601 2520 672 2578 vivit
688 2520 766 2579 lumo
784 2529 813 2580 et
832 2519 893 2580 sale
912 2519 993 2604 dura·

7 2597 30 2654 tir
49 2601 72 2658 in
92 2620 188 2662 annua
210 2602 357 2664 alimenta.
392 2602 421 2662 hi
445 2603 695 2680 quadragesimum
717 2621 818 2663 annom
837 2606 914 2662 vitae
935 2619 992 2660 non

8 2683 130 2748 excedunt.
163 2687 347 2766 Aethiopum
362 2695 471 2747 terram
486 2691 649 2748 universam
663 2706 727 2747 cum
741 2689 810 2748 mari
822 2687 923 2748 Rubro
937 2703 984 2763 pa·
996 2697 1043 2750 roe
1065 2734 1068 2740 .

8 2769 50 2826 tere
61 2770 86 2830 in
100 2770 316 2850 longitudinem
335 2773 414 2855 pm
430 2769 509 2831 lxx
524 2769 582 2830 mil.
600 2790 753 2850 passuum,
773 2774 801 2831 in
816 2771 993 2832 latitudinem

10 2867 50 2908 run
65 2859 219 2933 superiore
240 2856 381 2934 Aegypto
402 2857 465 2939 pair]
480 2853 589 2916 xcvii
610 2855 784 2936 ltlAgrippa
806 2856 992 2916 existimavit.

10 2936 92 3010 quidam
112 2939 331 3017 longitudinem
351 2941 391 2999 ita
412 2939 589 3001 diviserunt:
615 2959 630 2999 a
656 2939 759 3002 lderoc
779 2940 918 3000 Sirbitum
938 2939 993 3000 Xll

9 3017 87 3082 dierum
101 3025 334 3102 navigationem,
350 3023 386 3083 ab
403 3041 437 3084 ea
453 3022 508 3084 Xll
524 3025 559 3085 ad
575 3024 732 3103 Dabellos,
753 3025 789 3086 ab
806 3027 841 3084 iis
857 3025 892 3085 ad
908 3043 992 3085 ocea·
1071 3077 1073 3082 .

8 3117 51 3161 num
65 3107 268 3186 Aethiopicum
286 3107 328 3170 v1
345 3107 456 3168 diorum
471 3110 536 3168 iter.
569 3110 598 3168 in
614 3117 704 3168 totum
720 3118 814 3169 autem
828 3109 864 3170 ab
882 3127 991 3170 oceano

8 3186 28 3244 td
39 3188 150 3253 lleroen
166 3189 307 3252 DCXXV
321 3191 352 3252 bl
368 3210 502 3272 passuum
518 3211 586 3253 esse
600 3195 676 3252 inter
691 3202 827 3254 auctores
842 3194 907 3254 iere
926 3211 992 3252 con·
1003 3208 1036 3242 mr

8 3275 78 3351 uenit,
90 3277 157 3336 inde
177 3279 301 3351 Syenen
315 3285 450 3356 quantum
466 3277 596 3337 diximus.
631 3276 692 3338 Sita
708 3287 753 3337 est
769 3277 927 3356 Aethiopia
944 3277 979 3334 ab
998 3286 1042 3334 tot

8 3357 95 3419 oriente
110 3360 237 3422 hiberno
253 3360 288 3422 ad
305 3361 487 3422 occidentem
507 3362 668 3423 hibernum.
701 3361 858 3422 meridiano
875 3361 992 3420 cardine

8 3439 76 3501 siluae
89 3445 214 3505 hiberno
232 3447 356 3506 maxime
375 3446 487 3524 virent,
510 3465 526 3506 a
543 3445 637 3507 media
659 3448 721 3506 eius
742 3455 824 3524 parte
842 3446 992 3504 imminens

8 3526 57 3585 uari
73 3545 151 3590 mons
174 3529 312 3590 excelsus
332 3531 462 3592 aeternis
483 3529 566 3592 ardet
588 3530 722 3608 ignibus,
751 3527 852 3590 Theon
873 3529 991 3588 ochema
