2286 3938
219 262 300 310 unu.
319 262 410 312 urso.
430 263 476 310 vu.
495 249 782 329 un-ett.(31—oo.)
944 244 1008 312 245

32 416 206 497 longitudinem
217 415 259 478 vl
271 418 331 481 mil.
347 436 436 498 pass,
450 418 480 480 in
495 417 674 481 latitudinum
689 416 777 498 paulo
793 417 896 478 minus.
925 417 1006 497 prius

30 505 68 562 luit
85 522 99 564 a
117 503 198 564 litore
220 502 332 566 stadios
353 501 381 563 X
401 504 587 582 (maritimum
610 504 696 564 etiam
718 502 857 582 Vipsania
877 503 1007 582 porticus

30 584 198 670 laten),1nbu
212 605 286 648 vero
303 588 447 668 prodente
468 586 489 648 L
505 586 534 648 dl
552 605 641 666 pass,
657 603 732 648 aune
753 588 861 648 abesse
883 606 899 648 a
918 586 1007 648 litora

30 672 88 732 CXX
99 670 220 751 illegati
232 673 362 734 Arabum
373 673 523 751 nostrique
536 674 739 750 negotiatores
751 673 800 751 qui
815 671 883 732 iude
896 690 1006 732 venere

13 757 155 820 todirmunt.
184 775 241 819 aee
259 757 318 820 ulla
334 766 417 838 ponte
434 757 499 836 plus
515 757 705 821 auteelerius
723 757 880 836 proieoere
895 765 993 817 terrae
1010 762 1060 816 1ιο

29 841 158 902 inminibus
176 843 320 904 inventae.
348 845 438 921 magis
454 841 483 902 id
497 843 597 904 mirum
611 849 677 919 est,
692 849 775 902 aestu
790 841 878 918 longe
890 839 965 901 ultra
980 839 1006 900 id

28 927 154 988 nonedeute
170 945 230 987 non
247 945 448 1008 repercussas.
476 925 539 990 iloo
561 927 591 988 iu
613 925 682 988 looo
698 927 828 1004 genitum
846 943 915 986 esse
930 923 995 984 Dio·
1011 931 1057 982 ιιι

27 1011 110 1086 nusluun
123 1018 265 1074 terrarum
286 1012 367 1074 orbis
384 1013 476 1074 situus
491 1012 723 1072 recentissimum
739 1019 906 1087 annianum,
922 1027 1009 1088 quem

28 1096 49 1153 ol
65 1096 271 1158 commentanda
291 1098 386 1158 omnia
413 1098 443 1156 iu
464 1098 610 1158 orientem
631 1097 817 1175 praemiserit
840 1095 924 1156 divos
950 1093 1008 1154 liu·

12 1188 101 1255 ignom
110 1181 186 1241 ituro
198 1182 228 1242 iu
239 1182 406 1242 Armeniam
419 1179 454 1242 ad
464 1180 613 1242 Parthicas
622 1180 823 1260 Arabicusque
835 1197 884 1240 res
897 1180 1008 1240 maiore

27 1264 80 1340 illo,
100 1282 155 1326 rou
170 1283 218 1326 me
235 1267 398 1346 praeterit,
423 1283 479 1328 neo
493 1283 555 1326 sum
570 1265 677 1328 oblitus
692 1266 737 1326 sui
756 1281 901 1344 quemque
916 1264 1008 1324 situus

27 1347 247 1426 diligentissimum
267 1359 417 1412 auctorem
434 1351 527 1410 visum
551 1351 636 1411 uobis
657 1351 686 1410 in
704 1350 825 1410 introitu
841 1349 951 1428 operis.
980 1348 1050 1407 inno

26 1431 162 1496 laetamen
181 1444 268 1516 parte
290 1453 369 1498 arma
389 1435 518 1496 Romana
534 1437 617 1515 sequi
638 1435 735 1514 plaoet
750 1432 834 1494 nobis
852 1431 1009 1511 iubamque

25 1535 98 1594 regem
119 1519 155 1580 ad
176 1519 303 1582 eundem
326 1518 426 1582 Gaium
447 1518 603 1582 Gaesarem
625 1519 743 1600 scriptis
762 1517 956 1580 voluminibus
973 1515 1009 1578 de

11 1603 99 1663 nentem
112 1603 304 1684 expeditione
320 1605 457 1668 Arabica.

66 1685 109 1750 28.
130 1689 217 1770 (32.)
242 1689 353 1754 Anubin
365 1691 494 1768 gentium
505 1689 591 1750 nullis
606 1688 797 1768 postferenda
812 1685 998 1768 amplitudine
1015 1695 1061 1750 ιιι

25 1769 180 1852 longissima,
197 1793 216 1835 a
231 1783 332 1836 monte
347 1775 503 1852 Amano,e
517 1774 642 1852 regione
658 1772 778 1835 Gilieiae
795 1771 1008 1850 Commagenis·

26 1875 62 1932 oue
78 1857 245 1935 deseendit,
266 1868 298 1920 ut
319 1859 458 1935 diximus,
481 1859 578 1920 multis
599 1859 735 1938 gentibus
755 1875 856 1919 eorum
877 1855 1062 1921 deduotissnn

28 1941 58 1998 illo
71 1961 83 2002 a
97 1942 224 2022 Tigrane
240 1942 366 2022 Magno,
381 1952 488 2024 spouta
504 1961 577 2004 vero
595 1943 628 2003 ad
645 1961 723 2004 mare
739 1950 869 2004 nostrum
883 1940 1010 2019 litusque

10 2025 190 2105 tiegyptlum,
212 2037 243 2087 ut
263 2029 431 2106 docuimus,
453 2047 507 2089 neo
523 2046 581 2088 non
601 2029 630 2088 in
644 2027 737 2090 media
752 2024 855 2104 Syriae
871 2024 906 2086 ad
922 2023 1004 2086 biba·
1015 2039 1059 2083 unu

26 2127 68 2166 oum
81 2121 200 2174 montem
222 2114 445 2192 penetrantibus
460 2111 589 2189 Nubeis,
605 2113 708 2189 quibus
725 2113 879 2190 iunguntur
890 2111 1010 2184 Ramisi,

25 2191 70 2254 lein
78 2193 218 2275 Teranei,
236 2197 304 2258 dein
313 2197 430 2258 Patami.
462 2200 525 2276 ipsa
536 2215 609 2257 vero
622 2196 789 2274 paeninsula
803 2195 912 2255 Arabia
928 2195 1001 2254 iuter
1016 2205 1064 2259 ιιι

25 2275 63 2337 ιιι
77 2283 158 2342 maria
174 2282 307 2344 Rubrum
319 2282 526 2361 Persioumque
540 2299 733 2361 procurrens,
753 2280 876 2359 quodam
892 2287 1011 2342 naturae

24 2364 118 2428 ortilioio
143 2366 180 2428 ud
207 2367 423 2428 similitudinem
450 2375 537 2444 atque
563 2365 787 2444 magnitudinem
812 2363 914 2424 ltaliae
939 2363 1012 2422 mari

10 2447 185 2529 uoiroumlusa,
212 2451 386 2518 ineundum
410 2451 495 2511 etiam
519 2451 592 2512 oaeli
617 2458 729 2530 partem
750 2449 826 2510 nulla
848 2447 1013 2510 differentia

26 2542 127 2612 speetat,
142 2535 220 2597 bueo
233 2553 351 2616 quoque
363 2537 392 2596 iu
408 2535 459 2596 illo
473 2536 530 2594 situ
544 2535 624 2594 ielix.
654 2534 784 2614 Populos
796 2535 859 2594 eius
879 2537 1013 2592 u'uostro

25 2619 74 2676 unni
88 2637 177 2699 usque
196 2620 235 2682 ad
251 2620 440 2700 Palmyrenae
456 2619 628 2681 solitudines
649 2619 789 2694 diximus,
811 2617 923 2696 reliqua
939 2633 1013 2675 noue

27 2715 180 2781 peragemus.
213 2703 361 2768 Nomadas
375 2704 442 2766 inde
457 2704 705 2782 infestatoresque
717 2700 928 2763 Chaldaeorum
943 2687 1065 2765 see-il‘

27 2786 95 2864 uitae,
116 2798 147 2850 ut
168 2789 312 2867 diximus,
333 2788 466 2865 eludunt,
489 2797 519 2850 et
536 2789 592 2868 ipsi
615 2789 698 2866 vagi,
717 2787 800 2848 seda
817 2783 1010 2846 tabernaculis
1022 2805 1056 2840 us

10 2877 21 2914 t·
29 2875 194 2945 cognominati
212 2892 287 2951 quae
306 2873 409 2934 oilioiis
424 2881 568 2934 metantur
587 2871 636 2932 ubi
654 2873 749 2932 libuit.
788 2869 894 2932 deinde
908 2867 1002 2930 Naba·
1016 2881 1065 2933 ιιι

29 2955 67 3014 inei
76 2957 206 3037 oppidum
221 2958 351 3021 inuoluat
364 2957 478 3018 Petram
490 2957 605 3018 nomiae
618 2957 646 3018 iu
658 2955 809 3034 convalle,
821 2955 908 3035 paulo
920 2956 1013 3018 minus

29 3035 89 3098 doum
119 3042 177 3104 mil.
210 3061 347 3122 passuum
380 3041 591 3122 amplitudinis,
628 3041 832 3104 circumdatum
866 3040 1014 3102 montibus

29 3119 175 3203 iooooessis,
191 3145 277 3188 amne
291 3128 490 3188 interilueute.
525 3127 610 3188 abest
630 3126 666 3186 ab
689 3125 765 3187 Gaza
787 3126 897 3206 oppido
918 3125 1014 3186 litoris

29 3211 97 3270 nostri
107 3210 154 3272 DC
165 3209 213 3288 bi,
231 3232 247 3274 a
262 3213 328 3272 sinu
340 3211 460 3272 Persico
473 3207 609 3274 CXXXV
621 3210 659 3272 lli.
692 3211 747 3272 hue
758 3212 897 3273 oonueuit
908 3219 1015 3272 utrum·

10 3295 69 3365 tque
81 3293 196 3375 bivium,
214 3314 316 3359 eorum
334 3297 381 3375 qui
398 3295 481 3373 Syria
498 3295 655 3372 Palmyram
674 3297 789 3375 petiere
806 3305 836 3355 et
852 3314 952 3358 eorum
967 3295 1014 3372 qui

30 3373 112 3440 tGano
125 3390 279 3444 venerunt.
314 3380 339 3442 d
355 3380 440 3442 Petra
458 3379 609 3441 inuoluere
624 3379 723 3442 Omani
739 3379 774 3441 ad
790 3378 939 3440 Gbaraoen
960 3397 1004 3438 us·
1019 3387 1066 3438 tto

33 3471 73 3532 tte
87 3465 193 3542 oppidis
212 3465 356 3545 quondam
371 3464 457 3525 elaris
474 3465 509 3526 ab
524 3465 711 3526 Samiramide
726 3464 851 3526 ooudu'tis
866 3463 1015 3526 Besumnis

33 3550 54 3599 ot
63 3543 189 3611 Soractia.
215 3568 292 3612 nuno
307 3557 373 3611 suut
388 3549 572 3612 solitudines.
601 3547 715 3610 Deinde
730 3557 777 3611 est
790 3547 927 3628 oppidum
939 3544 1017 3630 quod
