2308 3936
135 181 178 250 38
481 195 513 244 c.
535 197 633 244 0000
654 193 804 242 securior

138 353 445 433 medicinaesequenti
460 352 537 415 libro
554 347 619 432 (29.
635 347 693 430 30)
708 349 849 412 dicentur.
882 345 954 428 (61)
969 347 1135 427 Spicatarumy

138 457 257 517 genera.
291 447 449 516 sianyops,
468 436 661 514 alopecuros,
686 433 875 513 stelephuros
896 434 960 494 sive
978 441 1060 509 ortyx
1076 429 1135 492 sirei

138 523 295 602 plantago,
310 521 452 597 thryallis.
486 517 559 600 (62)
573 518 744 598 perdicium,
760 516 956 596 ornithogale.
989 515 1056 596 (63)
1071 515 1128 575 Post

139 625 242 668 annum
262 615 427 668 nascentes.
460 621 608 668 asummo
632 602 790 680 florentes,
816 603 888 663 item
908 601 945 664 ab
969 603 1034 662 imo.
1070 597 1127 679 (64)

137 689 237 770 Lappa
250 691 344 752 herba
361 708 436 768 quae
451 691 528 750 iutra
545 708 579 749 se
594 689 680 767 parit,
700 685 826 766 Opuntia
844 705 861 746 e
876 685 951 746 folio
966 687 1085 746 radicem
1098 682 1136 762 lul

137 775 229 838 ciens.
256 771 658 856 (65)1asione,condrylla,
681 773 769 852 picris
787 789 861 850 quae
878 779 943 831 toto
962 787 1035 830 anno
1050 767 1136 828 doreti

138 855 211 937 (60)
228 856 340 930 Quibus
358 857 413 918 dos
435 866 587 936 antequam
609 857 709 918 caules
725 864 843 916 exeant.
873 855 981 934 quibus
997 853 1080 914 caulis
1094 871 1130 911 an·

135 950 253 1020 tequam
268 942 332 1003 flos.
360 960 434 1020 quae
451 951 498 1003 ter
512 940 627 1002 doreat.
656 939 728 1022 (67)
743 939 881 1019 cypiros,
898 939 1056 1000 medicinae
1067 935 1128 996 Vlll.

137 1024 284 1088 'l'hesiurn
327 1024 402 1107 (68)
425 1025 614 1106 Asphodelns
639 1027 702 1086 sive
721 1024 835 1085 hastula
855 1025 941 1102 regia
962 1015 1129 1108 (anthericus

136 1113 201 1172 sire
217 1105 380 1258 albucum).
412 1109 485 1192 (69)
507 1110 586 1173 10001
601 1128 714 1188 garrera
733 1109 785 1185 Vl,
805 1107 969 1170 medicinae
984 1107 1047 1168 1111.
1073 1103 1137 1183 (70)

136 1213 274 1275 cyperus,
292 1215 339 1260 rue
360 1198 453 1258 icinae
468 1195 570 1274 Xllll,
589 1197 723 1274 cyperis,
739 1194 848 1272 cypira.
884 1191 958 1272 (71)
976 1192 1131 1254 holoschoe-

135 1297 211 1342 nos..
241 1279 313 1360 (72)
343 1280 506 1343 Medicinae
533 1299 569 1342 ex
595 1282 679 1339 iunco
709 1277 832 1338 odorato
862 1279 927 1338 sive
955 1277 1081 1338 teuchite
1102 1271 1130 1346 X,

136 1362 210 1443 (78)
227 1364 388 1426 medicinae
411 1383 450 1428 ex
467 1381 552 1425 asaro
579 1362 663 1439 Vlll,
690 1360 764 1442 (79)
784 1362 949 1424 medicinae
975 1380 1015 1422 ex
1036 1359 1129 1420 Gallico

134 1449 225 1508 nardo
239 1448 320 1524 Vlll,
342 1447 415 1528 (80)
431 1449 591 1510 medicinae
608 1466 647 1508 ex
660 1447 753 1510 herba
768 1464 853 1526 quam
868 1447 947 1525 phun
961 1441 1138 1508 0000011111.ἰ

135 1527 209 1612 (82)
222 1532 339 1610 Syrium
352 1551 565 1612 crocomagma,
580 1532 739 1593 medicinae
753 1531 794 1608 ll,
811 1529 906 1610 (108)
923 1531 1068 1609 pesoluta,
1082 1546 1130 1588 me·

134 1615 228 1678 010100
243 1617 264 1682 1.
295 1616 388 1697 (109)
403 1617 582 1680 Graecorum
603 1618 747 1677 nominum
767 1617 797 1676 10
813 1615 996 1696 ponderibus
1018 1623 1047 1675 et
1065 1630 1128 1672 men·

135 1703 211 1762 suris
228 1704 443 1781 interpretatio.
475 1703 603 1764 Summa:
619 1701 779 1764 methcinae
796 1709 827 1762 et
838 1699 983 1762 historico
996 1708 1029 1760 et
1045 1699 1139 1760 obser-r

134 1787 270 1850 vationes
285 1785 454 1849 DCCXXX.

195 1870 242 1934 lix
259 1873 443 1934 auctoribus:
468 1870 580 1936 Catone
598 1873 755 1948 censorio,
777 1869 816 1930 M.
833 1873 989 1948 Varrone,
1010 1869 1132 1946 Masurio,

134 1953 265 2034 Antiate,
281 1955 444 2036 Caepione,
457 1959 590 2030 vestino,
606 1957 695 2018 Vibio
710 1957 826 2032 Rufino,
841 1955 970 2032 Hygino,
987 1955 1132 2032 Pomponio

134 2038 227 2115 Mela,
250 2041 392 2120 Pompeio
414 2040 545 2118 100000,
566 2039 707 2102 Cornelio
730 2038 838 2118 Celso,
860 2038 1023 2118 Calpurnio
1044 2039 1140 2116 ansop

137 2121 169 2182 C.
188 2123 313 2201 Valgio,
329 2123 440 2184 Licinio
457 2125 575 2203 Macro,
592 2125 696 2186 Sentio
710 2124 803 2203 Nigro
821 2125 870 2203 qui
888 2122 1002 2184 Graece
1020 2123 1133 2201 scripsit,

135 2206 210 2268 lulio
225 2207 319 2270 Basso
336 2210 384 2287 001
399 2211 481 2286 item,
497 2208 627 2270 Antonio
641 2207 775 2270 Castore.
803 2208 960 2270 Externis:
980 2207 1135 2285 Theophra·

136 2301 194 2368 sto,
210 2292 391 2370 Democrito,
408 2292 544 2372 Orpheo,
565 2293 747 2372 Pythagora,
765 2293 909 2372 Magone,
923 2291 1082 2354 Menandro
1096 2293 1135 2372 qni

134 2373 317 2458 βιόχρηστα
335 2379 470 2456 scripsit,
491 2377 656 2458 Nicandro,
674 2378 822 2454 llomero,
842 2377 995 2456 llesiodo,
1016 2375 1134 2456 Musaeo,

135 2460 300 2540 Sophocle,
329 2462 481 2524 Anaxilao.
520 2461 659 2524 Medicis:
686 2462 853 2526 Mnesitheo
879 2464 929 2542 001
954 2462 992 2524 de
1020 2466 1134 2538 coronis,

137 2543 312 2608 Callimacho
328 2549 375 2626 qui
395 2549 481 2626 item,
497 2546 604 2609 Phania
618 2548 762 2627 physico,
780 2548 872 2626 Simo,
888 2547 1062 2625 Timaristo,
1079 2548 1136 2626 Hip·

104 2657 106 2661 ¹
135 2641 274 2710 pocrate,
298 2631 482 2713 Chrysippo,
499 2630 621 2709 Diocle,
644 2632 795 2713 Ophioue,
817 2633 993 2709 Heraclide,
1017 2632 1135 2708 Hicesio,

134 2715 295 2795 Dionysio,
313 2717 499 2797 Apollodoro
515 2716 664 2795 Citiense,
681 2718 866 2798 Apollodoro
886 2717 1063 2794 Tarentino,
1080 2720 1137 2780 Pra-

135 2819 258 2879 xagora,
273 2802 445 2880 Plistonico,
461 2801 572 2878 Medio,
586 2801 729 2881 Dieuche,
748 2800 945 2882 Cleophanto,
962 2802 1135 2876 Philistione,

134 2886 331 2964 Asclepiade,
351 2884 495 2964 Crateua,
518 2886 658 2948 Petronio
674 2886 821 2966 Diodoto,
843 2887 936 2966 Iolla,
953 2886 1136 2966 Erasistrato,

134 2969 282 3048 Diagora,
297 2971 431 3048 Andrea,
448 2971 598 3047 Mneside,
619 2962 811 3051 Epicharmo,
831 2972 990 3053 Damione,
1010 2975 1137 3048 Dalione,

135 3056 301 3133 Sosimene,
319 3053 503 3136 Tlepolemo,
520 3055 703 3133 Metrodoro,
724 3057 846 3136 Solone,
865 3056 958 3134 Lyco,
976 3059 1137 3140 Olympiade

135 3137 284 3218 Thebana,
300 3139 425 3219 Philino,
440 3141 588 3217 Petricho,
604 3139 760 3220 Miccione,
780 3141 906 3222 Glaucia,
927 3141 1102 3208 Xenocrate.

194 3223 284 3284 Libro
299 3223 393 3286 XXll.
411 3228 578 3286 continetur
594 3229 751 3288 auctoritas
766 3227 933 3290 herbarum.
965 3229 1015 3312 (2)
1036 3230 1137 3292 Gentes

133 3307 235 3370 herbis
256 3309 368 3370 formae
386 3313 552 3388 gratiauti.
589 3310 640 3392 (3)
655 3311 763 3374 Herbis
785 3314 863 3374 infici
877 3321 990 3394 vestes,
1001 3319 1071 3374 item
1080 3313 1135 3390 pig·

138 3400 239 3455 mento
269 3394 305 3456 de
323 3395 391 3456 oleo
407 3396 542 3458 chortino
560 3393 644 3476 (23).
678 3396 723 3458 De
739 3401 935 3480 sagminibus,
952 3402 989 3464 de
1006 3401 1137 3462 verbenis

135 3488 165 3539 et
182 3480 381 3560 clarigatione.
419 3479 471 3562 (4)
493 3480 538 3544 De
560 3499 670 3544 corona
689 3485 846 3561 graminea.
884 3485 920 3548 (10
937 3489 1054 3550 raritate
1070 3487 1136 3546 eius.

477 3825 533 3902 s
