2308 3936
142 202 204 270 112
487 217 518 266 c.
540 217 636 266 nunu
659 208 820 268 suenum

140 375 267 438 dicamus
293 393 376 454 quarn
396 373 511 436 scelera
531 383 662 439 naturae.
697 381 743 452 et,
766 371 909 449 Hercule,
932 378 990 433 non
1010 371 1132 434 caelestia

98 469 148 522 207
162 468 297 522 enarratu
313 459 477 520 difficiliora
487 459 605 520 fuerint.
628 457 812 518 metallorum
827 457 977 537 opulentia
988 465 1044 518 tam
1056 460 1132 534 varia,

140 557 197 606 tam
213 545 313 622 dives,
335 553 393 606 tum
406 542 545 622 iecunda,
568 551 612 604 tot
628 541 753 604 saeculis
768 541 942 620 suboriens,
963 560 1027 602 cuna
1041 550 1133 602 tautum

141 629 250 692 cotidie
266 629 340 690 orbe
355 637 419 689 toto
434 628 612 708 populentur
626 629 729 706 ignes,
745 627 862 704 ruinae,
878 627 1046 706 naufragia,
1060 627 1133 702 bella,

141 715 275 792 fraudes,
291 721 399 774 tautum
413 730 487 774 vero
501 712 616 774 luxuria
632 721 663 774 et
676 721 722 772 tot
735 711 875 772 mortales
892 720 1056 788 conterant,
1069 729 1146 788 gen·

140 817 249 860 marum
263 802 377 877 pictura
400 806 456 858 tam
473 797 643 876 multiplex,
661 795 787 876 lapidum
803 803 861 856 tam
875 795 1041 857 discolores
1056 813 1135 856 macu-

141 885 200 961 lae,
215 885 351 960 interque
367 900 421 944 eos
437 881 546 943 candor
561 881 682 942 alicuius
697 889 818 961 praeter
833 881 928 944 lucem
939 882 1034 942 omnia
1050 881 1134 942 exclu-

141 969 231 1044 dens,
246 967 453 1028 medicatorum
467 967 590 1028 fontium
604 967 670 1044 vis,
692 967 802 1044 ignium
819 973 864 1026 tot
879 965 953 1026 locis
969 967 1136 1028 emicantium

143 1060 287 1134 perpetua
298 1060 344 1112 tot
355 1051 480 1114 saeculis
490 1052 634 1128 incendia,
646 1051 784 1130 spirituus
795 1049 899 1112 letales
911 1051 1001 1111 aliubi
1012 1059 1061 1112 ant
1072 1067 1136 1112 scru-

142 1137 228 1198 bibus
251 1138 350 1198 emissi
372 1145 420 1198 aut
442 1137 508 1216 ipso
522 1136 580 1198 loci
603 1137 659 1196 situ
681 1133 842 1213 mortiteri,
869 1135 958 1196 aliubi
984 1135 1137 1197 volucribus

142 1231 261 1299 tantum,
278 1231 308 1282 ut
321 1220 442 1282 Soracte
454 1221 549 1282 vicino
565 1221 748 1298 urhi'tractu,
767 1219 855 1280 aliubi
872 1228 991 1300 praeter
1007 1219 1138 1281 hominen

101 1316 151 1368 208
163 1308 272 1368 ceteris
292 1306 498 1384 animantibus,
521 1321 731 1384 nonnumquam
746 1313 778 1365 et
792 1305 916 1382 homini,
936 1306 1015 1366 utin
1036 1305 1138 1366 Sinues-

142 1409 212 1454 sano
225 1407 297 1469 agro
313 1399 344 1451 et
357 1389 517 1450 Puteolano
539 1408 614 1468 quae
633 1389 780 1470 spiracula
790 1397 907 1467 vocant,
922 1388 972 1450 alii
986 1387 1138 1464 Charonea

143 1475 265 1536 scrobes
294 1474 475 1535 mortiferum
502 1477 635 1552 spiritum
658 1473 838 1536 exhalantes.
876 1475 946 1535 item
969 1475 999 1536 in
1022 1473 1139 1554 Hirpinis

141 1559 310 1639 Ampsancti
328 1558 364 1621 ad
374 1557 512 1637 Mephitis
529 1559 630 1621 aedem
644 1559 741 1620 locum
758 1577 844 1639 quem
858 1559 906 1637 qui
921 1559 1074 1620 intrauere
1092 1577 1141 1618 rno-

141 1646 253 1706 riuntur
262 1687 272 1723 ,
289 1644 374 1706 simili
389 1643 475 1704 modo
491 1642 641 1724 Hierapoli
657 1646 688 1704 iu
702 1642 775 1704 Asia
789 1642 889 1704 blatris
904 1652 1015 1704 tantum
1029 1643 1140 1722 Magnae

143 1730 290 1792 sacerdoti
306 1730 461 1790 innoxium.
492 1729 580 1789 aliubi
601 1727 710 1790 fatidici
727 1746 870 1807 specuus,
897 1745 1022 1807 quorum
1038 1728 1150 1812 exhalaq

142 1815 223 1874 tione
237 1814 388 1875 temulenti
403 1812 500 1875 futura
513 1814 694 1893 praecinant,
708 1821 740 1873 ut
753 1812 878 1892 Delphis
891 1813 1079 1874 nobilissimo
1090 1815 1150 1873 nral

140 1899 216 1959 culo.
249 1895 360 1970 Quibus
375 1899 404 1958 in
418 1898 508 1959 rebus
527 1897 594 1978 quid
608 1899 704 1977 possit
724 1897 802 1958 aliud
821 1915 927 1960 causae
942 1898 1064 1960 adferre
1079 1915 1150 1980 mour

139 1982 239 2042 talium
251 1984 393 2062 quispiam
402 2000 485 2062 quam
496 1981 617 2044 diffusae
627 2001 681 2062 per
694 1999 779 2044 omne
791 1989 911 2044 naturae
926 1982 1056 2045 subinde
1067 1983 1150 2046 aliteri

141 2075 229 2144 atquc
247 2066 333 2126 aliter
347 2085 452 2127 numen
471 2065 645 2148 erumpens?
943 2138 944 2142 ,
988 2127 991 2133 .
1149 2095 1150 2102 ¹

98 2157 149 2211 209
206 2147 258 2212 94.
281 2148 363 2229 (96.)
383 2147 529 2222 Quaedam
551 2170 624 2213 vero
647 2161 744 2215 terrae
768 2152 803 2214 ad
821 2154 995 2232 ingressuus
1016 2163 1150 2218 tremuntu

143 2237 222 2296 sicut'
237 2237 267 2294 in
282 2233 418 2296 Gaviensi
442 2254 514 2314 agro
533 2254 591 2298 uou
606 2237 709 2316 procul
729 2237 802 2298 urhe
818 2237 910 2300 Roma
929 2239 1037 2318 iugera
1062 2241 1150 2302 ferme

143 2319 266 2380 ducenta
286 2321 474 2398 equitantium
491 2339 593 2400 cursu,
612 2321 747 2384 similiter
761 2323 791 2383 in
804 2323 939 2386 licutino.

186 2402 237 2467 95.
255 2401 402 2476 Quaedam
412 2405 525 2468 insulae
536 2423 654 2485 semper
666 2405 849 2486 fluctuantur,
866 2409 981 2470 sicutiu
993 2427 1070 2488 agro
1084 2407 1147 2470 Cae·

141 2489 216 2550 cubo
236 2497 266 2550 et
283 2489 387 2551 eodem
398 2487 535 2570 Reatino,
551 2489 718 2570 hlutinensi,
734 2493 924 2570 Statoniensi,
938 2494 968 2554 iu
980 2493 1147 2556 Vadimonis

143 2574 225 2650 lacu,
252 2573 287 2635 ad
312 2571 432 2637 Cutilias
455 2594 543 2656 aquas
567 2593 659 2654 opaca
674 2577 748 2638 silva
771 2595 845 2656 quae
868 2595 1022 2658 numquam
1051 2580 1099 2642 die
1121 2599 1147 2639 uc

142 2667 229 2720 nocte
246 2656 350 2720 eodem
365 2659 432 2720 loco
453 2661 573 2738 visitur,
592 2662 622 2720 in
635 2659 724 2738 Lydia
741 2679 815 2740 quae
828 2671 969 2723 vocantur
985 2657 1150 2726 Calaminae

141 2761 201 2803 non
215 2745 311 2804 uentis
331 2743 425 2805 solum
440 2743 493 2805 sed
511 2745 598 2805 etiam
615 2747 709 2806 contis
728 2763 785 2824 quo
804 2745 895 2808 libeat
911 2747 1068 2828 inpulsae,
1087 2749 1138 2810 mul

141 2835 236 2886 torum
251 2828 356 2886 civium
369 2826 563 2888 Mithridatico
582 2828 662 2888 bello
678 2829 765 2891 salus.
800 2839 865 2892 sunt
883 2839 913 2892 et
932 2833 962 2892 in
977 2831 1147 2916 Nymphaeo

140 2927 267 2988 parvae,
298 2909 425 2972 Saliares
448 2911 559 2990 dictae,
586 2914 723 2991 quonium
741 2917 772 2976 in
793 2915 981 2995 symphoniae
1006 2929 1133 2982 oantnu

140 2995 234 3054 ictuus
260 2993 464 3056 modulantium
484 2996 590 3074 pedum
610 3007 772 3060 mouentur.
808 3001 838 3060 in
859 2999 1069 3080 Tarquiniensi
1091 3005 1133 3065 lac

139 3095 244 3156 magno
255 3077 357 3140 ltaliae
370 3079 443 3141 duae
452 3098 571 3142 nemora
583 3083 799 3161 circumierunt,
808 3103 884 3147 nuuc
894 3087 1072 3166 triquetram
1084 3091 1140 3170 iigu

139 3179 199 3222 ram
220 3163 341 3224 edentes
360 3181 434 3224 nuuc
454 3165 606 3227 rotundam
631 3167 778 3250 conplexu
799 3171 895 3232 ventis
924 3170 1140 3252 inpellentibus

140 3245 307 3326 quadratam
326 3265 483 3327 numquam.

96 3339 147 3390 210
203 3329 254 3394 96.
276 3329 358 3411 (97.)
382 3330 509 3396 Celebre
529 3335 625 3397 lanum
645 3336 734 3398 habet
757 3338 884 3401 Veneris
900 3340 1037 3422 Paphos,
1061 3348 1093 3405 in
1108 3366 1140 3406 cu

86 3461 89 3470 ,
139 3416 184 3475 ius
207 3417 345 3495 quandam
361 3435 438 3478 aram
450 3436 518 3501 ‘non
534 3421 656 3500 inpluit,
679 3424 749 3484 item
767 3425 797 3484 iu
812 3423 875 3486 Nea
897 3428 1003 3506 oppido
1023 3427 1136 3490 Troadi
