<?xml version="1.0" encoding="UTF-8"?>
<!DOCTYPE html PUBLIC "-//W3C//DTD XHTML 1.0 Transitional//EN"
    "http://www.w3.org/TR/xhtml1/DTD/xhtml1-transitional.dtd">
<html xmlns="http://www.w3.org/1999/xhtml" xml:lang="en" lang="en">
 <head>
  <title>
</title>
<meta http-equiv="Content-Type" content="text/html;charset=utf-8" />
  <meta name='ocr-system' content='tesseract 3.04.00' />
  <meta name='ocr-capabilities' content='ocr_page ocr_carea ocr_par ocr_line ocrx_word'/>
</head>
<body>
  <div class='ocr_page' id='page_1' title='image "./naturalishistor02plingoog_0220.png"; bbox 0 0 2408 3934; ppageno 0'>
   <div class='ocr_carea' id='block_1_1' title="bbox 154 245 815 312">
    <p class='ocr_par' dir='ltr' id='par_1_1' title="bbox 154 245 815 312">
     <span class='ocr_line' id='line_1_1' title="bbox 154 245 815 312; baseline -0.005 -3"><span class='ocrx_word' id='word_1_1' title='bbox 154 245 216 310; x_wconf 80' lang='grc'><strong>142</strong></span> <span class='ocrx_word' id='word_1_2' title='bbox 495 261 526 312; x_wconf 89' lang='lat' dir='ltr'><strong>c.</strong></span> <span class='ocrx_word' id='word_1_3' title='bbox 546 261 643 308; x_wconf 77' lang='lat' dir='ltr'><strong>emm</strong></span> <span class='ocrx_word' id='word_1_4' title='bbox 665 259 815 308; x_wconf 80' lang='lat' dir='ltr'><strong>secunus</strong></span> 
     </span>
    </p>
   </div>
   <div class='ocr_carea' id='block_1_2' title="bbox 92 409 1201 3626">
    <p class='ocr_par' dir='ltr' id='par_1_2' title="bbox 153 409 1201 562">
     <span class='ocr_line' id='line_1_2' title="bbox 153 409 1201 497; baseline -0.004 -21"><span class='ocrx_word' id='word_1_5' title='bbox 153 419 225 478; x_wconf 85' lang='lat' dir='ltr'><strong>sima</strong></span> <span class='ocrx_word' id='word_1_6' title='bbox 242 417 401 497; x_wconf 87' lang='lat' dir='ltr'><strong>eademque</strong></span> <span class='ocrx_word' id='word_1_7' title='bbox 423 418 537 478; x_wconf 89' lang='lat' dir='ltr'><strong>minima</strong></span> <span class='ocrx_word' id='word_1_8' title='bbox 560 415 737 494; x_wconf 78' lang='lat' dir='ltr'><strong>Euonymos.</strong></span> <span class='ocrx_word' id='word_1_9' title='bbox 781 415 927 476; x_wconf 72' lang='lat' dir='ltr'><strong>Hactenus</strong></span> <span class='ocrx_word' id='word_1_10' title='bbox 945 414 981 475; x_wconf 87' lang='lat' dir='ltr'><strong>de</strong></span> <span class='ocrx_word' id='word_1_11' title='bbox 998 414 1091 494; x_wconf 85' lang='lat' dir='ltr'><strong>primo</strong></span> <span class='ocrx_word' id='word_1_12' title='bbox 1105 409 1151 473; x_wconf 84' lang='lat' dir='ltr'><strong>llu-</strong></span> <span class='ocrx_word' id='word_1_13' title='bbox 1200 413 1201 452; x_wconf 67' lang='lat'>³</span> 
     </span>
     <span class='ocr_line' id='line_1_3' title="bbox 153 519 1201 562; baseline -0.001 -2"><span class='ocrx_word' id='word_1_14' title='bbox 153 519 187 561; x_wconf 93' lang='lat' dir='ltr'><strong>ro</strong></span> <span class='ocrx_word' id='word_1_15' title='bbox 211 521 332 562; x_wconf 89' lang='lat' dir='ltr'><strong>aesrnu.</strong></span> <span class='ocrx_word' id='word_1_16' title='bbox 1200 537 1201 546; x_wconf 58' lang='lat'>2</span> 
     </span>
    </p>

    <p class='ocr_par' dir='ltr' id='par_1_3' title="bbox 110 519 1201 1594">
     <span class='ocr_line' id='line_1_4' title="bbox 110 519 1201 665; baseline -0.004 -22"><span class='ocrx_word' id='word_1_17' title='bbox 110 591 144 644; x_wconf 87' lang='grc'><strong>95</strong></span> <span class='ocrx_word' id='word_1_18' title='bbox 191 519 269 650; x_wconf 78' lang='lat' dir='ltr'><strong>p10.</strong></span> <span class='ocrx_word' id='word_1_19' title='bbox 288 585 371 665; x_wconf 78' lang='lat'>(15.)</span> <span class='ocrx_word' id='word_1_20' title='bbox 394 586 421 646; x_wconf 93' lang='lat' dir='ltr'><strong>A</strong></span> <span class='ocrx_word' id='word_1_21' title='bbox 444 585 547 647; x_wconf 79' lang='lat' dir='ltr'><strong>locris</strong></span> <span class='ocrx_word' id='word_1_22' title='bbox 567 585 670 646; x_wconf 87' lang='lat' dir='ltr'><strong>ltaliae</strong></span> <span class='ocrx_word' id='word_1_23' title='bbox 690 587 771 646; x_wconf 84' lang='lat' dir='ltr'><strong>frons</strong></span> <span class='ocrx_word' id='word_1_24' title='bbox 792 585 892 663; x_wconf 78' lang='lat' dir='ltr'><strong>incipit</strong></span> <span class='ocrx_word' id='word_1_25' title='bbox 910 581 1018 662; x_wconf 85' lang='lat' dir='ltr'><strong>Magna</strong></span> <span class='ocrx_word' id='word_1_26' title='bbox 1045 580 1152 642; x_wconf 78' lang='lat' dir='ltr'><strong>Graecia</strong></span> <span class='ocrx_word' id='word_1_27' title='bbox 1200 629 1201 638; x_wconf 71' lang='grc'>,</span> 
     </span>
     <span class='ocr_line' id='line_1_5' title="bbox 154 653 1201 750; baseline -0.007 -18"><span class='ocrx_word' id='word_1_28' title='bbox 154 671 311 750; x_wconf 84' lang='lat' dir='ltr'><strong>appellata,</strong></span> <span class='ocrx_word' id='word_1_29' title='bbox 326 673 356 732; x_wconf 92' lang='lat' dir='ltr'><strong>in</strong></span> <span class='ocrx_word' id='word_1_30' title='bbox 371 674 424 732; x_wconf 90' lang='lat' dir='ltr'><strong>tris</strong></span> <span class='ocrx_word' id='word_1_31' title='bbox 441 673 539 731; x_wconf 81' lang='lat' dir='ltr'><strong>sinuus</strong></span> <span class='ocrx_word' id='word_1_32' title='bbox 550 671 695 730; x_wconf 81' lang='lat' dir='ltr'><strong>recedens</strong></span> <span class='ocrx_word' id='word_1_33' title='bbox 710 669 833 730; x_wconf 90' lang='lat' dir='ltr'><strong>Ausonii</strong></span> <span class='ocrx_word' id='word_1_34' title='bbox 845 669 942 744; x_wconf 88' lang='lat' dir='ltr'><strong>maris,</strong></span> <span class='ocrx_word' id='word_1_35' title='bbox 959 669 1098 746; x_wconf 87' lang='lat' dir='ltr'><strong>quoniam</strong></span> <span class='ocrx_word' id='word_1_36' title='bbox 1106 666 1152 726; x_wconf 91' lang='lat' dir='ltr'><strong>Au·</strong></span> <span class='ocrx_word' id='word_1_37' title='bbox 1200 653 1201 694; x_wconf 58' lang='lat'>¹</span> 
     </span>
     <span class='ocr_line' id='line_1_6' title="bbox 155 752 1166 835; baseline 0.001 -19"><span class='ocrx_word' id='word_1_38' title='bbox 155 773 244 817; x_wconf 90' lang='lat' dir='ltr'><strong>sones</strong></span> <span class='ocrx_word' id='word_1_39' title='bbox 262 765 385 816; x_wconf 86' lang='lat' dir='ltr'><strong>tenuere</strong></span> <span class='ocrx_word' id='word_1_40' title='bbox 403 756 495 835; x_wconf 92' lang='lat' dir='ltr'><strong>primi.</strong></span> <span class='ocrx_word' id='word_1_41' title='bbox 533 763 614 833; x_wconf 90' lang='lat' dir='ltr'><strong>patet</strong></span> <span class='ocrx_word' id='word_1_42' title='bbox 630 752 781 816; x_wconf 82' lang='lat' dir='ltr'>LXXXVI</span> <span class='ocrx_word' id='word_1_43' title='bbox 795 754 824 816; x_wconf 95' lang='lat' dir='ltr'><strong>M</strong></span> <span class='ocrx_word' id='word_1_44' title='bbox 840 771 930 833; x_wconf 80' lang='lat' dir='ltr'><strong>pass,</strong></span> <span class='ocrx_word' id='word_1_45' title='bbox 947 761 978 812; x_wconf 92' lang='lat' dir='ltr'><strong>ut</strong></span> <span class='ocrx_word' id='word_1_46' title='bbox 995 760 1100 812; x_wconf 87' lang='lat' dir='ltr'><strong>auctor</strong></span> <span class='ocrx_word' id='word_1_47' title='bbox 1116 759 1166 816; x_wconf 79' lang='lat' dir='ltr'><strong>esta</strong></span> 
     </span>
     <span class='ocr_line' id='line_1_7' title="bbox 154 836 1153 919; baseline -0.004 -20"><span class='ocrx_word' id='word_1_48' title='bbox 154 839 259 900; x_wconf 89' lang='lat' dir='ltr'><strong>Varro.</strong></span> <span class='ocrx_word' id='word_1_49' title='bbox 281 840 417 919; x_wconf 85' lang='lat' dir='ltr'><strong>plerique</strong></span> <span class='ocrx_word' id='word_1_50' title='bbox 430 839 537 902; x_wconf 84' lang='lat' dir='ltr'>LXXV</span> <span class='ocrx_word' id='word_1_51' title='bbox 549 839 700 900; x_wconf 83' lang='lat' dir='ltr'><strong>Miscere.</strong></span> <span class='ocrx_word' id='word_1_52' title='bbox 721 838 754 899; x_wconf 95' lang='lat' dir='ltr'><strong>ln</strong></span> <span class='ocrx_word' id='word_1_53' title='bbox 766 857 801 900; x_wconf 85' lang='lat' dir='ltr'><strong>ea</strong></span> <span class='ocrx_word' id='word_1_54' title='bbox 813 856 865 899; x_wconf 88' lang='lat' dir='ltr'><strong>ora</strong></span> <span class='ocrx_word' id='word_1_55' title='bbox 877 836 992 898; x_wconf 87' lang='lat' dir='ltr'><strong>domina</strong></span> <span class='ocrx_word' id='word_1_56' title='bbox 1005 839 1153 912; x_wconf 89' lang='lat' dir='ltr'><strong>innumera,</strong></span> 
     </span>
     <span class='ocr_line' id='line_1_8' title="bbox 156 917 1153 1003; baseline -0.003 -21"><span class='ocrx_word' id='word_1_57' title='bbox 156 925 209 985; x_wconf 90' lang='lat' dir='ltr'><strong>sed</strong></span> <span class='ocrx_word' id='word_1_58' title='bbox 226 935 387 986; x_wconf 91' lang='lat' dir='ltr'><strong>memoratu</strong></span> <span class='ocrx_word' id='word_1_59' title='bbox 401 926 487 1002; x_wconf 86' lang='lat' dir='ltr'><strong>digna</strong></span> <span class='ocrx_word' id='word_1_60' title='bbox 502 943 518 984; x_wconf 93' lang='lat' dir='ltr'><strong>a</strong></span> <span class='ocrx_word' id='word_1_61' title='bbox 535 924 638 985; x_wconf 84' lang='lat' dir='ltr'><strong>Locris</strong></span> <span class='ocrx_word' id='word_1_62' title='bbox 654 922 764 1003; x_wconf 78' lang='lat' dir='ltr'><strong>Sagra,</strong></span> <span class='ocrx_word' id='word_1_63' title='bbox 787 932 818 984; x_wconf 90' lang='lat' dir='ltr'><strong>et</strong></span> <span class='ocrx_word' id='word_1_64' title='bbox 832 922 959 1000; x_wconf 83' lang='lat' dir='ltr'><strong>vestigia</strong></span> <span class='ocrx_word' id='word_1_65' title='bbox 973 920 1078 1000; x_wconf 83' lang='lat' dir='ltr'><strong>oppidi</strong></span> <span class='ocrx_word' id='word_1_66' title='bbox 1094 917 1153 980; x_wconf 86' lang='lat' dir='ltr'><strong>Can·</strong></span> 
     </span>
     <span class='ocr_line' id='line_1_9' title="bbox 154 1004 1153 1086; baseline -0.003 -19"><span class='ocrx_word' id='word_1_67' title='bbox 154 1008 248 1086; x_wconf 91' lang='lat' dir='ltr'><strong>lonis,</strong></span> <span class='ocrx_word' id='word_1_68' title='bbox 271 1009 408 1085; x_wconf 79' lang='lat' dir='ltr'><strong>Mustiae,</strong></span> <span class='ocrx_word' id='word_1_69' title='bbox 424 1005 602 1068; x_wconf 77' lang='lat' dir='ltr'><strong>Consilinum</strong></span> <span class='ocrx_word' id='word_1_70' title='bbox 620 1016 762 1084; x_wconf 90' lang='lat' dir='ltr'><strong>castrum,</strong></span> <span class='ocrx_word' id='word_1_71' title='bbox 781 1004 977 1083; x_wconf 76' lang='lat' dir='ltr'><strong>Cocynthum,</strong></span> <span class='ocrx_word' id='word_1_72' title='bbox 997 1005 1078 1086; x_wconf 91' lang='lat' dir='ltr'><strong>quod</strong></span> <span class='ocrx_word' id='word_1_73' title='bbox 1098 1023 1153 1065; x_wconf 85' lang='lat' dir='ltr'><strong>csse</strong></span> 
     </span>
     <span class='ocr_line' id='line_1_10' title="bbox 155 1089 1154 1172; baseline -0.004 -20"><span class='ocrx_word' id='word_1_74' title='bbox 155 1093 354 1172; x_wconf 85' lang='lat' dir='ltr'><strong>longissimum</strong></span> <span class='ocrx_word' id='word_1_75' title='bbox 373 1093 477 1155; x_wconf 87' lang='lat' dir='ltr'><strong>ltaliae</strong></span> <span class='ocrx_word' id='word_1_76' title='bbox 506 1093 735 1172; x_wconf 86' lang='lat' dir='ltr'><strong>promunturium</strong></span> <span class='ocrx_word' id='word_1_77' title='bbox 761 1091 849 1171; x_wconf 81' lang='lat' dir='ltr'><strong>aliqui</strong></span> <span class='ocrx_word' id='word_1_78' title='bbox 877 1091 1056 1150; x_wconf 88' lang='lat' dir='ltr'><strong>existimant.</strong></span> <span class='ocrx_word' id='word_1_79' title='bbox 1099 1089 1154 1149; x_wconf 88' lang='lat' dir='ltr'><strong>dein</strong></span> 
     </span>
     <span class='ocr_line' id='line_1_11' title="bbox 156 1173 1175 1257; baseline -0.001 -20"><span class='ocrx_word' id='word_1_80' title='bbox 156 1179 235 1238; x_wconf 89' lang='lat' dir='ltr'><strong>sinus</strong></span> <span class='ocrx_word' id='word_1_81' title='bbox 247 1187 277 1240; x_wconf 87' lang='lat' dir='ltr'><strong>et</strong></span> <span class='ocrx_word' id='word_1_82' title='bbox 288 1176 449 1257; x_wconf 79' lang='lat' dir='ltr'><strong>Stolagium</strong></span> <span class='ocrx_word' id='word_1_83' title='bbox 460 1175 652 1255; x_wconf 89' lang='lat' dir='ltr'><strong>Scyllaceum,</strong></span> <span class='ocrx_word' id='word_1_84' title='bbox 664 1175 834 1253; x_wconf 75' lang='lat' dir='ltr'><strong>Scylletium</strong></span> <span class='ocrx_word' id='word_1_85' title='bbox 845 1173 1092 1253; x_wconf 79' lang='lat' dir='ltr'><strong>Atheniensibus,</strong></span> <span class='ocrx_word' id='word_1_86' title='bbox 1103 1193 1175 1236; x_wconf 85' lang='lat' dir='ltr'><strong>cumn</strong></span> 
     </span>
     <span class='ocr_line' id='line_1_12' title="bbox 155 1258 1153 1340; baseline -0.006 -18"><span class='ocrx_word' id='word_1_87' title='bbox 155 1262 331 1340; x_wconf 89' lang='lat' dir='ltr'><strong>conderent,</strong></span> <span class='ocrx_word' id='word_1_88' title='bbox 354 1263 477 1339; x_wconf 89' lang='lat' dir='ltr'><strong>dictum,</strong></span> <span class='ocrx_word' id='word_1_89' title='bbox 499 1279 583 1340; x_wconf 89' lang='lat' dir='ltr'><strong>quem</strong></span> <span class='ocrx_word' id='word_1_90' title='bbox 605 1261 701 1322; x_wconf 90' lang='lat' dir='ltr'><strong>locum</strong></span> <span class='ocrx_word' id='word_1_91' title='bbox 724 1277 882 1322; x_wconf 87' lang='lat' dir='ltr'><strong>occurrens</strong></span> <span class='ocrx_word' id='word_1_92' title='bbox 898 1258 1064 1320; x_wconf 83' lang='lat' dir='ltr'><strong>Terinaeus</strong></span> <span class='ocrx_word' id='word_1_93' title='bbox 1086 1259 1153 1318; x_wconf 85' lang='lat' dir='ltr'><strong>sinus</strong></span> 
     </span>
     <span class='ocr_line' id='line_1_13' title="bbox 156 1341 1154 1426; baseline -0.005 -19"><span class='ocrx_word' id='word_1_94' title='bbox 156 1347 337 1425; x_wconf 88' lang='lat' dir='ltr'><strong>peninsulam</strong></span> <span class='ocrx_word' id='word_1_95' title='bbox 353 1348 458 1422; x_wconf 84' lang='lat' dir='ltr'><strong>allicit,</strong></span> <span class='ocrx_word' id='word_1_96' title='bbox 477 1355 507 1408; x_wconf 88' lang='lat' dir='ltr'><strong>et</strong></span> <span class='ocrx_word' id='word_1_97' title='bbox 527 1348 557 1406; x_wconf 94' lang='lat' dir='ltr'><strong>in</strong></span> <span class='ocrx_word' id='word_1_98' title='bbox 577 1364 613 1406; x_wconf 91' lang='lat' dir='ltr'><strong>ea</strong></span> <span class='ocrx_word' id='word_1_99' title='bbox 634 1355 737 1426; x_wconf 91' lang='lat' dir='ltr'><strong>portus</strong></span> <span class='ocrx_word' id='word_1_100' title='bbox 759 1347 808 1424; x_wconf 95' lang='lat' dir='ltr'><strong>qui</strong></span> <span class='ocrx_word' id='word_1_101' title='bbox 829 1353 952 1406; x_wconf 89' lang='lat' dir='ltr'><strong>vocatur</strong></span> <span class='ocrx_word' id='word_1_102' title='bbox 970 1341 1076 1404; x_wconf 88' lang='lat' dir='ltr'><strong>Castra</strong></span> <span class='ocrx_word' id='word_1_103' title='bbox 1092 1344 1154 1404; x_wconf 86' lang='lat' dir='ltr'><strong>llan-</strong></span> 
     </span>
     <span class='ocr_line' id='line_1_14' title="bbox 156 1427 1154 1510; baseline -0.003 -20"><span class='ocrx_word' id='word_1_104' title='bbox 156 1432 278 1509; x_wconf 87' lang='lat' dir='ltr'><strong>nihalis‚</strong></span> <span class='ocrx_word' id='word_1_105' title='bbox 300 1449 438 1510; x_wconf 84' lang='lat' dir='ltr'><strong>nusquam</strong></span> <span class='ocrx_word' id='word_1_106' title='bbox 461 1431 632 1509; x_wconf 83' lang='lat' dir='ltr'><strong>angustiore</strong></span> <span class='ocrx_word' id='word_1_107' title='bbox 646 1430 738 1491; x_wconf 91' lang='lat' dir='ltr'><strong>ltalia.</strong></span> <span class='ocrx_word' id='word_1_108' title='bbox 775 1427 825 1490; x_wconf 81' lang='lat' dir='ltr'><strong>XL</strong></span> <span class='ocrx_word' id='word_1_109' title='bbox 839 1427 870 1490; x_wconf 92' lang='lat' dir='ltr'><strong>M</strong></span> <span class='ocrx_word' id='word_1_110' title='bbox 884 1447 1024 1508; x_wconf 87' lang='lat' dir='ltr'><strong>passuum</strong></span> <span class='ocrx_word' id='word_1_111' title='bbox 1044 1428 1154 1490; x_wconf 88' lang='lat' dir='ltr'><strong>latitudo</strong></span> 
     </span>
     <span class='ocr_line' id='line_1_15' title="bbox 156 1511 1155 1594; baseline -0.005 -18"><span class='ocrx_word' id='word_1_112' title='bbox 156 1523 212 1577; x_wconf 88' lang='lat' dir='ltr'><strong>est.</strong></span> <span class='ocrx_word' id='word_1_113' title='bbox 238 1518 336 1594; x_wconf 87' lang='lat' dir='ltr'><strong>itaque</strong></span> <span class='ocrx_word' id='word_1_114' title='bbox 352 1515 509 1594; x_wconf 89' lang='lat' dir='ltr'><strong>Dionysius</strong></span> <span class='ocrx_word' id='word_1_115' title='bbox 525 1517 615 1576; x_wconf 93' lang='lat' dir='ltr'><strong>maior</strong></span> <span class='ocrx_word' id='word_1_116' title='bbox 631 1517 803 1576; x_wconf 59' lang='lat' dir='ltr'><strong>intercisam*</strong></span> <span class='ocrx_word' id='word_1_117' title='bbox 814 1531 851 1574; x_wconf 89' lang='lat' dir='ltr'><strong>eo</strong></span> <span class='ocrx_word' id='word_1_118' title='bbox 875 1513 943 1574; x_wconf 89' lang='lat' dir='ltr'><strong>loco</strong></span> <span class='ocrx_word' id='word_1_119' title='bbox 959 1513 1080 1574; x_wconf 87' lang='lat' dir='ltr'><strong>adicere</strong></span> <span class='ocrx_word' id='word_1_120' title='bbox 1096 1511 1155 1572; x_wconf 88' lang='lat' dir='ltr'><strong>Sici·</strong></span> 
     </span>
    </p>

    <p class='ocr_par' dir='ltr' id='par_1_4' title="bbox 112 1595 1200 2174">
     <span class='ocr_line' id='line_1_16' title="bbox 112 1595 1176 1678; baseline -0.004 -18"><span class='ocrx_word' id='word_1_121' title='bbox 112 1599 214 1662; x_wconf 79' lang='lat' dir='ltr'><strong>ttdliae</strong></span> <span class='ocrx_word' id='word_1_122' title='bbox 236 1601 336 1662; x_wconf 88' lang='lat' dir='ltr'><strong>voluit.</strong></span> <span class='ocrx_word' id='word_1_123' title='bbox 373 1619 472 1662; x_wconf 89' lang='lat' dir='ltr'><strong>amnes</strong></span> <span class='ocrx_word' id='word_1_124' title='bbox 494 1601 534 1660; x_wconf 94' lang='lat' dir='ltr'><strong>ihi</strong></span> <span class='ocrx_word' id='word_1_125' title='bbox 558 1599 739 1678; x_wconf 80' lang='lat' dir='ltr'><strong>navigabiles</strong></span> <span class='ocrx_word' id='word_1_126' title='bbox 761 1597 915 1676; x_wconf 82' lang='lat' dir='ltr'><strong>Carcinus,</strong></span> <span class='ocrx_word' id='word_1_127' title='bbox 937 1595 1092 1673; x_wconf 84' lang='lat' dir='ltr'><strong>Crotalus,</strong></span> <span class='ocrx_word' id='word_1_128' title='bbox 1113 1596 1176 1657; x_wconf 82' lang='lat' dir='ltr'><strong>Seu</strong></span> 
     </span>
     <span class='ocr_line' id='line_1_17' title="bbox 156 1680 1155 1764; baseline -0.004 -20"><span class='ocrx_word' id='word_1_129' title='bbox 156 1687 255 1763; x_wconf 92' lang='lat' dir='ltr'><strong>mirus,</strong></span> <span class='ocrx_word' id='word_1_130' title='bbox 274 1685 402 1764; x_wconf 80' lang='lat' dir='ltr'><strong>Arogas,</strong></span> <span class='ocrx_word' id='word_1_131' title='bbox 420 1685 578 1763; x_wconf 83' lang='lat' dir='ltr'><strong>Thagines,</strong></span> <span class='ocrx_word' id='word_1_132' title='bbox 595 1683 732 1764; x_wconf 92' lang='lat' dir='ltr'><strong>oppidum</strong></span> <span class='ocrx_word' id='word_1_133' title='bbox 746 1686 823 1744; x_wconf 87' lang='lat' dir='ltr'><strong>intus</strong></span> <span class='ocrx_word' id='word_1_134' title='bbox 837 1681 954 1761; x_wconf 86' lang='lat' dir='ltr'><strong>Petilia,</strong></span> <span class='ocrx_word' id='word_1_135' title='bbox 970 1701 1056 1743; x_wconf 90' lang='lat' dir='ltr'><strong>mons</strong></span> <span class='ocrx_word' id='word_1_136' title='bbox 1073 1680 1155 1743; x_wconf 90' lang='lat' dir='ltr'><strong>Cliba-</strong></span> 
     </span>
     <span class='ocr_line' id='line_1_18' title="bbox 156 1763 1156 1849; baseline -0.004 -21"><span class='ocrx_word' id='word_1_137' title='bbox 156 1788 227 1847; x_wconf 94' lang='lat' dir='ltr'><strong>nus,</strong></span> <span class='ocrx_word' id='word_1_138' title='bbox 249 1772 478 1849; x_wconf 90' lang='lat' dir='ltr'><strong>promunturium</strong></span> <span class='ocrx_word' id='word_1_139' title='bbox 498 1768 660 1845; x_wconf 81' lang='lat' dir='ltr'><strong>lacinium,</strong></span> <span class='ocrx_word' id='word_1_140' title='bbox 684 1771 764 1828; x_wconf 85' lang='lat' dir='ltr'><strong>cuius</strong></span> <span class='ocrx_word' id='word_1_141' title='bbox 786 1776 854 1829; x_wconf 88' lang='lat' dir='ltr'><strong>ante</strong></span> <span class='ocrx_word' id='word_1_142' title='bbox 876 1785 957 1830; x_wconf 90' lang='lat' dir='ltr'><strong>oram</strong></span> <span class='ocrx_word' id='word_1_143' title='bbox 978 1767 1075 1828; x_wconf 92' lang='lat' dir='ltr'><strong>insula</strong></span> <span class='ocrx_word' id='word_1_144' title='bbox 1096 1763 1156 1826; x_wconf 94' lang='lat' dir='ltr'><strong>Xll</strong></span> 
     </span>
     <span class='ocr_line' id='line_1_19' title="bbox 156 1849 1155 1933; baseline -0.001 -21"><span class='ocrx_word' id='word_1_145' title='bbox 156 1871 234 1932; x_wconf 89' lang='lat' dir='ltr'><strong>pass.</strong></span> <span class='ocrx_word' id='word_1_146' title='bbox 252 1863 363 1916; x_wconf 82' lang='lat' dir='ltr'><strong>eterra</strong></span> <span class='ocrx_word' id='word_1_147' title='bbox 378 1854 562 1931; x_wconf 90' lang='lat' dir='ltr'><strong>Dioscoron,</strong></span> <span class='ocrx_word' id='word_1_148' title='bbox 584 1853 678 1916; x_wconf 89' lang='lat' dir='ltr'><strong>altera</strong></span> <span class='ocrx_word' id='word_1_149' title='bbox 695 1851 837 1933; x_wconf 80' lang='lat' dir='ltr'><strong>Calypsus</strong></span> <span class='ocrx_word' id='word_1_150' title='bbox 859 1871 944 1933; x_wconf 89' lang='lat' dir='ltr'><strong>quam</strong></span> <span class='ocrx_word' id='word_1_151' title='bbox 959 1849 1104 1930; x_wconf 81' lang='lat' dir='ltr'><strong>Ogygiam</strong></span> <span class='ocrx_word' id='word_1_152' title='bbox 1117 1869 1155 1930; x_wconf 89' lang='lat' dir='ltr'><strong>ap-</strong></span> 
     </span>
     <span class='ocr_line' id='line_1_20' title="bbox 155 1933 1200 2018; baseline -0.004 -19"><span class='ocrx_word' id='word_1_153' title='bbox 155 1938 286 2016; x_wconf 86' lang='lat' dir='ltr'><strong>pellasse</strong></span> <span class='ocrx_word' id='word_1_154' title='bbox 312 1937 455 2000; x_wconf 88' lang='lat' dir='ltr'><strong>Homerus</strong></span> <span class='ocrx_word' id='word_1_155' title='bbox 481 1941 681 2016; x_wconf 86' lang='lat' dir='ltr'><strong>existimatur,</strong></span> <span class='ocrx_word' id='word_1_156' title='bbox 711 1947 867 2018; x_wconf 89' lang='lat' dir='ltr'><strong>praeterea</strong></span> <span class='ocrx_word' id='word_1_157' title='bbox 893 1933 998 2014; x_wconf 89' lang='lat' dir='ltr'><strong>Tyris,</strong></span> <span class='ocrx_word' id='word_1_158' title='bbox 1028 1936 1155 2012; x_wconf 84' lang='lat' dir='ltr'><strong>Eranusa,</strong></span> <span class='ocrx_word' id='word_1_159' title='bbox 1199 1953 1200 1980; x_wconf 79' lang='lat'>³</span> 
     </span>
     <span class='ocr_line' id='line_1_21' title="bbox 154 2019 1200 2104; baseline -0.002 -22"><span class='ocrx_word' id='word_1_160' title='bbox 154 2021 313 2089; x_wconf 77' lang='lat' dir='ltr'><strong>Meloessa.</strong></span> <span class='ocrx_word' id='word_1_161' title='bbox 355 2025 450 2103; x_wconf 90' lang='lat' dir='ltr'><strong>ipsum</strong></span> <span class='ocrx_word' id='word_1_162' title='bbox 478 2041 494 2083; x_wconf 92' lang='lat' dir='ltr'><strong>a</strong></span> <span class='ocrx_word' id='word_1_163' title='bbox 521 2020 651 2084; x_wconf 86' lang='lat' dir='ltr'><strong>Caulone</strong></span> <span class='ocrx_word' id='word_1_164' title='bbox 677 2020 784 2084; x_wconf 84' lang='lat' dir='ltr'><strong>abesse</strong></span> <span class='ocrx_word' id='word_1_165' title='bbox 809 2019 937 2082; x_wconf 87' lang='lat' dir='ltr'><strong>LXXM</strong></span> <span class='ocrx_word' id='word_1_166' title='bbox 963 2039 1044 2101; x_wconf 90' lang='lat' dir='ltr'><strong>pass.</strong></span> <span class='ocrx_word' id='word_1_167' title='bbox 1071 2021 1200 2104; x_wconf 73' lang='lat' dir='ltr'><strong>prodita</strong></span> 
     </span>
     <span class='ocr_line' id='line_1_22' title="bbox 156 2105 1200 2174; baseline -0.002 -9"><span class='ocrx_word' id='word_1_168' title='bbox 156 2107 228 2168; x_wconf 92' lang='lat' dir='ltr'><strong>Ari</strong></span> <span class='ocrx_word' id='word_1_169' title='bbox 273 2126 297 2167; x_wconf 86' lang='lat' dir='ltr'><strong>a.</strong></span> <span class='ocrx_word' id='word_1_170' title='bbox 1199 2105 1200 2174; x_wconf 61' lang='lat' dir='ltr'><strong>l</strong></span> 
     </span>
    </p>

    <p class='ocr_par' dir='ltr' id='par_1_5' title="bbox 112 2126 1200 2781">
     <span class='ocr_line' id='line_1_23' title="bbox 112 2126 1200 2272; baseline -0.001 -20"><span class='ocrx_word' id='word_1_171' title='bbox 112 2200 145 2252; x_wconf 80' lang='lat' dir='ltr'><strong>aa</strong></span> <span class='ocrx_word' id='word_1_172' title='bbox 184 2126 272 2253; x_wconf 73' lang='lat' dir='ltr'><strong>gplp</strong></span> <span class='ocrx_word' id='word_1_173' title='bbox 300 2191 460 2254; x_wconf 84' lang='lat' dir='ltr'><strong>Alacinio</strong></span> <span class='ocrx_word' id='word_1_174' title='bbox 475 2195 676 2272; x_wconf 87' lang='lat' dir='ltr'><strong>promunturio</strong></span> <span class='ocrx_word' id='word_1_175' title='bbox 701 2192 846 2253; x_wconf 88' lang='lat' dir='ltr'><strong>secundus</strong></span> <span class='ocrx_word' id='word_1_176' title='bbox 864 2191 1002 2270; x_wconf 85' lang='lat' dir='ltr'><strong>Europae</strong></span> <span class='ocrx_word' id='word_1_177' title='bbox 1027 2194 1103 2252; x_wconf 89' lang='lat' dir='ltr'><strong>sinus</strong></span> <span class='ocrx_word' id='word_1_178' title='bbox 1124 2193 1156 2252; x_wconf 91' lang='lat' dir='ltr'><strong>in·</strong></span> <span class='ocrx_word' id='word_1_179' title='bbox 1199 2183 1200 2272; x_wconf 70' lang='lat' dir='ltr'><strong>l</strong></span> 
     </span>
     <span class='ocr_line' id='line_1_24' title="bbox 156 2275 1157 2357; baseline -0.001 -21"><span class='ocrx_word' id='word_1_180' title='bbox 156 2279 227 2357; x_wconf 88' lang='lat' dir='ltr'><strong>cipit</strong></span> <span class='ocrx_word' id='word_1_181' title='bbox 242 2294 347 2355; x_wconf 85' lang='lat' dir='ltr'><strong>magno</strong></span> <span class='ocrx_word' id='word_1_182' title='bbox 364 2278 471 2338; x_wconf 89' lang='lat' dir='ltr'><strong>amhitu</strong></span> <span class='ocrx_word' id='word_1_183' title='bbox 488 2278 582 2338; x_wconf 84' lang='lat' dir='ltr'><strong>llexus</strong></span> <span class='ocrx_word' id='word_1_184' title='bbox 599 2286 629 2338; x_wconf 87' lang='lat' dir='ltr'><strong>ct</strong></span> <span class='ocrx_word' id='word_1_185' title='bbox 644 2277 865 2338; x_wconf 89' lang='lat' dir='ltr'><strong>Acroceraunio</strong></span> <span class='ocrx_word' id='word_1_186' title='bbox 882 2275 964 2356; x_wconf 83' lang='lat' dir='ltr'><strong>Epiri</strong></span> <span class='ocrx_word' id='word_1_187' title='bbox 985 2277 1083 2337; x_wconf 84' lang='lat' dir='ltr'><strong>finitus</strong></span> <span class='ocrx_word' id='word_1_188' title='bbox 1100 2293 1157 2356; x_wconf 90' lang='lat' dir='ltr'><strong>pro·</strong></span> 
     </span>
     <span class='ocr_line' id='line_1_25' title="bbox 155 2359 1156 2441; baseline -0.003 -21"><span class='ocrx_word' id='word_1_189' title='bbox 155 2364 317 2440; x_wconf 86' lang='lat' dir='ltr'><strong>montorio,</strong></span> <span class='ocrx_word' id='word_1_190' title='bbox 331 2379 348 2422; x_wconf 90' lang='lat' dir='ltr'><strong>a</strong></span> <span class='ocrx_word' id='word_1_191' title='bbox 363 2381 420 2441; x_wconf 94' lang='lat' dir='ltr'><strong>quo</strong></span> <span class='ocrx_word' id='word_1_192' title='bbox 437 2362 522 2423; x_wconf 89' lang='lat' dir='ltr'><strong>abest</strong></span> <span class='ocrx_word' id='word_1_193' title='bbox 534 2361 642 2422; x_wconf 86' lang='lat' dir='ltr'><strong>hXXV</strong></span> <span class='ocrx_word' id='word_1_194' title='bbox 657 2361 687 2423; x_wconf 95' lang='lat' dir='ltr'><strong>M</strong></span> <span class='ocrx_word' id='word_1_195' title='bbox 700 2379 776 2440; x_wconf 89' lang='lat' dir='ltr'><strong>pass.</strong></span> <span class='ocrx_word' id='word_1_196' title='bbox 800 2359 942 2440; x_wconf 86' lang='lat' dir='ltr'><strong>Oppidum</strong></span> <span class='ocrx_word' id='word_1_197' title='bbox 957 2359 1065 2438; x_wconf 90' lang='lat' dir='ltr'><strong>Croto,</strong></span> <span class='ocrx_word' id='word_1_198' title='bbox 1079 2361 1156 2422; x_wconf 88' lang='lat' dir='ltr'><strong>amnis</strong></span> 
     </span>
     <span class='ocr_line' id='line_1_26' title="bbox 156 2444 1180 2526; baseline -0.006 -19"><span class='ocrx_word' id='word_1_199' title='bbox 156 2444 323 2525; x_wconf 89' lang='lat' dir='ltr'><strong>Neaethus,</strong></span> <span class='ocrx_word' id='word_1_200' title='bbox 340 2447 477 2526; x_wconf 84' lang='lat' dir='ltr'><strong>op&#39;pidum</strong></span> <span class='ocrx_word' id='word_1_201' title='bbox 495 2447 584 2507; x_wconf 86' lang='lat' dir='ltr'><strong>Thuri</strong></span> <span class='ocrx_word' id='word_1_202' title='bbox 606 2448 683 2506; x_wconf 89' lang='lat' dir='ltr'><strong>inter</strong></span> <span class='ocrx_word' id='word_1_203' title='bbox 705 2446 778 2506; x_wconf 90' lang='lat' dir='ltr'><strong>duos</strong></span> <span class='ocrx_word' id='word_1_204' title='bbox 796 2465 895 2506; x_wconf 87' lang='lat' dir='ltr'><strong>amnes</strong></span> <span class='ocrx_word' id='word_1_205' title='bbox 918 2444 1049 2507; x_wconf 90' lang='lat' dir='ltr'><strong>Crathim</strong></span> <span class='ocrx_word' id='word_1_206' title='bbox 1071 2455 1100 2507; x_wconf 91' lang='lat' dir='ltr'><strong>et</strong></span> <span class='ocrx_word' id='word_1_207' title='bbox 1113 2446 1180 2519; x_wconf 70' lang='lat' dir='ltr'><strong>sps</strong></span> 
     </span>
     <span class='ocr_line' id='line_1_27' title="bbox 156 2530 1157 2607; baseline -0.003 -16"><span class='ocrx_word' id='word_1_208' title='bbox 156 2530 259 2607; x_wconf 88' lang='lat' dir='ltr'><strong>barim,</strong></span> <span class='ocrx_word' id='word_1_209' title='bbox 277 2531 325 2591; x_wconf 91' lang='lat' dir='ltr'><strong>ubi</strong></span> <span class='ocrx_word' id='word_1_210' title='bbox 340 2533 394 2592; x_wconf 90' lang='lat' dir='ltr'><strong>init</strong></span> <span class='ocrx_word' id='word_1_211' title='bbox 410 2532 480 2593; x_wconf 91' lang='lat' dir='ltr'><strong>urbs</strong></span> <span class='ocrx_word' id='word_1_212' title='bbox 500 2532 604 2592; x_wconf 93' lang='lat' dir='ltr'><strong>eodem</strong></span> <span class='ocrx_word' id='word_1_213' title='bbox 619 2533 746 2592; x_wconf 90' lang='lat' dir='ltr'><strong>nomine.</strong></span> <span class='ocrx_word' id='word_1_214' title='bbox 774 2531 910 2592; x_wconf 87' lang='lat' dir='ltr'><strong>similiter</strong></span> <span class='ocrx_word' id='word_1_215' title='bbox 925 2539 973 2592; x_wconf 89' lang='lat' dir='ltr'><strong>est</strong></span> <span class='ocrx_word' id='word_1_216' title='bbox 988 2533 1068 2592; x_wconf 88' lang='lat' dir='ltr'><strong>inter</strong></span> <span class='ocrx_word' id='word_1_217' title='bbox 1084 2530 1157 2590; x_wconf 89' lang='lat' dir='ltr'><strong>Sirim</strong></span> 
     </span>
     <span class='ocr_line' id='line_1_28' title="bbox 157 2615 1158 2695; baseline -0.003 -19"><span class='ocrx_word' id='word_1_218' title='bbox 157 2625 188 2676; x_wconf 90' lang='lat' dir='ltr'><strong>et</strong></span> <span class='ocrx_word' id='word_1_219' title='bbox 203 2618 313 2676; x_wconf 79' lang='lat' dir='ltr'><strong>Acirim</strong></span> <span class='ocrx_word' id='word_1_220' title='bbox 329 2615 463 2678; x_wconf 87' lang='lat' dir='ltr'><strong>Heraclia</strong></span> <span class='ocrx_word' id='word_1_221' title='bbox 481 2615 636 2695; x_wconf 89' lang='lat' dir='ltr'><strong>aliquando</strong></span> <span class='ocrx_word' id='word_1_222' title='bbox 653 2615 727 2676; x_wconf 86' lang='lat' dir='ltr'><strong>Siris</strong></span> <span class='ocrx_word' id='word_1_223' title='bbox 744 2617 879 2677; x_wconf 88' lang='lat' dir='ltr'><strong>vocitata.</strong></span> <span class='ocrx_word' id='word_1_224' title='bbox 901 2616 1035 2677; x_wconf 84' lang='lat' dir='ltr'><strong>Flumina</strong></span> <span class='ocrx_word' id='word_1_225' title='bbox 1048 2615 1158 2676; x_wconf 89' lang='lat' dir='ltr'><strong>Acalan-</strong></span> 
     </span>
     <span class='ocr_line' id='line_1_29' title="bbox 156 2698 1158 2781; baseline -0.002 -21"><span class='ocrx_word' id='word_1_226' title='bbox 156 2700 253 2778; x_wconf 91' lang='lat' dir='ltr'><strong>drum,</strong></span> <span class='ocrx_word' id='word_1_227' title='bbox 268 2698 461 2778; x_wconf 89' lang='lat' dir='ltr'><strong>Casuentum,</strong></span> <span class='ocrx_word' id='word_1_228' title='bbox 480 2699 616 2781; x_wconf 91' lang='lat' dir='ltr'><strong>oppidum</strong></span> <span class='ocrx_word' id='word_1_229' title='bbox 637 2701 855 2779; x_wconf 85' lang='lat' dir='ltr'><strong>Metapontum,</strong></span> <span class='ocrx_word' id='word_1_230' title='bbox 878 2718 936 2779; x_wconf 94' lang='lat' dir='ltr'><strong>quo</strong></span> <span class='ocrx_word' id='word_1_231' title='bbox 959 2703 1048 2761; x_wconf 87' lang='lat' dir='ltr'><strong>tertia</strong></span> <span class='ocrx_word' id='word_1_232' title='bbox 1071 2700 1158 2760; x_wconf 87' lang='lat' dir='ltr'><strong>ltaliae</strong></span> 
     </span>
    </p>

    <p class='ocr_par' dir='ltr' id='par_1_6' title="bbox 113 2783 1181 2949">
     <span class='ocr_line' id='line_1_30' title="bbox 113 2783 1159 2865; baseline 0.001 -23"><span class='ocrx_word' id='word_1_233' title='bbox 113 2790 147 2844; x_wconf 86' lang='grc'><strong>98</strong></span> <span class='ocrx_word' id='word_1_234' title='bbox 160 2787 245 2864; x_wconf 87' lang='lat' dir='ltr'><strong>regio</strong></span> <span class='ocrx_word' id='word_1_235' title='bbox 263 2786 370 2846; x_wconf 89' lang='lat' dir='ltr'><strong>linitur.</strong></span> <span class='ocrx_word' id='word_1_236' title='bbox 390 2783 597 2846; x_wconf 90' lang='lat' dir='ltr'><strong>Mediterranei</strong></span> <span class='ocrx_word' id='word_1_237' title='bbox 613 2784 790 2845; x_wconf 90' lang='lat' dir='ltr'><strong>Bruttiorum</strong></span> <span class='ocrx_word' id='word_1_238' title='bbox 808 2785 968 2865; x_wconf 87' lang='lat' dir='ltr'><strong>Aprustani</strong></span> <span class='ocrx_word' id='word_1_239' title='bbox 985 2795 1103 2863; x_wconf 89' lang='lat' dir='ltr'><strong>tantum,</strong></span> <span class='ocrx_word' id='word_1_240' title='bbox 1115 2784 1159 2844; x_wconf 89' lang='lat' dir='ltr'><strong>Lu·</strong></span> 
     </span>
     <span class='ocr_line' id='line_1_31' title="bbox 156 2868 1181 2949; baseline -0.004 -19"><span class='ocrx_word' id='word_1_241' title='bbox 156 2887 291 2930; x_wconf 90' lang='lat' dir='ltr'><strong>canorum</strong></span> <span class='ocrx_word' id='word_1_242' title='bbox 310 2878 405 2930; x_wconf 88' lang='lat' dir='ltr'><strong>autern</strong></span> <span class='ocrx_word' id='word_1_243' title='bbox 420 2869 571 2946; x_wconf 88' lang='lat' dir='ltr'><strong>Atinates,</strong></span> <span class='ocrx_word' id='word_1_244' title='bbox 587 2869 720 2947; x_wconf 89' lang='lat' dir='ltr'><strong>Bantini,</strong></span> <span class='ocrx_word' id='word_1_245' title='bbox 736 2868 875 2947; x_wconf 84' lang='lat' dir='ltr'><strong>Eburini,</strong></span> <span class='ocrx_word' id='word_1_246' title='bbox 898 2868 1096 2949; x_wconf 86' lang='lat' dir='ltr'><strong>Grumentiui,</strong></span> <span class='ocrx_word' id='word_1_247' title='bbox 1115 2869 1181 2929; x_wconf 85' lang='lat' dir='ltr'><strong>Poa</strong></span> 
     </span>
    </p>

    <p class='ocr_par' dir='ltr' id='par_1_7' title="bbox 92 2953 1159 3033">
     <span class='ocr_line' id='line_1_32' title="bbox 92 2953 1159 3033; baseline -0.003 -19"><span class='ocrx_word' id='word_1_248' title='bbox 92 2963 95 2968; x_wconf 90' lang='lat'>&#39;</span> <span class='ocrx_word' id='word_1_249' title='bbox 158 2954 273 3030; x_wconf 82' lang='lat' dir='ltr'><strong>tantini,</strong></span> <span class='ocrx_word' id='word_1_250' title='bbox 292 2953 417 3031; x_wconf 85' lang='lat' dir='ltr'><strong>Sontini,</strong></span> <span class='ocrx_word' id='word_1_251' title='bbox 435 2954 533 3031; x_wconf 90' lang='lat' dir='ltr'><strong>Sirini,</strong></span> <span class='ocrx_word' id='word_1_252' title='bbox 551 2953 711 3032; x_wconf 85' lang='lat' dir='ltr'><strong>Tergilani,</strong></span> <span class='ocrx_word' id='word_1_253' title='bbox 729 2953 891 3032; x_wconf 90' lang='lat' dir='ltr'><strong>Ursentini,</strong></span> <span class='ocrx_word' id='word_1_254' title='bbox 906 2953 1096 3032; x_wconf 91' lang='lat' dir='ltr'><strong>Volcentani,</strong></span> <span class='ocrx_word' id='word_1_255' title='bbox 1109 2956 1159 3033; x_wconf 90' lang='lat' dir='ltr'><strong>qui·</strong></span> 
     </span>
    </p>

    <p class='ocr_par' dir='ltr' id='par_1_8' title="bbox 157 3035 1160 3287">
     <span class='ocr_line' id='line_1_33' title="bbox 157 3035 1160 3116; baseline -0.001 -18"><span class='ocrx_word' id='word_1_256' title='bbox 157 3037 212 3098; x_wconf 88' lang='lat' dir='ltr'><strong>bus</strong></span> <span class='ocrx_word' id='word_1_257' title='bbox 225 3035 410 3099; x_wconf 89' lang='lat' dir='ltr'><strong>Numestrani</strong></span> <span class='ocrx_word' id='word_1_258' title='bbox 425 3041 591 3116; x_wconf 84' lang='lat' dir='ltr'><strong>iunguntur.</strong></span> <span class='ocrx_word' id='word_1_259' title='bbox 612 3048 770 3116; x_wconf 89' lang='lat' dir='ltr'><strong>praeterea</strong></span> <span class='ocrx_word' id='word_1_260' title='bbox 787 3041 925 3100; x_wconf 89' lang='lat' dir='ltr'><strong>interisse</strong></span> <span class='ocrx_word' id='word_1_261' title='bbox 944 3037 1065 3102; x_wconf 90' lang='lat' dir='ltr'><strong>Thehas</strong></span> <span class='ocrx_word' id='word_1_262' title='bbox 1083 3039 1160 3100; x_wconf 86' lang='lat' dir='ltr'><strong>Luca·</strong></span> 
     </span>
     <span class='ocr_line' id='line_1_34' title="bbox 158 3120 1160 3198; baseline 0 -17"><span class='ocrx_word' id='word_1_263' title='bbox 158 3140 208 3181; x_wconf 91' lang='lat' dir='ltr'><strong>nas</strong></span> <span class='ocrx_word' id='word_1_264' title='bbox 226 3120 298 3183; x_wconf 89' lang='lat' dir='ltr'><strong>Cato</strong></span> <span class='ocrx_word' id='word_1_265' title='bbox 315 3132 416 3183; x_wconf 90' lang='lat' dir='ltr'><strong>auctor</strong></span> <span class='ocrx_word' id='word_1_266' title='bbox 434 3132 496 3198; x_wconf 89' lang='lat' dir='ltr'><strong>est,</strong></span> <span class='ocrx_word' id='word_1_267' title='bbox 516 3129 546 3182; x_wconf 87' lang='lat' dir='ltr'><strong>ct</strong></span> <span class='ocrx_word' id='word_1_268' title='bbox 565 3121 743 3183; x_wconf 87' lang='lat' dir='ltr'><strong>Mardoniam</strong></span> <span class='ocrx_word' id='word_1_269' title='bbox 756 3122 937 3184; x_wconf 80' lang='lat' dir='ltr'><strong>Lucanorum</strong></span> <span class='ocrx_word' id='word_1_270' title='bbox 953 3125 1059 3186; x_wconf 87' lang='lat' dir='ltr'><strong>urbem</strong></span> <span class='ocrx_word' id='word_1_271' title='bbox 1079 3127 1160 3186; x_wconf 86' lang='lat' dir='ltr'><strong>luisse</strong></span> 
     </span>
     <span class='ocr_line' id='line_1_35' title="bbox 159 3205 1042 3287; baseline 0.006 -22"><span class='ocrx_word' id='word_1_272' title='bbox 159 3205 384 3285; x_wconf 88' lang='lat' dir='ltr'><strong>Theopompus,</strong></span> <span class='ocrx_word' id='word_1_273' title='bbox 395 3208 425 3266; x_wconf 93' lang='lat' dir='ltr'><strong>in</strong></span> <span class='ocrx_word' id='word_1_274' title='bbox 441 3225 495 3284; x_wconf 90' lang='lat' dir='ltr'><strong>qua</strong></span> <span class='ocrx_word' id='word_1_275' title='bbox 511 3206 681 3268; x_wconf 84' lang='lat' dir='ltr'><strong>Alexander</strong></span> <span class='ocrx_word' id='word_1_276' title='bbox 698 3207 838 3287; x_wconf 87' lang='lat' dir='ltr'><strong>Epirotes</strong></span> <span class='ocrx_word' id='word_1_277' title='bbox 856 3208 1042 3270; x_wconf 66' lang='lat' dir='ltr'><strong>occubuerit⁴</strong></span> 
     </span>
    </p>

    <p class='ocr_par' dir='ltr' id='par_1_9' title="bbox 113 3283 1199 3626">
     <span class='ocr_line' id='line_1_36' title="bbox 113 3283 1182 3374; baseline 0 -23"><span class='ocrx_word' id='word_1_278' title='bbox 113 3298 148 3351; x_wconf 89' lang='grc'><strong>99</strong></span> <span class='ocrx_word' id='word_1_279' title='bbox 225 3289 308 3368; x_wconf 83' lang='grc'>(16.)</span> <span class='ocrx_word' id='word_1_280' title='bbox 327 3287 498 3350; x_wconf 87' lang='lat' dir='ltr'><strong>Conectitur</strong></span> <span class='ocrx_word' id='word_1_281' title='bbox 513 3291 639 3352; x_wconf 89' lang='lat' dir='ltr'><strong>secunda</strong></span> <span class='ocrx_word' id='word_1_282' title='bbox 656 3295 741 3372; x_wconf 85' lang='lat' dir='ltr'><strong>regio</strong></span> <span class='ocrx_word' id='word_1_283' title='bbox 762 3293 895 3372; x_wconf 85' lang='lat' dir='ltr'><strong>amplexa</strong></span> <span class='ocrx_word' id='word_1_284' title='bbox 911 3292 1073 3374; x_wconf 90' lang='lat' dir='ltr'><strong>Hirpinos,</strong></span> <span class='ocrx_word' id='word_1_285' title='bbox 1089 3283 1182 3355; x_wconf 83' lang='lat' dir='ltr'><strong>Cala-c</strong></span> 
     </span>
     <span class='ocr_line' id='line_1_37' title="bbox 157 3374 1199 3460; baseline 0.002 -24"><span class='ocrx_word' id='word_1_286' title='bbox 157 3375 265 3451; x_wconf 89' lang='lat' dir='ltr'><strong>briam,</strong></span> <span class='ocrx_word' id='word_1_287' title='bbox 285 3375 418 3453; x_wconf 90' lang='lat' dir='ltr'><strong>Apuliam</strong></span> <span class='ocrx_word' id='word_1_288' title='bbox 435 3374 613 3436; x_wconf 88' lang='lat' dir='ltr'><strong>Sallentinos</strong></span> <span class='ocrx_word' id='word_1_289' title='bbox 639 3375 709 3438; x_wconf 88' lang='lat' dir='ltr'><strong>CCL</strong></span> <span class='ocrx_word' id='word_1_290' title='bbox 725 3376 754 3438; x_wconf 92' lang='lat' dir='ltr'><strong>M</strong></span> <span class='ocrx_word' id='word_1_291' title='bbox 773 3380 837 3438; x_wconf 91' lang='lat' dir='ltr'><strong>sinu</strong></span> <span class='ocrx_word' id='word_1_292' title='bbox 857 3379 905 3459; x_wconf 91' lang='lat' dir='ltr'><strong>qui</strong></span> <span class='ocrx_word' id='word_1_293' title='bbox 923 3377 1100 3442; x_wconf 87' lang='lat' dir='ltr'><strong>Tarentinus</strong></span> <span class='ocrx_word' id='word_1_294' title='bbox 1120 3397 1160 3456; x_wconf 89' lang='lat' dir='ltr'><strong>ap·</strong></span> <span class='ocrx_word' id='word_1_295' title='bbox 1198 3453 1199 3460; x_wconf 8' lang='grc' dir='ltr'>ἵ</span> 
     </span>
     <span class='ocr_line' id='line_1_38' title="bbox 158 3457 1199 3541; baseline 0 -21"><span class='ocrx_word' id='word_1_296' title='bbox 158 3460 285 3536; x_wconf 87' lang='lat' dir='ltr'><strong>pellatur</strong></span> <span class='ocrx_word' id='word_1_297' title='bbox 302 3459 338 3518; x_wconf 86' lang='lat' dir='ltr'><strong>ab</strong></span> <span class='ocrx_word' id='word_1_298' title='bbox 355 3457 464 3536; x_wconf 87' lang='lat' dir='ltr'><strong>oppido</strong></span> <span class='ocrx_word' id='word_1_299' title='bbox 482 3459 625 3521; x_wconf 85' lang='lat' dir='ltr'><strong>laconum</strong></span> <span class='ocrx_word' id='word_1_300' title='bbox 641 3465 671 3523; x_wconf 91' lang='lat' dir='ltr'><strong>in</strong></span> <span class='ocrx_word' id='word_1_301' title='bbox 687 3481 809 3523; x_wconf 88' lang='lat' dir='ltr'><strong>recessu</strong></span> <span class='ocrx_word' id='word_1_302' title='bbox 821 3461 877 3524; x_wconf 93' lang='lat' dir='ltr'><strong>hoc</strong></span> <span class='ocrx_word' id='word_1_303' title='bbox 892 3465 995 3524; x_wconf 89' lang='lat' dir='ltr'><strong>intimo</strong></span> <span class='ocrx_word' id='word_1_304' title='bbox 1019 3467 1087 3541; x_wconf 87' lang='lat' dir='ltr'><strong>sito,</strong></span> <span class='ocrx_word' id='word_1_305' title='bbox 1101 3481 1161 3524; x_wconf 91' lang='lat' dir='ltr'><strong>con·</strong></span> <span class='ocrx_word' id='word_1_306' title='bbox 1198 3467 1199 3520; x_wconf 83' lang='lat' dir='ltr'><strong>l</strong></span> 
     </span>
     <span class='ocr_line' id='line_1_39' title="bbox 158 3544 1161 3626; baseline 0.002 -25"><span class='ocrx_word' id='word_1_307' title='bbox 158 3545 265 3604; x_wconf 87' lang='lat' dir='ltr'><strong>tributa</strong></span> <span class='ocrx_word' id='word_1_308' title='bbox 284 3560 321 3604; x_wconf 91' lang='lat' dir='ltr'><strong>eo</strong></span> <span class='ocrx_word' id='word_1_309' title='bbox 337 3544 476 3604; x_wconf 89' lang='lat' dir='ltr'><strong>maritima</strong></span> <span class='ocrx_word' id='word_1_310' title='bbox 492 3545 608 3606; x_wconf 91' lang='lat' dir='ltr'><strong>colonia</strong></span> <span class='ocrx_word' id='word_1_311' title='bbox 625 3566 698 3626; x_wconf 89' lang='lat' dir='ltr'><strong>quae</strong></span> <span class='ocrx_word' id='word_1_312' title='bbox 715 3547 754 3607; x_wconf 90' lang='lat' dir='ltr'><strong>ihi</strong></span> <span class='ocrx_word' id='word_1_313' title='bbox 773 3549 878 3608; x_wconf 90' lang='lat' dir='ltr'><strong>luerat.</strong></span> <span class='ocrx_word' id='word_1_314' title='bbox 912 3549 999 3610; x_wconf 86' lang='lat' dir='ltr'><strong>abest</strong></span> <span class='ocrx_word' id='word_1_315' title='bbox 1020 3546 1161 3611; x_wconf 83' lang='lat' dir='ltr'>CXXXVI</span> 
     </span>
    </p>
   </div>
   <div class='ocr_carea' id='block_1_3' title="bbox 0 0 1215 3934">
    <p class='ocr_par' dir='ltr' id='par_1_10' title="bbox 0 0 1215 3934">
     <span class='ocr_line' id='line_1_40' title="bbox 0 0 1215 3934; baseline 0 0"><span class='ocrx_word' id='word_1_316' title='bbox 0 0 1215 3934; x_wconf 95' lang='lat' dir='ltr'><strong> </strong></span> 
     </span>
    </p>
   </div>
  </div>
 </body>
</html>
