2302 3938
257 233 338 282 unu.
361 234 452 282 rursu.
475 235 508 282 v.
531 231 634 286 9-13-
658 221 811 301 (rt-ra.)
968 222 1026 284 197

55 387 189 464 iunguntur,
206 383 240 446 ab
257 388 369 446 oriente
385 385 534 464 Canchlei,
552 405 568 449 a
584 387 704 448 meridie
723 384 840 462 Cedrei,
859 389 906 467 qui
923 387 1026 450 deinde

55 471 120 530 anbo
137 469 297 530 Nabataeis.
336 470 572 550 Heroopoliticus
592 480 713 532 uocatur
733 471 867 552 alterque
886 471 1025 536 Aelaniti-

55 573 92 612 cus
109 555 179 613 sinus
194 553 285 614 Rubri
306 555 392 616 maris
414 557 442 614 in
466 553 632 634 Aegyptum
652 557 818 634 vergentis,
841 554 886 616 Ch
908 555 937 616 Μ
959 577 1025 637 pas·

53 656 114 698 suum
132 638 281 699 intervallo
302 638 449 700 interduo
466 639 588 719 oppida,
613 639 736 700 Aelana.
749 649 778 701 et
793 641 822 700 in
840 649 940 701 nostro
955 644 1026 703 mari

39 721 140 782 thuan.
178 722 310 802 Agrippa
334 741 351 784 a
372 723 489 785 Pelusio
508 723 654 784 Arsinoen
675 723 766 784 Rubri
785 726 872 786 maris
890 727 1025 805 oppidum

50 807 215 885 perdeserta
233 805 341 869 CXXV
358 806 388 868 Μ
407 825 543 888 passuum
561 808 655 869 tradit.
694 817 750 869 tarn
771 825 862 888 paruo
886 809 972 870 distat
987 809 1025 870 ibi

49 900 106 951 tanta
120 909 212 952 rerum
227 899 348 953 naturae
365 892 528 954 diuersitas.

113 975 156 1036 12.
185 975 271 1056 (13.)
300 975 382 1037 luxta
405 977 490 1053 Syria
514 976 580 1037 litus
604 985 745 1055 occupat,
768 976 912 1056 quondam
934 985 1024 1036 terra·
1033 985 1067 1040 66

48 1077 91 1118 rum
104 1076 230 1120 maxuma
248 1067 278 1120 et
289 1060 420 1140 pluribus
438 1061 572 1122 distincta
586 1059 757 1121 nominibus.
784 1078 907 1140 namque
924 1061 1023 1120 Palae-

28 1145 101 1202 ttstine
119 1143 278 1204 vocabatur
301 1163 357 1224 qua
383 1145 523 1222 contingit
542 1143 671 1223 Arabas,
695 1153 725 1204 et
741 1143 847 1205 ludaea
872 1153 901 1205 et
920 1143 1024 1221 Coele,

47 1230 94 1286 euin
107 1227 271 1305 Phoenice,
295 1239 325 1289 et
345 1247 402 1309 qua
423 1229 535 1291 recedit
558 1230 633 1290 intus
656 1229 852 1312 Damascena,
877 1247 912 1288 ac
933 1229 1024 1307 magis

46 1314 171 1372 etiannum
186 1313 347 1376 meridiana
363 1311 538 1391 Babylonia,
565 1323 595 1373 et
610 1313 712 1374 eadem
724 1311 935 1392 blesopotamia
950 1313 1025 1373 inter

44 1394 187 1474 Euphraten
204 1405 235 1456 et
252 1397 369 1475 Tigrin,
391 1415 505 1477 quaque
527 1399 629 1459 transit
642 1396 765 1458 Paurum
781 1396 935 1476 Sophene,
953 1397 1024 1456 citra

44 1497 95 1538 vero
124 1499 185 1540 earn
219 1478 430 1559 Commagene,
448 1491 478 1542 et
493 1481 566 1544 ultra
579 1481 744 1543 Armeniam
760 1480 912 1542 Adiabene
933 1480 1023 1556 Assy·

24 1565 143 1624 tricante
160 1564 256 1643 dicte,
281 1575 310 1626 et
325 1566 373 1626 ubi
394 1563 525 1627 Ciliciam
541 1567 653 1644 attingit
668 1564 833 1628 Antiochia.
861 1565 1022 1642 hongitudo
1031 1571 1065 1626 67

43 1649 87 1706 eius
104 1651 176 1709 inter
198 1647 332 1712 Ciliciam
354 1660 383 1711 et
404 1651 540 1712 Arabiam
560 1647 739 1712 cccclxx
761 1649 791 1710 Μ
810 1667 946 1729 passuum
967 1659 1022 1724 est,

42 1731 138 1792 latitudo
154 1751 171 1794 a
186 1733 328 1795 Seleucia
343 1735 438 1796 Pieria
464 1735 501 1797 ad
519 1735 656 1815 oppidum
677 1735 706 1794 in
726 1731 874 1814 Euphrate
896 1733 1023 1810 Zeugma

42 1813 146 1877 clxxv
162 1817 193 1878 Μ
207 1837 357 1898 passuum.
393 1821 442 1899 qui
470 1819 601 1880 subtilius
619 1818 746 1880 dividunt
768 1817 955 1878 circumfundi
970 1817 1022 1894 Sy·

41 1901 70 1958 ria
81 1900 245 1963 Phoenicen
260 1903 375 1979 volunt,
402 1912 431 1964 et
447 1923 516 1965 esse
532 1921 611 1964 oram
626 1904 791 1964 maritimam
805 1903 926 1978 Syriae,
943 1902 1023 1962 cuius

20 1995 91 2060 opera
111 1989 145 2046 sit
159 1985 300 2049 Idumaea
321 1998 350 2048 et
369 1987 493 2066 iudaea,
522 1989 589 2049 dein
610 1987 792 2063 Phoenicen,
817 1987 884 2046 dein
901 1986 1023 2061 Syriam.

41 2067 61 2126 hl
74 2071 141 2146 quod
164 2073 319 2151 praeiacet
335 2090 414 2134 mare
432 2081 523 2134 totum
544 2071 729 2134 Phoenicium
752 2071 928 2151 appellatur.
960 2071 1023 2149 ipsa

39 2171 94 2228 gens
107 2154 287 2216 Phoenicum
301 2159 329 2216 in
346 2175 448 2234 magna
470 2156 565 2235 gloria
580 2156 739 2217 litterarum
754 2155 927 2215 inventionis
943 2163 972 2214 et
987 2155 1023 2212 si-

40 2237 117 2298 derum
135 2241 341 2320 navaliumque
360 2259 394 2300 ac
411 2241 581 2304 bellicarum
598 2241 708 2302 artium.

7 2325 8 2330 ’
104 2321 186 2404 (14.)
213 2325 241 2384 A
263 2325 382 2386 Pelusio
399 2322 543 2386 Chabriae
564 2334 676 2402 castra,
699 2321 802 2384 (basius
823 2340 921 2399 mons,
944 2321 1066 2383 dein-68

8 2403 101 2466 tibrum
115 2407 194 2468 lovis
212 2405 310 2486 Casii,
332 2409 456 2470 tumulus
473 2408 569 2488 llagni
585 2409 715 2487 Pompei.
749 2405 900 2468 Ostracine
916 2403 1024 2465 Arabia

38 2489 128 2567 linitur,
150 2511 166 2552 a
181 2492 304 2553 Pelusio
319 2491 396 2553 LXV
410 2492 441 2553 Μ
456 2511 599 2572 passuum.
647 2491 695 2554 13.
718 2489 788 2551 Mox
807 2490 940 2551 Idumaea
954 2490 1021 2549 incl·

38 2575 69 2649 pit
81 2584 106 2634 et
123 2575 293 2638 Palaestina
310 2576 346 2636 ab
362 2595 477 2638 emersu
493 2577 625 2638 Sirbonis
640 2575 841 2653 laesusquem
857 2574 970 2654 quidam
979 2569 1024 2632 Ch

37 2654 200 2735 llpassuum
218 2661 341 2722 circuitu
355 2661 510 2722 tradidere.
527 2667 529 2671 ’
543 2660 710 2722 Herodotus
725 2656 813 2719 (iasio
829 2659 917 2719 monti
934 2655 1024 2734 adpli-

38 2743 93 2818 cuit,
113 2762 189 2804 uunc
213 2755 260 2805 est
283 2745 510 2824 palus-modica.
555 2745 663 2825 oppida
683 2741 881 2804 Rhinocolura
902 2749 931 2799 et
950 2740 1024 2800 intus

17 2823 176 2906 elihaphea',
200 2827 280 2890 Gaza
304 2839 333 2889 et
355 2829 429 2889 intus
453 2828 625 2905 Anthedon,
648 2845 730 2888 mons
753 2825 885 2904 Argaris.
929 2823 1024 2902 Regio

39 2925 78 2985 per
96 2927 173 2973 oram
198 2913 340 2974 Samaria.
376 2905 513 2997 oppidum
535 2913 645 2974 Ascalo
666 2913 806 2984 liberum,
829 2909 959 2987 Azotos,
980 2908 1024 2969 la·

20 2998 120 3055 ‘nusae
135 2997 229 3074 duae,
256 2997 349 3058 altera
369 2996 453 3058 intus.
494 2996 566 3077 Iope
588 2997 781 3073 Phoenicum,
802 2995 946 3074 antiquior
967 3002 1067 3056 ter-69

37 3094 114 3139 rarum
143 3080 348 3158 inundatione,
376 3090 406 3141 ut
432 3081 544 3160 ferunt,
571 3081 678 3142 insidet
702 3081 809 3140 collem
838 3079 1023 3158 praeiacente

38 3179 93 3223 saxo
107 3166 135 3224 in
150 3181 211 3244 quo
227 3165 409 3227 vinculorum
426 3165 631 3227 Andromedae
642 3166 768 3243 vestigia
784 3164 947 3224 ostendunt.
975 3179 1023 3222 co·

16 3241 90 3306 alitur
109 3247 170 3309 illic
190 3249 329 3312 fabulosa
350 3247 434 3312 (leto.
471 3249 541 3312 Inde
563 3249 738 3330 Apollonia,
762 3248 905 3310 Stratonis
926 3247 1023 3320 turris,

38 3329 122 3393 eadem
143 3331 313 3412 Caesarea,
344 3335 380 3396 ab
404 3333 523 3396 Herode
551 3353 626 3413 rege
653 3333 783 3410 condita,
814 3351 889 3394 nunc
911 3331 1025 3392 colonia

37 3410 114 3476 Prima
127 3415 262 3480 Plaviaa
281 3418 465 3500 Vespasiano
481 3421 659 3500 imperatore
675 3419 810 3479 deducta.
844 3417 907 3476 finis
924 3413 1025 3474 Palae-

38 3498 111 3560 stines
126 3498 341 3564 GhXXXVllll
362 3505 420 3565 mil.
439 3521 575 3584 passuum
595 3523 612 3566 a
636 3503 759 3564 confinio
783 3499 920 3561 Arabiae.
959 3497 1026 3558 dein
