2340 3934
241 147 325 207 Nur.
343 153 436 208 Hiar.
455 155 520 209 vni
539 161 644 210 m-ao
664 157 791 226 (ae-ao)
977 157 1020 222 99

31 304 151 384 lacerent,
179 304 257 383 quod
281 303 441 365 derelictus
469 313 588 366 senecta
616 307 787 367 scandentia
812 309 944 369 iumenta
971 327 1019 369 co·
1067 325 1073 332 ·

31 394 112 452 mtatn
133 395 259 472 nisuque
283 393 499 476 exhortaretur,
522 396 678 456 decretum
701 397 799 457 secere
827 415 865 456 ne
889 398 1019 458 trumen-

29 484 79 540 tatii
99 485 295 562 negotiatores
318 482 354 543 ab
377 485 569 546 incerniculis
592 503 661 546 eum
684 493 830 548 arcerent.

79 564 132 633 lb.
155 565 229 655 (to)
265 571 369 633 Bubus
390 573 500 636 indicis
523 575 705 636 camelorum
728 576 851 637 altitudo
874 577 1072 659 traditaque

11 676 117 720 aroanna
138 663 170 721 in
188 661 375 722 latitudinem
394 671 607 742 quaternorum
625 663 744 744 pedum.
774 668 805 726 in
824 674 927 727 nostro
947 666 1020 727 orbe

27 747 163 826 Epiroticis
187 751 251 811 laus
270 755 396 813 maxima
418 753 563 836 aPprrhi,
586 762 621 814 nt
638 755 748 836 ierunt,
771 757 829 815 iam
851 757 920 816 inde
940 757 1020 836 regis

26 857 87 898 eitra.
114 839 143 900 id
167 849 348 902 consecutus
371 850 417 903 est
440 861 500 904 non
524 852 591 904 ante
615 844 834 923 quadrimatum
857 845 893 905 ad
916 853 1020 925 partus

25 929 143 990 iocando.
190 931 389 1010 praegrandes
412 933 511 1011 itaque
535 933 619 994 luere
648 941 678 994 et
701 933 849 1013 hodieque
876 934 1019 1014 reliquiae

24 1019 141 1096 stirpium
164 1019 282 1081 durant.
325 1029 354 1081 at
376 1039 456 1082 nrrne
480 1023 633 1084 anniculae
657 1023 870 1084 iocunditatem
891 1041 1019 1103 poscun-

6 1115 67 1186 tur,
88 1107 264 1170 tolerantius
282 1117 381 1170 tamen
399 1111 504 1194 bimae,
527 1114 605 1172 tauri
624 1115 845 1192 generationem
864 1113 1019 1192 quadrimi.

24 1196 115 1274 inplent
137 1199 250 1278 singuli
273 1199 364 1260 denas
387 1202 492 1262 eodem
515 1219 600 1262 anno.
639 1203 773 1283 tradunt,
797 1203 822 1262 si
845 1221 861 1261 a
885 1205 965 1264 coitu
989 1205 1020 1262 in

23 1284 152 1348 dexteram
181 1295 299 1368 partem
326 1289 431 1351 abeant
454 1293 546 1372 tauri,
576 1299 733 1370 generatos
760 1309 857 1353 mares
885 1309 964 1373 esse,
995 1293 1020 1352 si

23 1375 182 1460 inlaevam,
205 1379 338 1439 femmas.
384 1382 540 1460 conceptio
562 1399 625 1441 urm
647 1383 723 1442 initu
746 1383 911 1462 peragitur,
935 1399 1010 1460 quae
1022 1395 1073 1444 17⁷

22 1466 38 1522 si
56 1465 125 1527 torte
147 1470 331 1549 pererravit,
360 1483 409 1530 xx
432 1477 501 1550 post
523 1470 602 1531 diem
630 1487 743 1532 marem
765 1471 874 1531 lomina
902 1472 1020 1550 repetit.

7 1557 119 1632 aperiunt
141 1575 249 1618 mense
267 1573 300 1618 x.
331 1559 472 1638 quicquid
496 1567 563 1620 ante
582 1562 716 1638 genitum
738 1559 843 1622 inutile
863 1569 917 1621 est.
949 1567 1021 1622 sunt

21 1654 136 1706 auctores
174 1649 242 1726 ipso
274 1647 440 1727 complente
477 1649 626 1710 decimum
658 1667 791 1711 mensem
825 1650 873 1710 die
904 1667 1020 1729 parere.

21 1735 123 1812 pignum
146 1753 220 1797 raro
243 1739 388 1816 geminos
417 1741 514 1799 coitus
538 1758 554 1800 a
577 1739 709 1820 delphini
732 1747 838 1800 exortu
861 1758 885 1799 a.
909 1739 937 1799 d.
959 1741 1020 1818 pri·

20 1822 52 1883 lie
77 1843 170 1886 nonas
197 1825 347 1887 lanuarias
374 1827 480 1890 diebus
508 1831 644 1909 triginta,
676 1828 782 1907 aliquis
810 1836 840 1888 et
867 1835 1021 1908 autumno,

20 1914 138 1988 gentibus
157 1916 283 1995 quidem
301 1935 376 1996 qnae
395 1916 471 1980 lacte
491 1921 593 1978 vivant
615 1920 656 1978 ita
674 1917 864 1997 dispensatus
887 1925 921 1977 ut
939 1919 1021 1977 omni

7 2009 132 2084 ttompore
162 2007 236 2066 anni
263 2008 395 2086 supersit
424 2008 454 2068 id
482 2007 662 2068 alimentum.
708 2009 787 2066 tauri
815 2023 873 2066 non
902 2008 1021 2086 saepius

19 2110 88 2170 quam
109 2094 158 2156 bis
185 2095 232 2156 die
255 2097 369 2156 ineunt.
408 2095 499 2156 boves
522 2095 691 2158 animalium
715 2095 770 2156 soli
793 2103 824 2156 et
845 2103 927 2156 retro
951 2113 1010 2156 am·
1022 2105 1074 2156 1‘18

19 2179 135 2246 balantes
159 2192 336 2266 pascuntur,
366 2185 444 2265 apud
469 2185 659 2247 Garamantas
683 2185 803 2264 quidem
825 2184 904 2246 hand
927 2183 1021 2246 aliter.

19 2274 61 2332 rita
80 2275 204 2335 feminis
226 2289 276 2335 xv
299 2277 383 2335 annis
405 2275 589 2357 longissima,
616 2273 749 2336 maribus
772 2288 830 2336 xx.
875 2273 969 2335 robur
991 2276 1022 2334 in
1113 2321 1116 2332 ,

19 2365 239 2443 ‹puhquennatn
294 2364 438 2426 lavatione
480 2364 590 2425 calidae
631 2381 724 2444 aquae
761 2363 922 2424 traduntur
957 2365 1025 2443 pin,

7 2467 159 2536 ignescere,
195 2461 225 2514 et
254 2455 280 2513 si
310 2455 377 2532 quis
406 2455 500 2514 incisa
531 2461 599 2516 cute
629 2453 768 2533 spiritum
794 2451 960 2513 harundine
991 2454 1022 2512 in

20 2543 113 2602 uiscera
141 2543 251 2622 adigat.
297 2561 357 2602 non
385 2543 550 2623 degeneres
580 2541 766 2604 existimandi
795 2543 885 2601 etiam
914 2543 1077 2601 minuslta

18 2629 117 2693 lapidato
142 2640 277 2712 aspectu.
306 2632 469 2712 plurimum
491 2633 576 2694 lactis
599 2631 713 2712 Alpinis
736 2628 845 2708 quibus
867 2631 1024 2690 ndnimum

19 2725 151 2803 corporis,
191 2721 353 2801 plurimum
379 2721 489 2782 laboris
522 2725 628 2802 capite,
659 2739 720 2781 non
747 2721 872 2800 cervice,
904 2719 1024 2779 iunctis.

18 2807 131 2887 Syriacis
162 2829 225 2871 non
256 2818 326 2872 sunt
352 2811 489 2894 palearia,
517 2813 569 2872 sed
598 2809 702 2890 gibber
729 2811 761 2868 in
784 2807 881 2867 dorso.
928 2805 1025 2868 Carini

6 2909 122 2978 iquoqne
152 2903 185 2961 in
212 2909 297 2980 parte
320 2901 405 2960 Asiae
434 2901 513 2962 foedi
540 2903 606 2962 visu
632 2897 739 2960 tubere
768 2915 860 2976 super
887 2913 985 2958 arnms
1007 2915 1026 2956 a

18 2989 174 3051 cervicibus
197 2991 357 3071 eminente,
379 2989 487 3051 luxatis
510 2988 661 3069 cornibus,
684 2985 864 3048 excellentes
883 2987 915 3045 in
934 3002 1026 3065 opere

18 3087 176 3160 narrantur,
199 3087 300 3140 cetero
323 3081 401 3158 nigri
424 3079 533 3139 coloris
557 3076 709 3140 candidive
733 3073 770 3136 ad
790 3073 921 3136 laborem
946 3073 1025 3134 dam-

79 3306 230 3360 lsenecia
247 3321 271 3359 a.
301 3306 373 3358 -cios
390 3302 469 3357 W.
498 3305 571 3356 -ctns
589 3303 634 3355 12¹.
658 3317 709 3356 oen.
729 3301 766 3355 ἀι,
794 3301 854 3354 -cbu
871 3316 895 3354 r.
919 3303 923 3370 Ι
948 3315 1026 3352 scon·

18 3373 103 3430 dentis
125 3376 165 3430 ι’.
193 3375 412 3432 credentiam.
441 3375 519 3430 scad-
537 3391 561 3430 r.
651 3373 770 3427 anere
788 3371 826 3424 ι’.
854 3369 913 3424 fere
931 3387 955 3424 r.

19 3447 129 3502 adurae
146 3449 212 3503 1¹&
287 3455 319 3502 11
339 3445 448 3518 inplent
465 3445 494 3500 id
512 3446 549 3500 ι’.
573 3448 577 3515 Ι
598 3444 749 3499 tradnnhrr
766 3460 791 3496 a.
814 3445 819 3510 Ι
842 3441 950 3496 aDetl.
979 3442 1029 3496 aut

19 3517 49 3570 ι’.
80 3523 176 3574 antem
197 3538 220 3575 r.
255 3523 259 3588 t
294 3518 474 3574 coitum-ita.
506 3520 573 3588 posi
594 3516 700 3572 coitum
722 3518 768 3568 tv.
874 3519 907 3567 1ss
931 3525 1028 3566 manoe

18 3591 129 3645 wito.
164 3593 168 3660 Ι
200 3591 246 3645 die
268 3590 327 3646 (iel.
371 3589 447 3644 diem
470 3589 498 3646 ll.
535 3589 606 3644 dnos
630 3587 689 3643 edd.
708 3590 769 3640 cett.
869 3589 903 3638 29
929 3581 1029 3652 gigber

19 3665 64 3714 aa.
97 3665 102 3728 t
137 3662 218 3717 dorso
241 3667 288 3716 ed.
321 3679 366 3718 -su
387 3662 429 3716 1¹.
467 3679 541 3716 »snm
559 3677 582 3715 r.

820 3720 868 3798 ,v
