2392 3946
339 126 423 182 nar.
441 125 534 181 msr.
553 125 619 182 xiv
637 89 659 182 a
674 129 711 198 (a)
967 129 1032 196 359

27 277 179 359 Liternino,
198 277 349 356 maiorque
368 277 458 337 etiam
476 275 575 338 lavore
594 276 757 360 hominum,
776 281 916 358 quoniam
933 281 1032 360 ipsum

26 367 145 426 liricani
169 363 285 426 colebat
307 365 451 426 exsilium.
498 366 551 427 sed
573 368 712 448 maxima,
740 369 875 430 eiusdem
898 368 1033 431 Stheneli

27 473 119 536 opera,
146 453 282 516 Remmio
304 453 486 535 Palaemoni,
513 454 584 516 alias
606 459 797 536 grammatica
825 465 889 520 arte
912 458 1032 541 celebri,

26 547 51 604 in
67 543 147 604 hisce
165 544 270 624 viginti
292 545 376 605 annis
399 542 529 606 mercato
553 563 606 606 rus
624 544 671 611 Db
694 556 850 608 nummum
871 549 904 608 in
927 547 1038 610 eodem

16 633 200 694 ¹Nomentano
225 632 333 695 decimi
355 633 459 714 lapidis
483 632 519 694 ab
537 633 613 696 urbe
632 635 824 698 devertictdo.
861 644 907 698 est
931 645 1030 700 autem
1049 645 1084 696 to

26 741 231 803 usquequaque
249 731 320 785 nota
337 723 434 784 vilitas
456 725 566 786 mercis
588 742 643 804 per
666 727 765 786 omnia
788 725 967 808 suburbana,
989 726 1032 788 ibi

27 821 113 872 tamen
140 815 281 895 maxima,
314 815 453 894 quoniam
481 820 512 874 et
538 812 674 893 neglecta
700 814 884 894 indiligentia
911 816 1032 896 praedia

26 910 169 980 paraverat
188 921 222 964 ac
241 921 279 963 ne
298 904 330 964 in
348 904 485 983 pessimis
504 902 625 982 quidem
644 903 834 984 elegantioris
858 904 921 966 soli.
957 904 1031 966 haec

28 991 174 1070 adgressus
200 991 334 1054 excolere
358 993 551 1054 non-virtute
575 994 675 1080 animi,
698 991 751 1054 sed
774 995 902 1056 vanitate
925 997 1032 1076 primo,

16 1096 91 1158 *quae
113 1089 186 1143 nota
208 1083 284 1142 mire
306 1083 338 1142 in
365 1079 415 1142 illo
443 1081 513 1162 luit,
540 1083 698 1162 pastinatis
726 1081 762 1143 de
789 1084 907 1162 integro
936 1085 1032 1144 vineis

29 1188 88 1230 cura
114 1169 263 1253 Stheneli,
290 1171 362 1232 dum
389 1170 548 1251 agricolam
574 1172 722 1252 imitatur,
750 1171 786 1233 ad
814 1173 863 1232 vix
890 1171 1031 1234 credibile
1084 1237 1087 1244 ,

28 1259 192 1322 musculum
209 1259 363 1342 perduxit,
386 1262 465 1322 intra
484 1268 621 1322 octavum
639 1277 750 1322 annum
768 1258 859 1328 ῧῧῧῧ
877 1279 1032 1323 nummum

29 1351 141 1428 emptori
164 1349 282 1411 addicta
298 1350 448 1430 pendente
466 1347 621 1411 vindemia.
653 1352 846 1430 cucurritque
865 1369 1032 1412 nonnemo
1051 1360 1084 1410 51

29 1437 56 1496 ad
69 1439 242 1517 spectandas
255 1455 381 1500 uvarum
393 1441 425 1500 in
443 1441 481 1500 iis
499 1441 594 1500 vineis
613 1447 721 1522 strues,
739 1439 847 1502 litteris
865 1442 931 1502 eius
950 1440 1031 1502 altio·

16 1526 99 1587 tribus
116 1535 222 1590 contra
240 1527 271 1589 id
288 1531 373 1609 pigra
391 1530 541 1591 vicinitate
561 1527 618 1590 sibi
635 1531 854 1611 patrocinante,
872 1531 1031 1590 novissime

31 1615 134 1678 Annaeo
154 1617 279 1700 Seneca,
300 1620 436 1699 principe
455 1626 520 1680 ium
538 1617 726 1680 eruditorum
738 1637 778 1714 ac
795 1621 938 1701 potentia,
956 1636 1031 1698 quae

30 1714 165 1782 postremo
185 1709 277 1768 ninia
294 1710 355 1769 ruit
378 1726 470 1788 super
488 1710 595 1790 ipsum,
618 1709 740 1768 minime
764 1709 868 1788 utique
891 1709 1031 1769 miratore

30 1795 154 1880 inanium,
178 1804 262 1858 tanto
280 1797 395 1877 praedii
413 1795 503 1859 huius
527 1814 626 1858 amore
651 1805 747 1878 capto,
769 1804 804 1858 ut
826 1815 887 1857 non
905 1797 1032 1876 proderet
1056 1867 1059 1874 ,

30 1884 109 1945 inviso
131 1887 205 1948 alias
229 1894 259 1948 et
282 1893 468 1948 ostentaturo
491 1886 610 1948 tradere
633 1885 760 1966 palmam
789 1885 897 1968 [eam],
925 1887 1032 1966 emptis

16 1974 242 2056 iquadnrplicato
260 1977 356 2037 vineis
374 1975 432 2038 illis
451 1977 529 2036 intra
548 1975 698 2037 decimum
717 1976 779 2037 lere
799 1993 888 2036 curae
913 1993 1032 2036 aunum.

31 2061 103 2140 digna
125 2083 217 2146 opera
240 2083 315 2144 quae
339 2067 370 2126 in
394 2063 538 2127 Caecubis
562 2064 733 2144 Sericisque
757 2067 837 2145 agris
864 2065 1032 2145 proliceret,
1051 2071 1087 2122 52

32 2152 133 2228 quando
162 2161 194 2216 et
221 2162 326 2235 postea
355 2171 570 2235 saepenumero
601 2162 741 2234 septenos
774 2153 885 2218 culleos
917 2152 1033 2233 singula

32 2239 139 2326 iugera,
169 2243 228 2304 hoc
259 2251 311 2305 est
334 2243 490 2324 amphoras
520 2251 661 2306 centenas
691 2242 894 2324 quadragenas
901 2291 910 2324 ,
941 2245 1035 2304 musti
1153 2290 1160 2305 ,

33 2327 133 2394 dedere.
171 2351 206 2395 ao
225 2351 263 2394 ne
282 2335 350 2413 quis
368 2336 476 2394 rictam
494 2335 526 2394 in
548 2333 605 2394 hoc
630 2335 837 2412 antiquitatem
860 2331 1033 2414 arbitretur,

16 2417 97 2480 siden
127 2421 212 2484 Cato
244 2422 338 2484 denos
369 2422 481 2484 culleos
512 2423 611 2484 redire
649 2440 686 2482 ex
717 2419 871 2500 iugeribus
904 2423 1034 2502 scripsit,

33 2508 187 2574 efficacibus
221 2511 363 2593 exemplis
395 2530 456 2573 non
488 2511 580 2572 maria
616 2510 683 2592 plus
721 2517 864 2571 temerata
895 2509 1033 2571 conferre

34 2603 185 2684 mercatori,
207 2619 267 2662 non
290 2603 322 2662 in
345 2600 482 2662 Rubrum
504 2600 575 2662 litus
593 2598 763 2662 lndioumve
786 2615 902 2660 merces
925 2600 1035 2678 petitas

34 2701 107 2762 quam
128 2690 266 2753 sedulum
288 2693 369 2752 ruris
392 2690 493 2752 larem.

92 2921 211 2988 aopera
228 2921 331 2972 Inoo.
358 2933 395 2987 pa
413 2935 437 2972 a.
463 2917 468 2985 Ι
491 2915 610 2971 remmio
628 2911 789 2986 palaemoni
806 2916 878 2967 nod.
910 2911 962 2968 -mi
979 2913 1034 2968 -uis

35 2984 62 3035 Ι·
89 2987 156 3044 -miti
175 2989 304 3058 (·mi1a¹)
323 3004 401 3043 -nam
419 2986 676 3043 ceddonteRben.
765 2990 783 3040 4
805 2986 980 3041 mercaturus
998 2990 1035 3042 Ι.

36 3054 148 3114 -toriisu
175 3062 281 3116 torum
299 3079 324 3115 a.
352 3062 425 3115 tum
443 3057 669 3116 eddantcRbtu.
742 3055 940 3112 enotabilltcs
958 3055 1036 3113 1²n.

35 3128 85 3180 unt
100 3131 146 3186 1¹.
173 3131 308 3188 nobilitas
327 3133 487 3188 redd-aona
495 3129 583 3186 Rben.
679 3135 694 3184 ‘1
718 3127 840 3184 maxime
857 3127 963 3186 unul.

37 3197 49 3247 t
61 3198 207 3272 elegantior
218 3209 264 3270 1„
328 3209 362 3258 10
375 3201 525 3274 pastinatis
538 3206 589 3255 lid
597 3201 656 3258 edd.
665 3199 723 3256 (ici.
746 3198 813 3254 fast
827 3215 850 3256 r.
878 3199 1035 3270 pastinatcs

37 3269 219 3332 dunusci.
311 3280 352 3330 .1a
370 3291 428 3331 non
445 3290 528 3330 nemo
546 3277 625 3328 Idu.
652 3289 710 3328 non
727 3279 850 3326 nemer.
878 3285 961 3327 nemo
979 3288 1037 3328 non

39 3335 194 3403 Gronovius·
262 3352 296 3402 16
314 3345 441 3417 principe
459 3347 521 3400 tum
540 3343 713 3400 eruditorum
732 3341 838 3413 (tionis
852 3341 991 3410 coquel.)
1009 3348 1037 3396 Π

38 3407 97 3469 Deli.
121 3417 308 3490 principatum
327 3420 381 3486 (tu
398 3419 469 3486 edd.)
487 3416 647 3473 traditionis
667 3415 745 3485 (·ci0·
764 3415 791 3484 ι)
809 3413 894 3469 redd.
905 3419 968 3468 ante
978 3413 1036 3470 Gal.

41 3477 189 3551 lpotentiae
207 3489 353 3546 ldHcrd.
440 3495 473 3544 17
492 3489 603 3544 ruitur.
629 3486 686 3542 fuit
702 3501 747 3541 ro.
835 3489 868 3538 19
887 3500 972 3540 uncos
989 3500 1037 3541 eo

39 3559 111 3616 i08ui.
136 3561 171 3616 ad
188 3565 224 3619 ἰ.
253 3577 316 3617 eam
333 3577 378 3616 ro.
406 3559 457 3628 cfr.
477 3559 535 3616 Uri.
549 3561 625 3616 vind.
638 3577 667 3614 n.
681 3561 750 3615 232.
823 3560 857 3612 20
876 3501 1038 3628 quadrupb'-

40 3627 114 3685 cando
129 3637 163 3689 Ι.
236 3639 271 3690 24
289 3632 441 3688 arbitretur
458 3637 494 3688 ι
523 3633 643 3688 caretur
660 3645 705 3686 ro.

1105 3701 1180 3886 Α
