2392 3946
161 165 227 232 368
506 164 536 220 Ο,
554 163 655 220 PLINI
674 161 833 218 SECUNDI

161 319 242 378 inter
264 314 363 378 dvrlcia
384 317 548 395 vinumque
575 321 622 375 est
649 309 729 394 quod
753 312 859 374 Graeci
885 311 1038 392 aigleucos
1067 321 1166 390 vocant,

162 406 220 467 hac
248 413 296 468 est
321 421 441 487 semper
467 411 608 466 mustum
654 402 684 464 m
712 403 812 464 evenit
838 419 924 484 cura,
951 402 1100 480 quoniam
1126 401 1166 459 tar-

162 513 233 556 vere
265 494 443 576 prohibetur
470 525 513 536 -
541 495 586 554 sic
617 491 766 573 appellant
797 492 890 552 musti
919 492 951 551 in
982 491 1056 550 vina
1090 497 1168 550 trans-

162 587 240 647 itum
267 603 323 665 —3
351 601 423 664 crgo
448 591 590 662 mergunt
617 601 634 642 e
660 581 727 643 lacu
754 581 894 662 protinus
918 582 951 640 in
977 597 1060 658 aqua
1088 577 1169 658 cales,

164 675 260 736 donec
291 673 399 735 bruma
429 680 562 734 transeat
593 679 624 732 et
655 669 842 732 consuetude
872 670 924 730 fiat
954 668 1086 748 algendi.
1139 679 1184 728 est:

164 765 327 826 etiamnum
350 761 429 823 aliud
456 779 551 842 genus
578 777 633 841 per
661 777 707 841 se,
734 759 815 839 qued
842 767 927 820 vacat
953 757 1043 820 dulce
1073 757 1171 818 Narbo·

165 854 267 914 nensis
285 853 438 933 provincia
456 853 536 912 etin
559 869 595 911 ca
617 851 744 910 maxime
758 845 892 910 Voconii.
907 847 1098 909 ‘adservatur
1124 850 1172 908 eius

113 947 150 998 84
167 943 261 1022 gratia
282 959 340 1002 uva
362 940 475 1002 diutius
497 941 530 1000 in
552 941 612 1000 vite
634 937 773 1019 pediculo
797 940 918 1000 intorto.
963 936 1001 998 ab
1028 937 1098 997 aliis
1125 939 1171 1016 ipse

163 1030 278 1112 palmes
300 1029 444 1091 inciditur
471 1027 508 1089 ad
537 1027 711 1110 medullam,
743 1027 779 1088 ab
810 1025 875 1088 aliis
903 1043 960 1088 uva
990 1028 1173 1088 torreturiu

164 1117 288 1202 tegulis,
319 1121 419 1180 omnia
450 1137 487 1180 ex
518 1117 700 1179 helvennaca
730 1119 799 1180 vite.
847 1117 896 1178 his
927 1115 1063 1177 adiciunt
1094 1114 1174 1194 aliqui

166 1209 246 1290 quod
264 1217 371 1270 vocant
389 1207 548 1288 diachytcn
565 1209 632 1268 uvis
650 1210 682 1268 in
706 1207 768 1268 sele
791 1209 910 1268 siccatis
932 1206 999 1266 lucc
1022 1205 1110 1266 clusa
1134 1223 1174 1284 per

166 1299 230 1360 dies
249 1306 365 1380 septem
381 1300 414 1358 in
433 1296 574 1379 cratibus,
597 1297 723 1358 totidem
739 1295 833 1377 pedes
855 1315 873 1357 a
895 1304 976 1356 terra
999 1295 1068 1376 alte,
1089 1297 1174 1355 nocti·

166 1387 223 1450 hus
242 1387 279 1448 ab
297 1405 402 1448 umore
422 1386 564 1469 defensis,
587 1394 691 1448 octavo
709 1386 758 1448 die
776 1385 905 1448 calcatis.
931 1387 973 1447 ita
991 1385 1059 1444 ficri
1081 1385 1174 1464 optimi

115 1482 150 1533 85
168 1477 270 1538 odoris
293 1478 477 1558 saporisque.
512 1495 528 1537 e
552 1475 633 1538 dulci
655 1493 767 1557 genere
790 1484 838 1536 est
858 1483 891 1536 et
911 1473 1063 1536 melitites.
1096 1473 1174 1534 distat

167 1566 316 1648 amillau,
344 1563 423 1646 quod
450 1567 484 1626 fit
511 1585 528 1626 e
551 1574 652 1628 musto
674 1583 744 1627 cum
771 1567 904 1646 quinque
931 1565 1046 1644 congiis
1073 1563 1175 1624 austeri

167 1659 259 1718 musti
272 1658 378 1737 congio
391 1655 487 1718 mellis
506 1663 537 1717 et
555 1655 625 1716 salis
643 1655 749 1735 cyatho
767 1653 1003 1735 subfervefactis,
1020 1660 1174 1714 austerum.

167 1745 220 1806 sed
252 1747 331 1807 inter
362 1745 436 1806 haec
468 1763 578 1826 genem
608 1747 680 1825 poni
712 1743 802 1806 dehet
833 1751 864 1804 et
899 1750 1086 1823 protropum.
1145 1744 1173 1800 ita

166 1834 332 1916 appellatur
350 1853 367 1896 a
385 1834 563 1916 quibusdam
580 1841 713 1895 mustum
731 1840 838 1913 sponte
856 1832 991 1894 defluens
1008 1840 1079 1894 ante
1099 1849 1174 1911 quan

168 1923 321 1986 calcentur
347 1941 430 1985 uvae.
480 1923 537 1984 hcc
568 1924 707 2004 protinus
738 1923 881 1984 diffusum
912 1925 944 1982 in
976 1921 1091 2001 lagonis
1124 1923 1171 1981 sui<

167 2012 323 2074 defervere
345 2015 435 2094 passi,
456 2020 561 2093 postea
583 2015 616 2074 in
639 2011 702 2074 sole
724 2026 772 2074 xn
795 2011 902 2074 diebus
923 2019 1044 2072 torrent
1066 2013 1192 2072 aestatisa

169 2109 290 2164 secutae
313 2105 379 2184 ipso
403 2104 486 2164 canis
508 2109 586 2164 ortu.

116 2197 150 2251 86
238 2185 297 2254 10.
330 2185 404 2274 (12)
436 2191 503 2252 Non
533 2199 661 2272 possunt
689 2193 756 2252 iure
786 2192 846 2252 dici
874 2192 941 2252 vina
971 2208 1050 2269 quac
1082 2189 1172 2250 Graeci

169 2281 304 2342 deuteria
331 2280 494 2362 appellant,
525 2279 609 2342 Cato
640 2289 670 2342 et
700 2297 755 2341 nos
785 2280 892 2362 loram,
922 2281 1083 2342 maceratis
1112 2296 1173 2358 aqua

168 2371 312 2452 vinaceis,
336 2370 389 2430 sed
412 2377 513 2432 tamen
535 2372 615 2431 inter
638 2371 704 2430 vina
728 2371 865 2450 operaria
887 2378 1096 2431 numerantur.
1130 2371 1175 2428 tria

169 2477 275 2520 eorum
292 2477 415 2542 genera:
438 2459 553 2520 decima
569 2466 655 2540 parte
679 2477 771 2539 aquae
795 2458 893 2522 addita
911 2478 1001 2538 quam
1023 2460 1117 2520 musti
1136 2477 1174 2517 er·

169 2565 273 2629 pressa
292 2551 339 2630 sit,
364 2556 394 2610 et
416 2550 457 2610 ita
479 2556 567 2611 nocte
591 2568 625 2610 ac
648 2548 695 2610 die
719 2547 892 2610 madefactis
914 2550 1048 2610 vinaceis
1071 2565 1173 2610 rursus·

170 2656 229 2716 que
251 2637 335 2718 prelo
359 2635 510 2702 subiectis.
547 2637 684 2720 alterum,
707 2638 855 2718 quomodo
879 2636 985 2700 Gracci
1008 2637 1174 2700 factitavere.

170 2729 258 2788 tertia
288 2734 373 2806 parte
406 2729 471 2789 eius
502 2727 580 2808 quod
612 2745 788 2808 expressum
818 2729 857 2788 sit
887 2727 985 2789 addita
1015 2746 1111 2808 aquae
1136 2743 1172 2785 ev·

243 2959 258 3008 1
279 2953 422 3024 aigleuem
440 2955 556 3011 lHard.
575 2969 637 3010 cum
648 2953 725 3010 Pici.
753 2969 812 3008 -ces
830 2952 963 3009 elimacis
972 2951 1069 3012 Hera,
1095 2951 1171 3022 agleu-

172 3041 220 3082 cos
238 3030 284 3082 etl.
317 3043 397 3082 -ueos
416 3033 446 3084 ll.
478 3027 592 3098 glaucos
610 3031 646 3080 Ι.
746 3031 850 3080 lcum
867 3041 919 3080 om.
932 3028 968 3079 1.
1072 3021 1173 3080 leudos

172 3097 441 3170 aqusfoan.in)1.
514 3105 637 3169 egenus
655 3103 690 3152 Ι.
719 3113 807 3174 genus
826 3095 886 3152 eim
904 3111 949 3153 νυ.
968 3097 974 3166 Ι
996 3113 1051 3167 per
1068 3113 1097 3151 se
1113 3099 1171 3172 lm.

172 3170 249 3240 passi
266 3169 340 3226 Dect.
368 3171 420 3238 cfr.
434 3171 487 3227 luc.
499 3174 606 3240 p.122.
664 3191 667 3197 ·
698 3167 848 3224 lucccnti
865 3173 900 3224 1.
933 3167 978 3222 -tii
996 3167 1105 3224 adflat.
1133 3168 1169 3216 ia

171 3239 398 3298 rcddmvieffel.
458 3245 493 3296 ·9
512 3241 602 3298 cdl.
629 3239 660 3296 in
678 3255 722 3295 rc.
802 3245 836 3294 11
856 3239 1056 3310 dinchytunc.
1082 3237 1169 3294 -chitcu

172 3315 197 3364 ct.
214 3306 353 3380 ¹-cymton
370 3315 406 3368 1.
434 3307 799 3384 dyachialanr.ls0101.
887 3317 920 3367 tu
940 3313 1055 3368 aterve.
1069 3303 1167 3367 19).ὸᾶ

171 3382 276 3436 terram
294 3397 318 3436 r.
401 3388 434 3438 13
454 3383 490 3438 ab
507 3399 604 3440 nmero
622 3389 659 3440 Ι.
691 3397 790 3439 crare
807 3399 853 3440 rc.
878 3386 884 3451 Ι
909 3383 1115 3440 abactcu01

173 3456 295 3505 1401.
321 3468 431 3508 cauae.
456 3455 461 3522 Ι
486 3453 562 3509 dulci
581 3469 617 3509 ue
635 3471 660 3508 a.
689 3454 805 3510 ciera.
915 3461 948 3511 tv
966 3455 1036 3526 poni
1055 3453 1162 3510 debet!

171 3519 253 3602 potui
271 3521 424 3606 debeopd.
451 3541 555 3594 ponere
562 3471 663 3582 (acheo
682 3543 708 3581 a.
735 3527 855 3596 potuum
867 3527 1076 3598 ponere-debeo
1088 3542 1110 3580 c.

173 3591 207 3639 19
228 3605 259 3642 m
277 3591 387 3660 lagonas
405 3597 440 3647 Ι.
468 3595 576 3665 laganis
596 3598 664 3666 (·ce·
678 3598 711 3666 lt)
730 3613 774 3652 rc.
883 3603 918 3653 nti
941 3613 1046 3668 genera
1063 3597 1147 3652 ocal

173 3669 257 3718 (th
275 3663 546 3724 naracustoma.
574 3683 647 3736 quae
666 3668 833 3726 adechcc
861 3669 912 3738 cfr.
931 3683 993 3726 nce.
1012 3669 1065 3724 luc.
1078 3683 1106 3736 p.
1118 3665 1150 3718 53·
