2392 3946
187 131 252 198 366
409 135 415 150 ’
531 129 560 186 Ο.
579 129 681 184 PLINI
699 127 856 184 securim

186 283 421 364 oecumenicae,
448 279 593 362 Petritae,
620 277 764 360 Mycouio.
809 296 879 340 nam
904 275 1061 358 Mesogiten
1084 279 1164 358 capitis

185 373 305 435 dolores
322 365 421 434 iacere
440 378 627 450 compertum
646 377 701 451 est,
723 387 779 430 nec
798 366 960 448 Ephesium
983 367 1091 428 salubre
1111 386 1166 450 esse,

186 465 327 544 quoniam
357 462 432 522 mari
461 465 492 520 et
521 459 640 522 defruto
671 457 836 520 condiatur.
888 457 1066 538 Apamenum
1094 457 1166 518 mulso

185 555 346 633 praecipue
376 551 536 613 convenire
567 548 692 630 dicitur,
723 550 802 610 sicut
830 546 1017 610 Praetutium
1045 549 1074 607 in
1099 545 1167 606 ltalia

185 643 331 702 estenim
349 638 471 702 ethaeo
494 639 663 720 proprietas
685 655 838 718 generum.
875 635 972 698 dulcia
994 637 1092 716 ntique
1111 637 1183 696 meu

133 739 167 788 vt
186 749 218 793 se
251 749 312 792 non
344 735 522 809 congruunt.
568 727 695 788 exolevit
722 735 753 788 et
778 728 949 809 protagion‚
981 726 1059 806 quod
1087 725 1169 786 italicis

184 821 354 901 proximum
376 819 510 879 fecerant
532 815 759 897 Asclepiadis
787 815 913 879 scholae.
959 814 1170 896 Apollodorus

184 908 320 970 medicus
337 910 369 968 in
387 906 537 968 volumine
561 925 620 986 quo
644 907 738 968 suasit
755 904 925 967 Ptolemaeo
948 907 1014 984 regi
1036 923 1105 984 quae
1123 907 1170 964 rina

184 996 302 1060 biberet
320 996 429 1059 italicis
448 998 538 1058 etiam
556 1001 622 1058 tum
639 997 749 1076 ignotis
766 995 896 1056 laudavit
913 997 946 1056 in
964 994 1059 1058 Ponto
1071 991 1169 1074 Nasper·

180 1089 314 1169 cenitcn,
331 1105 400 1147 mox
419 1083 581 1168 Oreticum,
601 1083 762 1168 Oeneaten,
779 1083 971 1167 Leucadium,
994 1083 1171 1144 Ambracioter

185 1186 216 1238 et
239 1177 318 1256 quod
341 1177 459 1240 cunctis
480 1173 622 1256 praetulit
639 1173 860 1257 Peparetbium,
883 1174 936 1234 sed
959 1175 1083 1234 miinoris
1103 1173 1172 1234 lamae

186 1285 252 1328 esse
276 1265 359 1347 dixit,
382 1266 522 1346 quoniam
546 1272 614 1326 ante
638 1277 699 1326 sex·
713 1281 807 1326 annos
830 1281 891 1324 non
912 1262 1055 1344 placeret.

134 1361 166 1412 lt
255 1349 288 1416 8.
326 1348 400 1438 (10)
436 1352 588 1416 Hactenus
619 1352 738 1415 bonitas
769 1355 830 1436 vini
861 1351 1037 1418 nationibus
1067 1351 1171 1414 debetur.

185 1445 263 1526 apud
277 1443 406 1506 Graecos
425 1461 497 1506 cura
516 1443 715 1506 clarissimum
732 1456 843 1506 nomen
860 1445 988 1525 accepit,
1007 1443 1084 1523 qnod
1100 1440 1172 1522 appel-

184 1535 321 1596 laverunt
342 1531 426 1616 bion,
449 1531 485 1594 ad
508 1533 654 1614 plurimos
677 1532 875 1596 valitudinum
895 1551 971 1594 usus
997 1534 1173 1612 excogitatum

141 1609 219 1703 {int
242 1621 415 1685 docebimus
437 1624 469 1683 in
495 1631 580 1703 parte
607 1622 782 1684 medicinae.
828 1622 861 1682 tt
888 1630 992 1684 autem
1019 1621 1075 1683 boe
1098 1619 1173 1682 modo:

184 1731 257 1775 uvae
285 1711 407 1794 paulum
439 1719 506 1780 ante
533 1713 736 1774 maturitatem
767 1709 925 1792 decerptae
958 1713 1106 1774 siccantur
1131 1710 1171 1770 acri

185 1802 261 1884 sole,
289 1810 336 1863 ter
359 1801 407 1864 die
431 1809 563 1863 versatae
586 1819 642 1882 per
668 1800 816 1883 triduum,
836 1808 955 1880 -quarto
987 1803 1171 1882 exprimuntur,

132 1897 166 1946 rt
185 1890 254 1952 dein
277 1895 309 1952 in
333 1891 414 1954 cadis
438 1890 499 1954 sole
521 1892 735 1952 inveterantur.
773 1889 826 1952 Coi
849 1891 996 1953 marinam
1020 1907 1117 1972 aquam
1134 1887 1170 1946 lar·

158 2022 160 2030 ·
184 1983 299 2060 giorem
322 1983 449 2042 miscent
471 1999 488 2041 a
511 1982 589 2042 servi
612 1980 692 2041 furto
721 1982 836 2060 origiue
865 1987 930 2041 orta
957 1982 1005 2042 sic
1034 1992 1167 2042 mensumn

183 2069 344 2152 explentis,
371 2069 461 2150 idque
484 2069 661 2132 translatum
682 2071 715 2130 in
738 2068 837 2132 album
864 2077 1002 2132 mustum
1029 2069 1168 2131 leucocoum

183 2157 356 2238 appellatur.
409 2161 441 2218 in
468 2159 533 2220 aliis
561 2166 661 2220 autem
688 2157 828 2238 gentibus
855 2158 945 2220 simili
972 2159 1065 2221 modo
1090 2159 1172 2220 iactum

183 2246 455 2308 tethalassomenon
486 2257 609 2330 vocant,
646 2247 820 2314 thalassiten
857 2256 957 2312 autem
997 2251 1075 2310 vasis
1107 2245 1172 2308 unsn'

131 2343 164 2391 tt
184 2336 306 2396 deiectis
333 2338 364 2396 in
392 2353 486 2420 mare,
515 2355 574 2417 quo
601 2353 711 2416 genere
738 2353 866 2418 praecox
893 2338 927 2398 lit
952 2346 1098 2400 vetustas.
1135 2349 1172 2394 ner

183 2443 243 2485 non
272 2425 351 2506 apud
383 2444 438 2487 nos
470 2445 589 2506 quoque
614 2425 708 2488 Coum
739 2428 846 2488 vinum
873 2446 909 2488 cx
938 2425 1045 2488 Italico
1075 2423 1172 2488 faciendi

183 2517 329 2576 rationem
358 2514 454 2578 Cato¹
471 2516 699 2600 demonstravit,
729 2535 820 2596 super
850 2525 950 2578 cetera
979 2519 1012 2578 in
1041 2515 1100 2578 sole
1123 2529 1171 2593 qut·

183 2603 319 2666 driennio
350 2604 558 2666 maturandum
587 2607 784 2685 praecipiens.
835 2603 985 2668 Rhodium
1015 2605 1077 2668 Coo
1103 2601 1172 2665 simile

254 2849 464 2904 4Praetutium
481 2864 506 2904 c.
539 2847 903 2912 -bnitinmd..-totlnm1).
935 2850 1059 2906 -cocium
1076 2867 1099 2903 ι.
1161 2849 1171 2894 5

182 2921 216 2974 ut
233 2919 328 2974 dulcia
345 2923 430 2978 cedd.
440 2925 504 2976 anm
512 2919 575 2976 Stil.
657 2927 674 2975 t
693 2919 885 2991 congruuntur
902 2921 939 2975 ι’.
967 2923 1051 2976 nant
1067 2919 1173 2974 eddone

182 2989 244 3046 sid.
318 2992 477 3062 aproxima
488 2991 596 3048 fecerat
609 3009 633 3046 a.
709 2997 742 3046 10
762 2991 903 3049 Oreticum
916 2993 968 3062 <cel
983 2993 1091 3062 Oreot)
1103 2987 1171 3044 nard

182 3065 274 3120 ornet
292 3063 573 3120 etedd.aoteHcrd.
607 3065 716 3120 crocet·
734 3069 765 3118 1).
874 3070 906 3118 11
926 3062 1117 3134 peparethinm
1131 3059 1171 3114 cod

183 3134 264 3202 Oblff.
274 3133 367 3190 Hand.
394 3135 604 3206 proponentium
622 3139 669 3190 ad.
696 3151 796 3206 praep·
814 3135 1082 3192 ceddameflard.
1150 3137 1171 3182 1⁴

183 3221 249 3261 cura
267 3205 360 3262 Hmrd.
388 3222 453 3280 curo
472 3207 673 3262 dcodd.Barb.
702 3223 767 3262 cure
785 3213 815 3260 Ι).
843 3207 903 3262 inre
916 3224 963 3262 ac.
991 3208 1043 3275 cfr.
1057 3205 1079 3278 5
1091 3210 1131 3262 62.
1146 3205 1170 3255 sl

182 3282 206 3330 et
223 3279 331 3330 xxm
340 3281 385 3332 53.
469 3283 502 3332 19
521 3277 552 3332 in
569 3277 661 3334 Hord.
680 3293 730 3332 om.
745 3279 916 3336 lieddcatc
925 3278 1017 3336 Hard.
1095 3281 1122 3330 21
1138 3289 1169 3326 ex·

180 3346 288 3414 pellent
304 3349 343 3402 2².
371 3347 443 3404 -lsnt
461 3348 497 3410 ι’,
524 3351 528 3417 Ι
552 3348 636 3418 idque
654 3349 824 3406 translatum
842 3367 887 3405 ao.
919 3368 974 3425 que
991 3341 1122 3406 maasiam
1137 3363 1152 3400 r.

181 3415 350 3472 leucocoumv
361 3417 446 3488 ΜΒ)
455 3420 513 3477 cod.
523 3419 603 3488 Obt'ff.
614 3419 706 3478 Hand.
738 3437 849 3476 -coeum
863 3426 889 3479 d
917 3422 1051 3478 -cocbrun
1068 3419 1166 3477 eddcti·

180 3485 270 3554 Lupa.
299 3503 376 3550 rum,
390 3489 509 3544 edan.
537 3491 649 3546 -coohin
667 3491 790 3551 edVerc.
871 3499 906 3548 24
925 3495 1049 3550 uetustas
1067 3485 1165 3548 edde·

180 3557 303 3638 -msUDd
331 3560 402 3612 tum
417 3577 441 3614 a.
470 3563 499 3616 et
515 3561 652 3629 vetustius
671 3563 872 3622 eddurdeGel.
941 3571 1025 3622 nott
1039 3558 1166 3634 quadriluo

180 3639 249 3678 conc.
259 3625 326 3680 Dal.
341 3643 354 3682 e
369 3629 470 3685 (latone
484 3636 548 3698 112,
556 3637 582 3686 3.
610 3633 723 3690 biennio
741 3635 829 3693 Borb.
857 3636 951 3692 triduo
972 3635 1047 3691 Prot.
