2302 3938
208 258 286 306 aar.
309 254 401 306 urse.
424 240 778 332 1111.8-11.1(th-18.)
940 237 1002 303 163

37 412 113 489 nolon,
128 409 255 491 lleudae,
278 420 309 473 et
330 414 360 472 in
380 410 546 472 Pallenensi
570 409 675 470 isthmo
693 408 835 488 quondam
850 408 1000 487 Potidaea,

37 516 87 556 nuno
98 494 257 558 Cassandrea
275 496 404 574 colonia,
421 495 594 573 Anthemus,
611 494 795 573 Olophyxos,
808 495 888 555 siuns
903 493 1001 572 hlecy·

36 581 112 660 bema,
130 580 227 662 oppida
247 579 398 659 llisoella,
424 580 584 660 Ampelos,
605 578 742 657 Torone,
761 578 886 658 Siggos,
910 577 1050 640 uetaret

36 667 108 725 letum
126 683 176 744 qno
196 675 325 727 montem
345 665 424 726 Atho
451 663 569 726 Xerxes
594 664 748 725 Persarum
767 682 822 724 rex
839 665 1000 725 continenti

18 748 123 810 sabsoidit
140 752 165 810 in
185 750 366 828 longitudine
387 767 522 830 passuum
546 748 610 810 llll.
644 766 726 809 mons
747 749 813 827 ipse
840 768 856 809 a
879 748 1000 826 planitie

36 836 126 894 assumit
139 836 165 895 in
179 837 266 895 maria
280 833 388 895 LXXV
403 835 461 894 mil.
472 851 571 913 pass,
600 833 723 894 ambitus
739 833 845 894 radicis
861 831 906 893 Ch
923 833 1001 893 milia

36 918 121 994 colligit.
141 919 273 998 oppidum
289 921 318 979 in
335 921 481 979 cacumine
497 919 550 978 luit
564 917 744 995 Acroathon‚
760 935 835 979 nunc
851 927 918 978 sunt
928 916 1001 978 Ura-

35 1003 128 1081 nopolis,
142 1002 356 1081 Pelaehorium,
370 1003 516 1082 Thyssos,
534 1001 675 1082 Cleonae,
691 1000 849 1082 Apollonia
864 1004 944 1063 ouius
959 1005 1001 1062 in-

36 1086 88 1146 colae
100 1086 226 1148 Haerebit
238 1091 491 1168 cognominantur.
524 1087 660 1167 oppidum
677 1084 819 1164 Cassera,
840 1088 1001 1167 formasque
1018 1095 1051 1148 38

18 1170 109 1232 nullone
122 1172 221 1251 isthmi,
233 1172 396 1250 Acanthus,
409 1173 534 1251 Stagira,
551 1172 684 1250 Sithone,
702 1169 856 1250 Heraclea,
870 1181 900 1232 et
915 1173 1000 1252 regio

36 1253 164 1332 lugdoniae
183 1258 339 1320 subiacens
361 1259 390 1318 in
411 1275 467 1338 qua
488 1256 664 1318 recedentes
691 1275 708 1316 a
737 1257 808 1317 mari
830 1256 1000 1337 Apollonia,

35 1339 147 1406 Arethusa.
174 1344 202 1402 in
225 1360 278 1404 ora
293 1360 394 1402 rursus
410 1341 557 1402 Posidium
580 1351 610 1402 et
625 1343 705 1402 sinus
721 1359 784 1402 oum
805 1341 914 1422 oppido
930 1339 1001 1403 Cer-

35 1441 99 1502 mro,
114 1425 291 1506 Amphipolis
308 1427 449 1507 liberum,
467 1445 541 1506 gens
555 1426 691 1487 Bisaltae.
726 1425 793 1488 dein
809 1425 1000 1488 Macedoniae

13 1585 14 1588 Ἴ
35 1510 132 1570 terminus
153 1514 240 1572 amnis
258 1511 374 1590 Strymo
391 1521 471 1572 ortus
486 1514 515 1571 in
530 1507 648 1573 Haemo.
670 1510 884 1572 memorandum
904 1513 932 1571 in
954 1531 999 1571 se·

17 1601 84 1668 upton
98 1595 184 1657 laeuus
203 1615 269 1658 eum
289 1597 370 1676 iuudi
391 1598 556 1676 priusquam
572 1597 680 1675 dirigat
700 1613 824 1657 cursum.
854 1595 934 1658 Haec
954 1603 1001 1656 est
1018 1597 1051 1652 39
1137 1651 1138 1668 ,

36 1673 157 1740 lacedonia
181 1689 324 1742 terrarum
348 1681 473 1760 imperio
497 1683 590 1761 potita
611 1681 769 1760 quondam,
796 1680 869 1741 haee
888 1680 1000 1759 Asiam,

36 1759 170 1841 haeum,
184 1764 350 1841 Hiberiam,
368 1765 537 1844 Albaniam,
553 1764 782 1850 Cappadociam,
799 1763 922 1844 Syriam,
941 1765 1001 1826 Ae·

36 1855 126 1922 aptum,
150 1849 291 1930 Taurum,
313 1849 471 1912 Caucasum
495 1860 696 1930 transgressa,
725 1851 798 1912 haec
823 1852 852 1910 in
876 1850 1000 1929 Bactris,

37 1925 106 2010 ledis,
122 1931 215 1996 Persis
236 1935 381 1997 dominata
401 1944 466 1996 toto
488 1937 604 1997 oriente
627 1953 786 2015 possesso,
814 1935 887 1996 haec
914 1937 1001 1996 etiam

19 2011 98 2076 clodiae
108 2020 202 2080 victrix
213 2039 271 2100 per
280 2022 405 2098 vestigia
416 2019 515 2082 Liberi
529 2020 621 2081 Patris
637 2029 725 2099 atque
737 2019 871 2081 Herculis
884 2028 1000 2098 vagata,

37 2095 79 2158 beo
90 2102 177 2164 eadem
191 2115 238 2166 est
252 2104 421 2166 lllaoedonia
436 2108 518 2165 cuius
535 2122 591 2165 uuo
608 2105 655 2166 die
671 2103 776 2164 Paulus
791 2103 934 2165 Aemilius
951 2107 1001 2164 im·

37 2195 116 2256 perator
127 2199 226 2250 noster
240 2185 349 2250 LXXll
368 2189 458 2250 urbes
475 2189 604 2269 direptas
621 2189 761 2251 vendidit.
792 2195 897 2250 tantam
918 2188 1001 2250 dilie-

37 2272 117 2330 mtiam
130 2276 213 2335 sortis
230 2276 409 2354 praestitere
425 2274 481 2335 duo
500 2274 643 2335 homines.

74 2353 109 2415 11.
131 2355 208 2438 (18.)
235 2357 361 2420 'l'hrecia
381 2359 529 2438 sequitur,
556 2360 634 2419 inter
654 2359 846 2420 validissimas
861 2358 997 2438 Europae
1017 2369 1051 2422 40

18 2445 113 2518 rpentes,
126 2443 152 2502 in
165 2445 322 2522 strategias
336 2443 357 2503 L
374 2443 473 2504 divisa.
484 2461 487 2468 ’
497 2441 672 2522 Populorum
685 2446 747 2505 eius
761 2461 836 2522 quos
849 2445 998 2504 nominare

37 2535 70 2580 mn
86 2527 169 2603 pigeat
191 2545 304 2589 amnem
320 2527 505 2604 Strymonem
527 2527 662 2588 adeolunt
685 2527 791 2588 dextro
811 2528 905 2590 latere
923 2528 1000 2588 Den-

38 2605 111 2670 seletae
123 2621 150 2671 et
162 2611 237 2674 lledi
255 2613 293 2674 ad
306 2612 430 2673 Bisaltas
446 2631 539 2691 usque
555 2629 642 2692 supra
658 2611 764 2690 dictos,
779 2611 866 2672 laevo
881 2611 999 2689 Digerri

39 2685 201 2777 lossommque
225 2698 314 2759 multa
333 2699 447 2758 uomina
470 2697 504 2757 ad
528 2697 652 2758 Mestum
672 2715 783 2757 amnem
802 2698 857 2756 ima
872 2695 999 2773 Pangaei

40 2779 105 2838 nantis
118 2783 283 2845 ambientem
300 2783 377 2842 inter
391 2781 525 2857 haletos,
540 2781 715 2859 Diobessos,
732 2779 913 2858 Carbilesos,
931 2780 998 2841 inde

22 2853 115 2940 llusus,
125 2866 261 2946 Sapaeos,
279 2865 468 2927 Odomantes.
489 2865 665 2942 Odrysarum
680 2885 754 2944 gens
765 2864 858 2926 fundit
872 2864 1000 2929 Hebrum

42 2941 189 3012 adcolentibus
210 2950 386 3030 Carbiletis,
401 2949 577 3030 Pyrogeris,
596 2950 756 3028 Drugeris,
774 2948 926 3029 Caenicis,
942 2948 999 3026 Hp·

42 3029 117 3110 psaltis,
132 3034 229 3115 benis,
250 3035 398 3116 Corpilis,
418 3035 578 3114 Bottiaeis,
599 3033 717 3096 Edonis.
754 3033 866 3096 Eodem
890 3038 1000 3096 suntin
1017 3047 1049 3097 41

42 3117 98 3175 tractu
106 3117 232 3201 Sialetae,
243 3122 392 3200 Priantae,
404 3119 570 3198 Dolongae,
586 3117 691 3198 Thyni,
707 3117 858 3181 Celaletae
872 3122 998 3181 maiores

42 3191 246 3279 lamminarum
258 3206 423 3286 Rhodopae
442 3205 560 3266 subditi.
584 3205 661 3265 iuter
679 3223 753 3284 quos
765 3203 881 3266 Hebrus
898 3207 1000 3283 amnis,

23 3285 133 3359 ‘Oppidum
148 3293 196 3353 sub
216 3290 363 3372 Rhodope
377 3289 573 3369 Poneropolis
595 3298 699 3367 autea,
720 3307 789 3350 mox
808 3309 825 3350 a
846 3291 998 3351 conditore

44 3361 217 3457 Philippopolis,
232 3395 308 3439 nuno
323 3395 339 3436 a
357 3379 414 3438 situ
432 3375 622 3435 Trimontium
637 3375 722 3436 dicta.
756 3373 856 3436 Haemi
874 3375 999 3435 excelsi·

45 3452 107 3514 llll
119 3460 166 3520 mil.
183 3481 258 3542 pass.
278 3463 401 3524 subitur.
432 3462 547 3521 Aversa
565 3463 628 3522 eius
650 3469 680 3521 et
697 3462 727 3520 in
741 3459 869 3520 Histrum
885 3459 998 3520 devexa

44 3529 112 3620 linesi,
125 3543 215 3627 Cetae,
237 3547 326 3626 Aodi,
341 3546 491 3646 Scaugdae
509 3543 699 3626 Clariaeque,
723 3545 822 3689 eltlspb
841 3546 876 3604 iis
893 3545 998 3606 Arraei
