2302 3938
124 167 190 234 214
468 179 789 248 c.1³urn1suounn1
920 243 928 250 η

67 377 72 383 -
124 339 181 400 lata
198 345 245 398 est
261 335 384 413 Cronia,
400 335 468 397 dein
484 335 649 414 Thessalis,
671 336 739 399 dein
752 335 895 398 Malianda
915 346 947 400 11
962 337 1120 414 Strymonis.

124 423 179 484 hos
194 420 337 482 Homerus
352 419 507 482 Maliuonas
523 421 611 498 dixit,
627 420 740 499 quando
753 423 952 502 praecingitur
962 439 1034 500 gens
1051 423 1120 483 nari.

124 503 203 566 Urbs
224 507 278 566 luit
297 508 427 567 inmensa
443 504 551 566 Atussa
573 507 707 583 nornine,
734 524 810 566 nunc
830 515 897 566 sunt
918 505 974 566 Xll
990 507 1121 580 civitates,

123 592 200 652 inter
215 608 285 668 quas
302 589 494 652 Gordiucome
506 607 581 668 quae
595 589 748 669 iuliopolis
765 599 905 667 vocatur,
921 591 951 652 in
963 606 1015 652 ora
1027 589 1122 664 Dascy-

124 674 181 736 los.
211 674 279 736 dein
294 675 400 736 humen
415 673 542 753 Gelbes,
560 683 590 734 ct
607 676 683 734 intus
697 673 807 753 Helgas
820 674 957 754 oppidum
973 692 1046 753 qnae
1061 671 1144 733 Ger-c

123 759 331 838 manicopolis,
351 759 408 820 alio
421 760 536 820 nominc
548 759 729 838 Booscoete,
747 761 822 820 sicut
833 759 963 839 Apamea
977 777 1049 838 quae
1059 777 1124 818 nunc

123 841 233 918 Myrlea
248 841 512 924 Colophoniorum,
531 843 636 906 flumen
646 842 792 905 Echeleos
807 841 918 904 anticus
931 842 1051 906 Troadis
1068 843 1124 902 linis

73 935 165 992 14111
184 926 296 1004 Mysiae
321 929 442 988 initium.
483 938 587 1008 postea
607 931 686 989 sinus
710 931 740 990 in
765 947 824 1007 quo
842 927 948 988 humen
968 927 1125 1002 Ascanium,

124 1011 260 1090 oppidum
277 1011 425 1090 Bryalion,
443 1029 541 1074 amnes
555 1011 644 1088 Hylas
663 1021 693 1074 et
709 1011 779 1073 (lios
794 1031 858 1073 cum
878 1011 986 1092 oppido
1005 1011 1124 1071 eiusdem

122 1097 262 1174 nominis,
286 1097 365 1176 quod
385 1097 439 1157 fuit
460 1099 621 1176 emporium
643 1115 703 1160 non
732 1097 835 1178 procul
861 1097 1021 1158 adcolentis
1045 1093 1146 1170 Phry-n

121 1180 189 1278 giae
210 1197 226 1240 a
246 1179 370 1243 Milesiis
393 1181 509 1260 quidem
530 1181 693 1260 conditum,
720 1183 750 1242 in
774 1181 841 1252 loco
859 1189 954 1241 tamen
978 1181 1027 1279 pul
1044 1179 1125 1239 Asca·

97 1265 168 1408 pia
184 1263 330 1344 Phrygiae
349 1266 517 1328 vocabatur.
552 1275 733 1346 quapropter
750 1283 809 1327 non
824 1265 911 1326 aliubi
926 1265 1020 1345 aptius
1041 1263 1075 1324 de
1097 1281 1125 1322 11

139 1349 241 1409 icatur.

70 1441 121 1494 145
197 1432 281 1514 (41.)
304 1434 428 1512 Phrygia
450 1434 557 1496 Troadi
580 1437 746 1514 superiecta
765 1434 941 1514 populisque
963 1451 979 1494 a
1000 1449 1125 1512 promun

124 1518 201 1576 turio
216 1517 308 1579 Lecto
328 1519 363 1580 ad
379 1519 485 1580 humen
503 1517 662 1580 Echeleum
678 1518 836 1598 praedictis
852 1516 1071 1597 septentrionali
1088 1519 1146 1575 suia

123 1609 209 1678 parte
231 1601 362 1664 Galatiae
382 1604 577 1704 contermina,
603 1603 761 1664 meridiana
784 1599 964 1680 Lycaoniae,
995 1599 1146 1662 Pisidiae

79 1683 315 1786 ¹⁰5Mygdoniae,
332 1688 368 1750 ab
385 1689 501 1750 oriente
518 1688 731 1768 Cappadociam
747 1689 873 1764 attingit.
905 1685 1011 1765 oppida
1027 1685 1067 1746 ibi
1085 1689 1146 1746 ce·

79 1749 280 1840 ¹·‹1.⁰⁵leberrima
295 1775 443 1852 praeter
434 1793 489 1834 ram
507 1773 583 1834 dicta
598 1771 734 1850 Ancyra,
750 1770 877 1848 Andria,
898 1767 1060 1848 Celaenae,
1077 1767 1126 1829 Co·

121 1854 375 1935 lossae,0ar1na,
398 1855 559 1936 Gctyaion,
575 1855 714 1934 Geraine,
732 1853 871 1932 (lonium,
887 1853 1028 1916 Midaium.
1061 1856 1126 1914 Sunt

121 1949 259 2003 auctores
275 1943 416 2002 transisse
439 1960 477 2002 cx
497 1939 625 2019 Europa
631 1939 753 2003 Moesos
772 1947 802 2002 et
821 1939 936 2017 Brygos
957 1948 987 2000 et
1003 1937 1144 2018 Thynos:

122 2025 257 2104 aquibus
273 2025 458 2104 appellentur
472 2024 564 2104 Mysi,
579 2025 730 2106 Phryges,
746 2024 871 2100 Bithyni.

71 2113 122 2166 146
197 2106 280 2187 (42.)
296 2109 386 2168 Simul
403 2109 554 2170 dicendum
571 2109 687 2170 videtur
698 2117 729 2170 et
746 2108 783 2170 de
801 2099 923 2188 Galatia,
940 2127 1015 2188 quae
1033 2126 1145 2186 super·

121 2193 219 2270 posita
241 2211 329 2270 agros
344 2194 446 2254 maiori
463 2213 502 2254 ex
520 2203 605 2273 parte
620 2192 765 2273 Phrygiae
784 2201 867 2254 tenet
882 2202 1026 2274 caputque
1043 2210 1145 2272 quon·

121 2276 184 2336 dam
207 2277 269 2338 eius
286 2275 431 2338 Gordium.
464 2275 520 2350 Qui
540 2287 653 2358 partem
676 2296 739 2340 eam
760 2277 897 2340 insedere
915 2275 1126 2356 (1111111111-

121 2359 262 2439 listobogi
278 2370 308 2422 et
323 2361 430 2424 Voturi
452 2371 483 2424 et
499 2362 661 2424 Ambitouti
678 2371 836 2442 vocantur,
857 2365 906 2442 qui
928 2359 1079 2422 Maeoniae
1101 2369 1127 2419 et

120 2443 337 2524 Paphlagoniae
365 2448 519 2525 regionem
545 2447 672 2526 Trogmi.
720 2447 922 2508 Praetenditur
950 2443 1126 2526 Cappadocia

120 2546 136 2588 a
152 2532 356 2608 septentrione
375 2540 406 2592 et
422 2531 495 2593 solis
509 2541 586 2610 ortu,
603 2532 684 2592 cuius
700 2531 874 2594 uberrimam
884 2539 997 2610 partem
1013 2547 1127 2608 occupa·

120 2631 193 2674 vere
216 2613 400 2694 Tectosages
424 2635 459 2676 ac
481 2614 703 2678 Teutobodiaoi.
739 2615 778 2676 Et
803 2625 908 2693 gentes
930 2615 1046 2692 quidem
1066 2613 1125 2674 hae.

119 2698 221 2777 populi
244 2717 317 2760 vero
339 2718 373 2760 ac
398 2700 575 2766 tetrarchiae
597 2717 698 2762 omnes
726 2717 846 2760 numero
870 2695 986 2760 CXCV
1027 2698 1144 2778 oppid

120 2781 315 2862 Tectosagum
334 2785 468 2863 Ancyra,
489 2783 680 2864 Trogmorum
701 2783 836 2862 Tauium,
861 2782 1142 2862 Tolistobogiornm

71 2863 275 2928 147Prs1nnus
308 2877 428 2947 praeter
443 2869 498 2930 hos
516 2869 652 2930 celebras
667 2868 844 2930 Actalenses
846 2867 1059 2946 ‚Alassenses,
1076 2865 1125 2926 Co-

119 2967 250 3028 menses,
266 2950 424 3014 Didienses
427 2952 659 3032 ,Hicrorenses,
670 2951 818 3030 Lystreni,
829 2913 1028 3032 Meapolitani,
1041 2949 1126 3012 Oean-

118 3033 236 3112 denses,
254 3000 468 3116 Seleucenses,
485 3037 659 3114 Sebasteni,
676 3035 931 3114 Timoniacenses,
954 3033 1125 3097 Thebaseni.

118 3119 246 3197 Attingit
261 3117 373 3182 Galatia
396 3131 425 3182 11
441 3121 627 3202 Pamphyliae
644 3118 792 3184 Cabaliam
813 3129 844 3182 et
862 3119 965 3198 Milyas
986 3123 1035 3200 qui
1056 3122 1127 3181 circa

117 3202 212 3264 Barim
236 3211 303 3263 sunt
331 3214 361 3266 et
385 3203 564 3282 cyllanicum
590 3215 620 3268 et
636 3205 829 3268 Oroandicum
849 3201 975 3266 Pisidiae
999 3197 1143 3278 tractuml

118 3289 187 3348 item
202 3285 366 3364 lycaoniae
381 3299 493 3372 partem
509 3289 670 3352 Obizenen.
703 3291 818 3352 llnmina
835 3291 944 3352 suntin
960 3308 996 3350 ea
1013 3279 1143 3370 praeter

117 3373 172 3432 iam
187 3372 262 3434 dicta
277 3373 449 3452 Sangarium
471 3383 501 3436 11
517 3373 631 3454 Gallus,
653 3393 669 3438 a
691 3393 748 3456 quo
770 3393 876 3437 nomen
898 3384 1015 3436 traxere
1031 3371 1124 3434 Matris

117 3456 201 3520 deum
216 3459 398 3522 sacerdotes.
