2364 3928
144 191 167 257 8
484 205 516 256 c.
536 205 634 255 arum
656 189 807 256 saeuum

147 381 314 443 summaque
333 381 401 424 cura
422 380 459 422 ne
480 361 625 440 legendos
647 379 701 423 eos
717 361 844 422 haberes
863 372 982 438 operam
1002 355 1075 419 dedi.
1109 353 1147 418 l'u

147 466 202 528 per
218 447 275 508 lnoc
291 456 321 508 et
336 446 400 506 aliis
418 447 584 526 praestabis
600 465 637 508 ne
652 446 824 527 perlegant,¹
834 445 906 524 sed,
922 452 954 503 ut
970 443 1091 522 quisque
1105 441 1160 506 der

147 531 291 593 siderabit
307 525 434 610 aliquid,
456 531 485 592 id
501 539 610 590 tanturn
629 529 751 611 lpuaeral
773 539 803 592 et
823 517 897 591 ’sbiat
917 543 975 612 quc
996 527 1062 586 lucc
1076 521 1160 587 inve-3

147 619 217 676 niat.
254 613 318 676 Hoc
331 624 398 676 ante
418 633 464 675 une
480 615 551 676 iecit
570 617 600 675 in
622 615 730 676 litteris
749 616 858 676 nostris
880 611 1016 676 Valerius
1030 609 1160 696 Soranus*

147 701 277 762 inlibris
293 717 367 780 quos
383 695 575 762 ἕποπτίδων
591 701 750 780 inscripsit.
1155 703 1160 750 Ι

553 887 755 902 -ῇ-

415 1030 451 1122 d.
482 1036 633 1124 l’lllll
666 1020 899 1124 sudditi

263 1177 637 1290 naturalis
677 1165 1047 1288 ursnunrlu

530 1357 779 1425 LIBERL
1160 1357 1161 1416 l

213 1611 303 1676 Libro
316 1613 353 1676 ll.
372 1611 573 1678 continentur:
603 1617 655 1696 (1)
671 1616 717 1676 An
736 1617 832 1677 linitus
846 1613 966 1676 mundns
983 1622 1013 1676 et
1030 1633 1066 1674 an
1081 1631 1153 1672 unns.

151 1694 202 1780 (2)
220 1699 364 1761 deforma
381 1703 453 1761 eius.
482 1699 533 1780 (3)
545 1701 581 1762 de
597 1709 687 1761 mutu.
709 1719 759 1761 cur
770 1701 890 1761 mundus
904 1699 1026 1778 dicatur.
1054 1695 1103 1778 (4)
1116 1697 1161 1757 lle

151 1785 318 1846 elementis.
359 1784 410 1866 (5)
432 1783 478 1846 lle
502 1785 569 1847 dec.
602 1783 652 1866 (6)
671 1785 716 1847 De
734 1785 859 1846 siderum
876 1782 1033 1845 errantium
1054 1792 1153 1843 natura.

152 1870 203 1950 (7)
219 1869 256 1932 de
271 1867 359 1932 lunae
377 1879 408 1931 et
423 1870 496 1930 solis
514 1871 691 1932 defectibus.
723 1866 759 1930 de
775 1879 871 1932 necte.
904 1864 955 1950 (8)
972 1868 1008 1930 de
1024 1861 1154 1951 inagnitu·

151 1955 219 2015 dine
238 1949 375 2018 siderum.
414 1951 533 2034 (9.10)
555 1973 629 2034 quae
655 1957 720 2034 quis
739 1955 884 2016 invenerit
902 1955 932 2014 in
953 1953 1154 2030 observatione

152 2033 284 2099 caelesti.
317 2037 389 2118 (11)
406 2038 443 2098 de
459 2037 544 2100 lunae
566 2047 657 2100 motu.
689 2037 761 2120 (12)
783 2037 945 2099 Errantium
960 2035 1059 2097 rnot'u's
1077 2035 1155 2096 etlu-

151 2125 257 2183 minum
273 2123 420 2182 canonica.
457 2119 522 2201 (13.
543 2123 598 2203 14)
621 2141 712 2201 quiere
733 2123 833 2185 eadern
856 2123 961 2182 altiora
977 2119 1074 2199 alias,
1093 2121 1162 2196 aliasp

151 2208 295 2287 propiora
310 2205 473 2268 videantur.
504 2206 577 2287 (15)
593 2205 737 2270 catholica
755 2208 879 2268 siderum
897 2209 1065 2268 errantium.
1092 2199 1162 2283 (16)

153 2309 227 2371 quae
243 2293 320 2352 ratio
339 2291 458 2354 colores
477 2309 579 2352 eorum
599 2301 700 2354 mutet.
733 2290 806 2372 (17)
828 2291 900 2351 selis
919 2299 1026 2352 unctus.
1055 2289 1162 2350 dierun

152 2377 367 2454 inaequalitatis
391 2377 476 2436 ratic.
514 2375 587 2458 (18)
609 2373 706 2449 Quare
734 2377 850 2438 fulmina
875 2377 936 2441 lovi
964 2375 1155 2455 adsignentur.

154 2458 227 2540 (19)
245 2459 401 2522 Intervalla
418 2461 554 2522 siderum.
586 2459 658 2542 (20)
674 2461 711 2524 de
727 2461 871 2522 sideribus
889 2463 1007 2526 musica.
1039 2457 1110 2540 (21)
1126 2459 1156 2518 de

151 2545 258 2606 munda
274 2546 465 2625 geometrica.
491 2543 557 2626 (22.
573 2543 631 2627 23)
647 2547 692 2608 De
705 2546 865 2626 repentinis
884 2545 1042 2606 sideribus.
1070 2545 1105 2606 de
1117 2562 1156 2604 cu·

152 2633 249 2692 metis.
278 2638 381 2691 natura
397 2639 427 2690 et
442 2632 515 2692 situs
532 2640 563 2692 et
578 2650 690 2710 genera
703 2649 813 2692 eorum.
840 2627 913 2711 (24)
928 2629 1113 2710 Hipparchea
1126 2628 1157 2688 de

153 2715 300 2776 sideribus
322 2715 528 2792 agnoscendis.
574 2714 646 2796 (25)
669 2702 713 2777 De
739 2713 918 2776 caelestibus
940 2715 1085 2794 prodigiis
1111 2731 1157 2793 per

154 2800 290 2879 exempla
312 2799 463 2862 historica.
495 2803 594 2877 iaces,
617 2800 782 2878 lampades,
805 2799 941 2878 bolides,
974 2795 1048 2878 (26)
1067 2799 1157 2858 trabes

154 2884 313 2962 caelestes,
333 2883 448 2944 chasma
462 2885 548 2948 caeli.
575 2883 646 2966 (27)
660 2884 704 2946 De
721 2883 795 2966 caeli
810 2883 971 2947 coloribus.
1002 2883 1040 2944 de
1057 2883 1157 2942 damna

154 2968 288 3030 caelesti.
314 2965 380 3048 (28.
397 2965 454 3049 29)
473 2969 510 3031 de
525 2969 643 3030 curonis
659 2966 850 3032 caelestibus.
876 2969 914 3030 de
928 2967 1046 3030 circulis
1062 2985 1158 3046 repen·

154 3053 233 3113 tinis.
268 3051 341 3133 (31)
362 3053 465 3115 Plures
486 3053 576 3116 soles.
607 3051 681 3135 (32)
700 3054 800 3134 piures
824 3054 919 3116 lunae.
959 3049 1032 3134 (33)
1055 3051 1158 3112 dierum

152 3138 289 3198 noctibus
304 3137 363 3198 lux.
397 3137 471 3220 (34)
494 3139 582 3219 clipei
604 3140 752 3202 ardentes.
784 3137 842 3221 35)
861 3147 1007 3200 ostentum
1028 3135 1103 3197 caeli
1119 3153 1158 3193 se-

152 3221 212 3282 mel
229 3230 359 3283 notatum
409 3221 481 3304 (36)
502 3223 548 3285 De
568 3222 700 3284 discursu
717 3223 877 3287 stellarum.
915 3221 986 3303 (37)
1007 3221 1053 3282 De
1071 3217 1158 3280 stellis

153 3325 229 3386 quae
248 3302 391 3368 Castores
413 3318 562 3370 vocantur.
601 3307 675 3389 (38)
697 3309 743 3370 De
762 3327 833 3369 aere
857 3317 888 3369 et
909 3326 998 3386 quare
1020 3304 1158 3384 lapidibus

153 3391 243 3471 pluat.
280 3389 510 3472 (39-41)1t0
531 3395 614 3454 statis
632 3393 854 3472 tempestatibus
876 3385 949 3478 (40.
965 3391 1001 3452 de
1017 3387 1158 3450 caniculae

154 3483 231 3538 ortu.
266 3473 317 3538 41.
336 3477 381 3538 vit
398 3485 561 3558 temporum
578 3479 643 3538 anni
661 3475 769 3567 stata).
802 3474 875 3558 (42)
898 3475 943 3538 Dc
958 3475 1078 3537 incertis
1093 3482 1159 3533 tem·
