2286 3938
208 266 288 313 suu.
305 267 398 316 noso.
415 267 464 314 vr.
481 259 602 312 aa-oo.
619 252 770 332 (ao-to.)
933 247 997 314 239

21 441 59 484 nos
77 420 157 482 tradit.
192 439 228 482 ex
247 421 374 482 adverso
401 429 448 481 est
469 419 595 498 Arabia,
621 423 701 482 cuius
724 422 789 504 tx'o‘t
810 419 839 480 Μ
861 437 997 500 passuum

21 506 149 582 longitudo.
189 525 289 567 rursus
321 505 416 567 altero
442 505 564 566 ambitur
591 508 655 565 sinu
681 505 809 566 Arabico
840 508 995 567 nominato.

21 608 128 650 oceanum
148 591 194 668 qni
212 589 305 651 inlluit
321 590 460 650 Azanium
476 589 633 670 appellant.
662 588 813 650 Persicum
833 592 952 649 introitu
970 589 996 647 V

19 675 58 733 nil.
72 693 193 753 passuum
212 673 391 750 latitudinis,
407 675 454 734 alil
467 673 522 734 1111
539 675 683 735 lecerunt.
715 674 751 734 ab
764 693 801 734 eo
816 675 851 734 ad
870 674 996 734 intimum

2 763 84 818 rsinuu
96 769 173 819 recto
191 778 277 818 cursu
299 761 352 842 iifl
369 757 451 819 XXV
466 757 495 817 Μ
512 758 721 837 propemodum
733 767 846 818 constat
862 777 947 831 esse,
965 766 995 816 et

19 847 77 902 situm
97 844 155 903 elus
177 843 289 903 humani
311 845 413 922 capitis
439 843 548 920 eibgie.
589 842 770 903 Onesicritus
790 853 820 902 et
835 841 985 902 Nearchus
1000 849 1051 900 too

19 929 40 985 ob
59 927 118 987 ludo
141 947 222 987 amne
249 929 278 986 iu
304 929 397 988 sinum
421 925 569 987 Persicum
600 936 687 1005 atque
716 927 796 988 illinc
819 925 997 1004 Babylonem

18 1011 140 1089 Euphratis
162 1011 316 1091 paludibus
340 1013 520 1090 scripserunt
547 1009 633 1094 iffi!
651 1010 680 1070 Μ
695 1029 829 1089 passuum
852 1029 929 1071 esse.
965 1009 998 1069 ln

18 1095 153 1156 Carmaniae
170 1097 279 1174 angulo
296 1093 533 1176 Chelonophagi,
551 1096 723 1155 testudinum
743 1095 897 1174 superficie
914 1112 997 1154 casas

2 1188 135 1256 tegentes,
165 1199 254 1240 carne
274 1189 441 1240 vescentes.
477 1179 633 1240 allumine
654 1181 744 1239 Arabi
774 1181 998 1258 promunturium

16 1265 81 1342 ipsum
94 1265 255 1325 inhabitant
271 1273 394 1344 praeter
408 1266 503 1345 capita
525 1273 588 1326 toto
609 1283 737 1345 corpore
758 1263 825 1324 hirti
848 1264 996 1342 coriisque

15 1365 105 1496 poppo
120 1358 293 1494 hehthhrum
314 1442 407 1494 tractu
423 1433 529 1494 ludium
551 1453 654 1494 versus
671 1432 852 1495 Cassandrus
868 1433 988 1494 deserta
1000 1445 1052 1496 110

15 1518 79 1576 insola
93 1520 121 1577 ln
140 1535 255 1578 oceano
276 1517 344 1578 Lbl
360 1536 497 1598 passuum
516 1519 653 1595 traditur,
676 1520 814 1597 iuxtaque
836 1537 899 1578 eam
919 1517 998 1576 ireto

2 1601 169 1664 ilnteuduente
195 1603 316 1663 Stoldes
342 1611 519 1681 quaestuosa
539 1605 709 1680 margaritis.
748 1604 774 1662 A
798 1602 998 1681 promunturio

16 1683 130 1746 iomanis
147 1690 309 1765 iunguntur
322 1686 499 1748 Harmozaei.
536 1687 649 1766 quidam
670 1690 859 1765 interponunt
876 1685 998 1762 Arbios,

15 1767 153 1832 tcooxxl
172 1772 252 1832 milia
272 1789 408 1850 passuum
425 1780 488 1831 toto
505 1771 601 1831 litore.
632 1771 674 1831 lbi
692 1781 793 1849 portus
810 1769 999 1829 Macedonum

14 1863 31 1912 ul
42 1874 95 1915 urae
106 1856 270 1916 Alexandri
287 1858 316 1916 iu
332 1857 540 1935 promunturio.
569 1873 667 1916 amnes
683 1856 831 1930 Siccanas,
848 1855 915 1914 dein
929 1853 999 1912 Dra·

15 1941 64 1998 lluus
86 1949 114 1999 et
134 1941 262 2000 Salsum.
300 1939 336 2000 ab
361 1958 397 2000 eo
418 1941 645 2018 promunturium
671 1939 869 2016 Themisteas,
895 1933 1048 1998 insulatll

3 2023 175 2099 tlpbuodlsias
191 2025 349 2086 habitatur.
377 2024 447 2085 lude
458 2023 589 2086 Persidis
602 2025 713 2084 initium
725 2025 759 2085 ad
772 2023 877 2084 llumeu
890 2021 1000 2082 Oratim

14 2123 50 2180 pun
68 2109 202 2168 dividitur
224 2109 261 2169 ab
282 2107 443 2186 Elymaide.
482 2118 583 2168 contra
601 2107 751 2170 Persidem
765 2108 876 2168 insulae
890 2105 999 2185 Psilos,

12 2187 161 2270 Cassandra,
178 2193 297 2254 Aracha
312 2211 382 2264 cum¹
397 2202 495 2253 monte
513 2193 644 2272 praealto
661 2192 798 2272 Neptuno
815 2211 905 2254 sacra.
936 2191 1000 2269 ipsa

12 2271 83 2334 Persis
96 2277 243 2338 adversus
260 2296 393 2338 occasum
408 2280 462 2337 sita
479 2279 592 2356 optinet
608 2277 695 2338 litore
708 2276 756 2337 DL
768 2276 798 2337 Μ
810 2293 900 2355 pass,
913 2278 1000 2335 etlam

11 2357 28 2418 lu
47 2359 132 2421 luxum
153 2361 259 2439 dives,
285 2364 314 2422 iu
339 2362 508 2422 Parthorum
534 2365 588 2421 iam
615 2363 727 2441 pridem
754 2361 858 2422 tralata
883 2378 998 2420 nomen.

11 2439 89 2506 homno
103 2447 139 2506 de
155 2448 284 2524 imperio
300 2465 375 2506 nuno
394 2448 423 2506 in
441 2449 551 2525 paucis.

54 2528 128 2611 (29.)
155 2530 459 2608 Regma‘Parthorum
484 2529 582 2591 xvllt
613 2540 680 2592 sunl
706 2532 808 2592 omnia.
849 2531 888 2590 ita
914 2531 989 2590 enlm
1002 2537 1052 2588 112

11 2611 109 2674 dividunt
131 2617 305 2694 provincias
325 2617 403 2676 circa
424 2615 497 2692 duo,
524 2625 556 2674 ut
575 2615 715 2690 diximus,
740 2617 845 2690 maria,
871 2613 999 2674 Rubrum
1010 2633 1032 2670 u

12 2699 151 2775 umeridle,
175 2699 352 2776 {hyrcanium
367 2719 383 2758 s
400 2701 614 2778 septentrione.
652 2699 691 2759 Es
708 2702 744 2760 ils
766 2699 807 2760 xl
825 2717 897 2777 quae
914 2716 1000 2776 supe·

12 2782 66 2841 riona
78 2784 210 2844 dicuntur
230 2785 370 2863 incipiunt
386 2803 402 2844 a
418 2785 545 2844 conluuio
564 2785 721 2845 Armeniae
743 2781 916 2862 Cuspllsque
933 2781 999 2842 lito·

14 2863 86 2942 nilus,
110 2870 264 2946 pertinent
283 2869 318 2928 ad
339 2867 462 2945 Scythas
486 2887 549 2928 cum
574 2869 677 2946 qulbus
700 2885 856 2947 exaequo
879 2865 998 2944 degunt.

12 2947 96 3029 reliqua
111 2951 167 3012 vlt
189 2971 280 3030 regna
297 2954 436 3013 inferiora
459 2953 651 3031 appellantur.
691 2951 776 3025 Quod
790 2951 914 3012 Parthos
936 2952 1000 3010 atti-

14 3043 54 3103 net,
65 3055 179 3116 semper
192 3036 247 3097 tuit
258 3036 420 3113 Parthyaea
431 3039 459 3096 in
471 3037 615 3097 radicibus
627 3043 766 3097 montium
779 3038 896 3114 saepius
909 3036 999 3096 dicto·
1012 3059 1034 3094 a

14 3131 54 3175 mnu
68 3123 110 3198 qui
128 3139 232 3181 omnes
246 3121 297 3181 has
312 3131 418 3199 gentes
434 3129 617 3200 praetexunt.
646 3121 741 3182 Habet
756 3121 793 3180 ab
808 3131 873 3181 ortu
889 3120 1052 3196 Arios,113

13 3205 139 3265 oneridte
156 3204 336 3266 Carmaniam
357 3214 388 3266 et
404 3206 549 3282 Arianos,
571 3206 606 3265 ab
624 3223 730 3266 occasu
746 3205 870 3266 Pratitas
885 3203 999 3279 bledos,

13 3289 1000 3452 tltlllllilllllltolll⁵lllltttll.lt⁰l·..ll‘lllti

15 3465 92 3514 eorum
105 3475 176 3534 quas
194 3457 331 3535 diximus,
352 3457 454 3518 issatis
477 3466 507 3518 et
530 3455 680 3537 Calliope,
701 3459 737 3519 ab
756 3460 871 3518 oriente
888 3457 1002 3532 aestivo
1014 3477 1039 3515 u

13 3529 145 3620 Pyropum,
160 3542 200 3602 ab
212 3542 337 3603 hiberno
351 3540 453 3621 Maria,
468 3543 498 3602 iu
513 3542 609 3603 madio
625 3541 862 3621 Hecatompylos,
878 3541 1002 3616 Arsace,
