2302 3938
156 199 221 266 220
488 187 539 262 'c.
562 212 658 262 annu
680 211 829 262 succum

106 385 150 429 *πε
221 369 249 433 7.
269 369 340 432 lude
353 365 479 431 Maeotis
493 368 573 430 lacus
595 369 625 428 in
641 366 759 448 Europa
775 367 878 428 dictus.

108 461 141 515 lu
221 453 284 534 (l.)
299 454 325 514 A
344 451 500 514 Cimmerio
516 451 651 514 accolunt
663 451 819 530 hlaeotloi,
835 446 917 529 llali,
934 447 1036 526 Serui,
1054 449 1143 530 Serrei,

159 540 252 618 Scizi,
279 537 387 600 Gnissi.
434 537 502 599 dein
522 537 632 598 Tanain
653 551 764 599 annuero
784 539 904 615 gemino
925 553 978 597 ore
1003 533 1143 595 induente·

157 624 287 686 incolunt
310 627 473 700 Sarmatae,
496 620 647 684 Medorum
663 624 711 702 (ut
725 622 839 701 ierunt)
864 620 1001 700 suboles,
1020 621 1050 682 et
1064 621 1112 699 ipsi
1125 622 1143 680 in

156 709 246 770 multa
263 725 373 788 genera
390 707 485 768 dirisi.
520 707 606 788 primi
622 706 810 768 Sauromatae
833 701 1143 783 Gynaecocratuuenoe,

158 793 336 854 Amazonum
354 791 490 859 conubia.
526 791 594 852 dein
613 789 784 868 Naevazae,
808 788 929 868 Coitae,
949 787 1041 851 Cinioi
1057 787 1143 849 blesse

158 877 252 954 niani,
281 871 479 956 Cotobacchi,
514 873 624 954 Cetae,
655 870 764 954 Zigae,
796 873 930 954 l'lndari,
959 870 1143 951 Thyssagetae¹

159 962 271 1039 Tyrcae
296 977 390 1039 usquc
413 959 448 1020 ad
471 959 644 1022 solitudines
670 960 810 1022 saltuosis
830 959 1015 1021 conuallibus
1040 975 1143 1038 asperas

157 1046 234 1106 ultra
250 1061 325 1124 quas
336 1043 505 1124 Arimphaei
524 1047 571 1124 qui
587 1044 623 1104 ad
637 1043 768 1125 Ripaeos
789 1045 939 1124 pertinent
962 1052 1084 1104 montes.
1109 1041 1143 1102 la·

157 1131 224 1192 ualu
248 1131 344 1210 ipsum
368 1128 495 1208 Scythae
520 1129 619 1190 Sinum
643 1138 767 1209 vocant,
794 1127 932 1191 Maeotim
954 1127 1143 1200 Temarundam,

107 1221 142 1278 20
158 1231 217 1296 quo
240 1214 405 1294 significant
428 1223 550 1276 matrem
569 1217 665 1275 maris.
708 1213 845 1294 oppidum
873 1215 904 1274 in
926 1211 1033 1274 Tanais
1056 1229 1143 1290 quoque

159 1301 249 1361 ostio.
289 1297 425 1361 Tenuere
448 1299 567 1360 finitima
594 1297 687 1378 primo
710 1297 819 1378 Cares,
851 1297 918 1359 dein
940 1295 1110 1358 Clazomenii
1127 1302 1143 1354 el

157 1382 310 1461 liaconis,
335 1391 442 1462 postea
462 1383 739 1463 Panticapaeenses.
774 1392 841 1444 suut
861 1383 911 1463 qui
933 1383 1013 1444 circa
1036 1380 1143 1441 llaeoliu

158 1468 195 1528 ad
225 1465 385 1529 Ceraunios
408 1475 523 1528 montes
549 1468 601 1528 has
628 1467 741 1530 tradant
765 1469 879 1546 gentis:
905 1485 922 1529 a
944 1467 1037 1528 litore
1050 1465 1143 1544 Naprae

108 1549 1141 1714 21‹lllllaqdaemldcsrlsedolillnlusdlcllsutidolcsloslilllllumCdlllllllll

159 1720 353 1800 Agamathas,
375 1680 479 1800 Plcos,
500 1680 696 1801 Rynlosolos,
721 1680 966 1799 Acascomarc’os,
990 1730 1022 1782 et
1047 1719 1080 1780 ad
1101 1722 1143 1794 ingr

160 1803 282 1866 Caucasi
305 1803 446 1882 lcatalas,
481 1805 671 1884 lmadochos,
701 1803 829 1884 Ramos,
861 1805 1023 1882 Arcelacae,
1051 1803 1143 1880 lydios

160 1887 362 1966 Carastaseos,
377 1889 565 1952 Anthiandas.
587 1887 717 1969 lagoum
727 1907 839 1952 amnem
851 1891 1046 1968 exmontihus
1056 1837 1143 1950 Catheil

158 1973 981 2138 {iliiiiiiltliiiitniliiinitials
1009 1974 1140 2120 liiii:

159 2141 249 2219 deos,
266 2139 393 2220 Carras,
409 2102 594 2223 Oscdrdeos,
611 2144 752 2223 Accisos,
769 2143 899 2221 Gabros,
916 2109 1068 2222 Gegdros,
1082 2105 1140 2203 oircl

108 2235 142 2287 22
157 2245 214 2306 que
227 2227 339 2287 iontem
357 2225 469 2304 Imityis
487 2228 608 2307 imityos
625 2236 657 2290 et
675 2229 854 2308 Apartaeos.
890 2228 938 2289 alii
959 2229 1134 2290 iniluxissee

159 2310 283 2390 Scythas
305 2311 470 2389 Auchetae,
491 2313 676 2389 Atherueos,
699 2313 893 2392 Asampatae,
916 2313 952 2374 ah
971 2313 1020 2374 his
1040 2312 1137 2372 Tanain

160 2403 190 2456 et
203 2393 348 2474 luapaeos
361 2398 469 2457 viritim
484 2397 611 2460 deletos.
645 2397 733 2476 aliqui
749 2397 856 2459 ilumen
872 2396 1026 2458 Ocharium
1044 2397 1097 2458 labi
1112 2413 1140 2474 pe

160 2477 297 2540 Canticos
321 2487 351 2541 et
376 2480 509 2560 Sapeos,
543 2481 659 2562 Tanain,
680 2499 754 2542 vero
789 2483 933 2543 transisse
963 2479 1140 2622 Satharcheop

158 2563 351 2642 liertioheos,
368 2563 579 2646 Spondolicoc,
599 2565 772 2644 Synhietae,
788 2566 916 2644 Anusos,
934 2565 1034 2645 Issos,
1052 2563 1126 2628 Catae

158 2657 221 2728 tas,
247 2648 395 2727 Tagoras,
424 2647 576 2730 Caronos,
604 2649 751 2732 Neripos,
780 2650 957 2730 Agandeos,
987 2649 1139 2728 Mandanes

158 2733 373 2812 Satharcheos,
389 2735 524 2815 Spaleos.

106 2823 142 2879 23
221 2815 252 2881 8.
271 2815 333 2899 (8.)
355 2817 478 2881 Peracta
499 2829 546 2882 est
571 2821 696 2881 interior
717 2837 768 2881 ora
789 2837 806 2881 a
827 2817 882 2882 Cio
902 2837 986 2882 amne
1012 2835 1138 2896 omncsqn

158 2901 294 2980 accolae,
312 2921 387 2964 nuno
403 2904 539 2965 reddatur
554 2905 658 2982 ingens
675 2905 704 2965 in
720 2903 937 2966 mediterraneo
953 2906 1052 2983 sinus,
1067 2906 1133 2978 inqu

157 2985 246 3048 multa
260 2987 348 3048 aliter
360 3005 395 3049 ac
415 2997 535 3051 veteres
555 2989 736 3068 proditurum
750 3007 796 3050 me
812 3005 872 3050 nou
889 3005 928 3050 eo
941 2990 1066 3066 initias,
1085 2987 1136 3046 anri

158 3072 321 3149 perquisita
339 3089 407 3134 eura
422 3067 511 3134 rebus
524 3091 618 3152 nuper
636 3074 666 3134 in
684 3090 722 3135 eo
738 3075 795 3134 sitn
811 3075 907 3152 gestis
921 3091 938 3135 a
954 3073 1081 3134 Domitio
1096 3069 1137 3136 Col

158 3153 267 3216 halone
282 3157 462 3237 regibusque
480 3157 547 3218 indo
568 3155 666 3218 missis
682 3157 862 3238 supplicibus
882 3167 931 3219 aut
951 3175 1053 3236 regum
1067 3147 1137 3296 liber]

106 3247 141 3298 24
159 3238 321 3302 obsidibus.
367 3241 512 3302 ordiemur
540 3249 637 3304 autern
667 3261 684 3304 a
717 3241 920 3322 Cappadocum
950 3251 1049 3322 gente.
1092 3239 1126 3299 ho

158 3325 279 3402 pissime
294 3324 368 3388 haec
378 3324 561 3388 Ponticarum
577 3329 702 3389 omnium
716 3329 861 3389 introrsus
874 3327 1017 3389 recedens
1028 3327 1099 3386 miro

101 3477 103 3481 y
157 3408 325 3472 Armeniam
351 3412 548 3492 maioremque
577 3421 607 3472 et
635 3410 852 3491 Commagenen
878 3411 964 3474 laevo
992 3427 1046 3472 suo
1072 3409 1132 3470 later

158 3497 279 3575 transit,
304 3495 408 3559 dextro
426 3514 498 3557 vero
517 3514 625 3571 omnes
640 3499 669 3556 in
689 3498 761 3558 Asia
783 3497 873 3559 dictas
887 3503 1015 3578 gentes,
1035 3494 1104 3575 pluri

1121 3749 1134 3900 l
