2308 3936
244 171 325 218 unm.
343 171 434 218 misr.
453 172 488 218 11.
510 166 595 222 n—t.
613 155 729 239 (Η.)
963 164 1003 226 67

35 329 104 387 ninus
119 325 242 404 evolent,
269 336 434 406 contraque
456 328 556 402 gravia
578 346 614 386 ne
633 311 720 388 ruant⁸
733 329 871 407 suspendi
889 330 1003 392 levibus
1051 379 1054 386 .

36 415 54 471 in
65 410 168 470 sublime
183 411 379 472 tendentibus.
403 411 445 469 sic
462 411 524 488 pari
542 412 570 469 in
588 411 705 471 diversa
719 413 782 471 nisu
800 414 829 471 in
845 429 897 473 suo
914 433 1002 494 quae·

36 515 73 574 qne
84 496 229 556 consistere
242 497 409 575 inrequieto
422 495 516 554 mundi
526 496 617 574 ipsius
630 497 787 556 constricta
800 499 931 574 circuitu,
945 517 1002 578 quo

36 597 123 658 semper
139 581 166 638 in
188 599 221 640 se
243 589 381 640 currente
404 580 486 639 imam
509 589 596 658 atque
618 581 742 643 mediam
759 583 788 640 in
805 591 867 642 toto
883 592 1001 660 terram,

22 665 178 743 amandamque
199 666 338 724 universo
364 663 510 724 cardinem
532 673 610 724 stare
632 665 825 743 pendentem,
849 667 1003 728 librantem

35 767 144 828 perqnae
160 750 304 828 pendeat,
328 751 368 808 ita
389 749 481 808 solam
506 748 674 808 inmobilem
697 751 776 810 circa
802 769 866 810 eam
881 752 1002 814 volubili

34 835 200 910 universitate,
229 834 414 912 eandemque
430 851 468 892 ex
484 833 615 893 omnibus
630 835 708 893 necti
731 836 886 914 eidemque
910 837 1003 896 omnia

34 919 94 976 inniti.
116 917 142 978 6.
158 917 236 978 luter
252 918 328 978 hanc
344 917 515 996 caelumque
533 918 639 978 eodem
654 919 756 996 spiritu
772 921 899 999 pendent
915 922 1003 980 certis
1010 938 1043 989 η

33 1004 126 1063 discreta
146 1004 249 1082 spatiis
272 1011 387 1080 septem
409 1002 505 1062 sidera
522 1020 597 1080 quae
614 1002 650 1062 ab
667 1004 784 1064 incessu
799 1021 939 1065 vocamus
957 1023 1001 1064 er·

14 1088 109 1162 muntia,
129 1105 191 1146 cum
208 1095 311 1147 errent
325 1086 403 1146 nulla
418 1087 511 1146 minus
528 1087 596 1146 illis.
627 1086 736 1147 Eorum
751 1089 864 1148 medius
882 1089 927 1148 sol
943 1089 1002 1148 ier·

32 1180 60 1230 ιιι
68 1171 229 1250 amplissima
242 1171 438 1249 magnitudine
452 1189 486 1230 ac
499 1180 656 1251 potestate,
675 1191 730 1232 nec
742 1181 905 1251 temporum
915 1173 1002 1234 modo

31 1265 196 1336 terrammque
226 1257 282 1316 sed
308 1257 434 1316 siderum
461 1256 547 1315 etiam
571 1257 701 1334 ipsorum
729 1257 863 1336 caelique
891 1266 1000 1318 rector.

31 1338 167 1400 luccesse
188 1341 289 1401 mundi
309 1341 398 1400 totius
421 1341 544 1400 animum
567 1357 602 1400 ac
624 1341 738 1419 planius
760 1351 901 1418 mentem,
928 1339 1003 1400 hunc
1013 1350 1045 1404 13

31 1425 156 1504 principale
174 1435 298 1486 naturae
316 1425 448 1502 regimen
472 1442 507 1484 ac
528 1442 632 1484 numen
657 1425 780 1486 credere
804 1427 891 1486 decet
912 1443 1002 1505 opera

13 1510 72 1570 :seius
86 1511 277 1569 aestimantes.
316 1507 362 1570 bic
375 1509 471 1569 lucem
488 1507 578 1568 rebus
595 1510 735 1570 ministrat
751 1511 903 1590 aufertque
921 1519 1002 1570 tene·

7 1589 8 1618 ³
31 1593 83 1669 lras,
96 1594 138 1654 bic
148 1594 269 1674 reliqua
282 1593 379 1654 sidera
391 1593 519 1653 occultat
530 1593 680 1670 inlustrat,
696 1594 744 1654 lric
753 1596 1003 1674 vicestemporum

7 1679 155 1758 'annumque
177 1697 302 1757 semper
328 1687 532 1738 renascentem
561 1697 599 1737 ex
625 1697 678 1738 usu
704 1687 823 1740 naturae
848 1686 1002 1758 temperat,

7 1779 8 1788 ¹
30 1761 59 1821 lic
77 1763 141 1824 caeli
162 1765 310 1823 tristitiam
326 1763 442 1823 discutit
471 1771 558 1842 atque
576 1763 662 1823 etiam
677 1763 790 1822 hnmani
805 1763 903 1823 nubila
920 1763 1004 1822 animi

7 1843 9 1888 ³
30 1857 131 1925 serenat,
154 1848 202 1908 hie
223 1859 308 1908 suum
329 1847 425 1906 lumen
443 1848 552 1906 ceteris
576 1864 693 1927 qnoque
718 1846 863 1907 sideribus
880 1848 1003 1922 fenerat,

12 1931 179 2010 spraeclarus,
198 1932 342 2008 eximius,
359 1931 453 1992 omnia
471 1933 601 2006 intuens,
619 1933 713 1992 omnia
731 1933 816 1992 etiam
833 1931 1003 2006 exaudiens,

31 2026 48 2072 ιι
59 2019 165 2096 principi
181 2018 347 2078 litterarum
362 2015 490 2076 Homero
506 2015 654 2095 placuisse
670 2017 698 2075 in
715 2033 772 2077 uno
789 2033 825 2075 eo
841 2017 938 2076 video.

72 2101 141 2180 bb(
144 2103 168 2182 )
186 2101 380 2181 Quapropter
396 2099 525 2178 effigiem
543 2101 590 2160 dei
605 2101 785 2180 formamque
804 2117 946 2200 quaerere
964 2099 1004 2158 in·
1014 2109 1045 2164 14

32 2183 163 2246 lecillitatis
185 2187 332 2251 humanae
357 2203 435 2246 reor.
468 2183 605 2263 Quisquis
629 2194 674 2244 est
697 2186 785 2262 deus,
816 2203 840 2244 sr
834 2185 942 2244 modo
962 2192 1005 2242 est

32 2268 92 2346 alius,
113 2280 140 2330 ct
155 2289 343 2350 quacumque
359 2271 388 2328 in
402 2277 496 2348 parte,
510 2277 590 2329 totus
607 2278 653 2329 est
667 2287 801 2347 sensuns,
812 2275 890 2327 totns
904 2265 1013 2337 visuus,

7 2349 312 2438 atstusaudrtnus,totus
320 2371 443 2430 ammae,
461 2362 539 2413 totus
556 2353 651 2452 animi,
667 2361 745 2412 totus
760 2355 813 2411 sui.
837 2351 1006 2412 Innumeros

7 2439 116 2516 quidem
136 2441 265 2500 credere
290 2447 377 2518 atque
400 2439 486 2498 etiam
508 2456 546 2496 err
561 2437 638 2496 vitiis
660 2435 820 2513 hominnm,
848 2445 878 2496 ut
893 2435 1005 2496 Pudici-

7 2523 88 2626 tiam,
105 2521 317 2599 Concordiam,
335 2521 462 2583 Mentem
470 2523 601 2600 ,Sp,em
618 2521 783 2620 Honorem,
804 2519 1005 2593 Clementiam,

7 2570 119 2684 'iidem
138 2619 184 2670 aut
203 2609 252 2687 (ut
266 2607 437 2668 Democrito
453 2606 577 2686 placuit)
595 2606 667 2666 duos
683 2608 817 2681 omnino,
833 2605 959 2666 Poenam
978 2611 1007 2660 et

7 2653 184 2780 descidium,
201 2694 345 2753 maiorem
361 2691 397 2752 ad
413 2691 578 2751 socordiam
594 2691 718 2751 accedit.
741 2689 864 2766 Fragilis
882 2697 911 2746 et
924 2685 1005 2746 labo·
995 2698 1048 2750 -15

7 2769 59 2833 urio
49 2792 85 2836 osa
97 2778 257 2840 mortalitas
273 2778 422 2876 inpartes·
416 2777 470 2835 ista
483 2775 605 2852 digessit
618 2775 788 2834 infirmitatis
802 2789 872 2832 suae
884 2786 1005 2845 memor,

34 2867 52 2915 ιι
62 2861 228 2960 portionibus
242 2860 358 2921 coleret
374 2861 496 2940 quisque
514 2877 571 2939 quo
588 2861 711 2919 maxime
724 2859 878 2935 indigeret.
906 2855 1007 2934 ltaque

36 2947 116 3008 mnim
136 2947 190 3008 alia
217 2947 284 3007 aliis
301 2944 437 3023 gentibus
456 2953 485 3003 et
500 2945 613 3004 numina
629 2945 657 3002 in
672 2944 774 3004 iisdem
789 2937 1009 3001 innumerabilia

7 3027 177 3108 invenimus,
201 3031 307 3092 inieris
329 3045 445 3109 qnoque
467 3046 622 3105 ingemere
651 3027 815 3106 discriptis,
839 3025 1008 3102 morbisque

36 3121 53 3170 rt
65 3116 144 3176 multis
160 3117 249 3177 etiam
265 3114 409 3195 pestibus,
426 3114 491 3174 dum
507 3131 575 3172 esse
591 3112 722 3191 placatas
737 3111 864 3190 trepido
867 3118 944 3169 metu
961 3126 1008 3167 cu·

16 3199 272 3280 opturatumque
290 3200 376 3259 etiam
391 3197 509 3276 publice
527 3195 631 3256 Febris
647 3197 767 3258 tanum
758 3215 786 3254 m
801 3195 912 3254 Palatio
931 3193 1049 3256 dica-16
1145 3239 1146 3244 η

37 3287 141 3361 tunest,
165 3284 310 3346 Orbonae
328 3283 365 3342 ad
388 3281 490 3342 aedem
507 3280 609 3341 barum
632 3289 661 3340 et
682 3296 732 3339 ara
749 3279 845 3340 llalae
863 3277 1007 3338 Fortunae

38 3361 64 3423 lb
66 3369 154 3445 quillis.
193 3368 385 3450 quamobrem
407 3367 498 3426 maior
522 3365 657 3426 caelitum
680 3364 807 3444 populus
823 3364 908 3422 etiam
926 3376 1009 3437 quam

39 3387 151 3512 hominum
166 3453 301 3530 intellegi
317 3459 433 3532 potest,
457 3469 521 3510 cum
537 3450 641 3528 singuli
658 3466 774 3528 quoque
789 3441 1008 3590 &semetipsis
