2340 3934
153 183 196 246 90
499 181 528 234 C.
548 181 648 234 PLINI
667 178 827 234 SECUNDI

151 350 223 411 pore
247 350 361 392 veneno
385 329 456 390 orba
479 330 639 392 dormiunt.
671 329 759 390 simili
782 328 870 390 modo
895 336 927 388 et
949 327 1078 408 cocleae,
1099 327 1153 388 dtu

152 422 271 500 quidem
290 423 399 481 iterum
424 427 453 480 et
472 419 632 480 aestatibus
652 418 847 480 adhaerentes
871 420 997 478 maxime
1017 419 1094 478 saxis
1115 427 1153 476 aut

151 513 240 572 otiam
262 512 371 570 iniuria
393 512 581 587 resupinatae
605 509 794 589 avulsaeque,
817 515 997 568 nontamen
1018 515 1156 568 exeuntes

100 603 191 660 140111
218 597 382 660 Baliaribus
412 616 482 658 vero
509 597 616 658 insuhs
646 601 793 658 cavaticae
821 597 985 677 appellatae
1014 613 1075 657 non
1101 614 1155 675 pro-

151 697 260 768 repunt
284 708 300 749 e
324 691 402 749 cavis
420 696 518 748 terrae
542 705 640 766 neque
661 686 884 768 borbonium,
908 686 962 748 sed
985 705 1061 747 uvae
1082 685 1156 745 modu

150 780 228 838 inter
253 797 284 837 se
308 778 476 838 cohaerent.
509 785 555 837 est
579 783 609 836 et
632 775 712 836 aliud
736 795 830 856 genus
854 779 955 837 minus
979 776 1098 855 vulgare
1120 775 1157 834 ad-

151 867 291 927 haerente
322 867 463 947 operculo
494 865 628 927 eiusdem
658 873 753 926 testae
784 885 816 926 se
846 868 996 945 operiens.
1049 865 1157 924 obrutu

151 965 229 1015 terra
254 973 371 1035 semper
394 957 447 1017 bae
477 964 506 1016 et
529 957 609 1017 circa
637 958 800 1017 maritimas
823 963 940 1016 tantum
963 955 1057 1035 Alpes
1080 973 1158 1033 quou-

151 1046 217 1104 dam
246 1045 369 1105 effossae
397 1063 523 1124 coepere
547 1048 605 1106 iam
629 1049 695 1107 erui
723 1047 805 1106 etin
830 1043 990 1105 Veliterno.
1041 1047 1158 1106 nmmum

152 1143 249 1194 tarmen
273 1134 488 1195 laudatissimae
513 1136 543 1194 in
567 1135 740 1214 Astypalaea
762 1117 867 1195 insula.

98 1232 148 1281 141
218 1215 291 1306 (60)
319 1223 473 1304 lacertae,
496 1225 734 1284 inimicissimum
758 1241 853 1303 gertus
877 1223 999 1304 cocleis,
1026 1233 1160 1302 negamur

151 1321 347 1373 semenstrem
371 1315 458 1373 vitam
482 1313 636 1374 excedere.
680 1313 784 1373 lacerti
807 1312 931 1372 Arabiae
955 1312 1117 1392 cubitales,
1138 1315 1159 1372 lu

150 1402 250 1463 lndiae
278 1421 349 1462 vero
377 1402 458 1480 Nyso
486 1411 587 1463 monte
614 1417 719 1463 xx1111
746 1404 777 1463 in
805 1402 1027 1482 longitudinem
1056 1401 1160 1482 pedum,

151 1491 250 1552 colore
274 1492 347 1552 lulvi
373 1489 567 1571 aut'punicei
591 1499 641 1552 aut
665 1491 803 1552 caerulei.

98 1589 149 1636 142
218 1575 277 1642 40.
309 1575 382 1664 (61)
428 1580 472 1640 Ex
495 1580 543 1641 his
567 1599 685 1661 quoque
713 1580 889 1642 animalibus
913 1599 989 1660 quae
1015 1579 1160 1642 nobiscum

151 1671 262 1750 degunt
292 1670 384 1730 inulta
414 1679 483 1731 sunt
516 1673 635 1750 cognitu
668 1670 768 1752 digna,
805 1669 1077 1750 fidelissimumque
1105 1679 1167 1744 arua

151 1761 252 1821 omnia
274 1759 387 1820 homini
415 1762 496 1820 canis
525 1767 613 1840 atque
642 1778 746 1839 equus.
792 1778 940 1840 pugnasse
963 1759 1110 1820 adversus
1130 1757 1167 1818 la*

151 1856 253 1909 trones
277 1867 380 1909 ranem
402 1868 457 1930 pro
481 1849 600 1910 domino
625 1851 794 1928 accepimus
822 1849 1059 1928 coniectumque
1082 1849 1159 1929 plagis

151 1957 175 2010 a¹
198 1957 322 2018 corpore
353 1957 413 1998 non
443 1942 619 2020 recessisse,
651 1938 788 1999 volucres
819 1957 852 1999 ac
882 1939 973 2022 leras¹
992 1937 1159 2019 abigentem.

151 2027 187 2087 ab
206 2027 263 2087 alio
286 2031 316 2088 in
335 2027 426 2109 Epiro
448 2031 583 2108 agnitum
606 2031 637 2088 in
661 2035 809 2088 conventu
827 2045 1044 2108 percussorem
1064 2029 1166 2106 domiuiy

85 2159 89 2162 -
151 2117 319 2196 laniatuque
348 2127 377 2178 et
400 2117 507 2178 latratu
535 2125 671 2178 coactum
694 2119 783 2178 lateri
805 2117 911 2179 scelus
957 2116 1159 2178 Garamantum

151 2224 253 2285 regem
280 2221 435 2268 canesco
464 2207 500 2267 ab
529 2207 632 2268 exsilio
660 2207 806 2268 reduxere
830 2207 967 2287 proeliati
995 2217 1104 2268 eontra
1125 2227 1160 2266 ru·

100 2303 149 2351 143
161 2298 308 2356 sistentes.
345 2305 468 2376 propter
491 2296 567 2357 bella
591 2295 766 2376 Colophonii
788 2299 920 2376 itemque
944 2295 1161 2358 Castabalenses

151 2384 289 2447 cohortes
317 2403 423 2446 canum
445 2385 585 2446 habuere.
631 2385 686 2445 hae
710 2389 822 2466 primae
846 2385 1028 2448 dimicabant
1055 2389 1087 2448 in
1111 2389 1161 2447 ari¹

152 2493 312 2554 numquam
340 2474 554 2557 detrectantes,
586 2475 658 2535 haec
689 2483 774 2536 erant
803 2475 944 2536 fidissima
974 2477 1089 2538 auxilia
1116 2495 1159 2536 uer

151 2563 368 2643 stipendiorum
386 2565 492 2644 indiga.
516 2583 605 2625 caues
624 2564 785 2626 defendere
801 2565 928 2626 Cimbris
947 2567 1046 2627 caesis
1068 2565 1159 2626 domm

151 2671 256 2713 eorum
283 2653 424 2732 plaustris
451 2656 602 2733 inpositas.
648 2655 730 2714 oanis
757 2654 861 2715 lasone
889 2653 978 2734 Lycio
1008 2657 1158 2716 interserto

151 2741 251 2802 cibum
279 2761 385 2823 capere
413 2743 509 2804 noluit
536 2742 693 2822 inediaque
721 2751 915 2822 consumptus
943 2751 998 2804 est.
1045 2746 1073 2804 is
1101 2761 1157 2802 reru

151 2833 200 2890 cui
224 2850 332 2892 nomen
351 2831 480 2912 Hyrcani
503 2832 601 2892 reddit
624 2831 731 2893 Duris
754 2851 878 2893 accenso
902 2834 982 2912 regis
1000 2831 1157 2913 Lysimachi

151 2937 224 2998 rogo
263 2922 364 2980 iniecit
405 2939 436 2980 se
474 2920 622 3002 flammae,
668 2921 862 3002 similiterque
899 2921 1039 2982 Hieronis
1082 2923 1163 3000 regis

152 3052 364 3061 ...-—-—-—--

223 3110 384 3165 21111111.
413 3129 452 3166 ou
471 3109 577 3181 atquo?
649 3111 800 3166 ‘lobrutae
818 3129 842 3166 o.
872 3114 913 3166 -ta
931 3113 957 3166 11.
1028 3113 1149 3166 Shaett

151 3185 222 3239 haec
239 3200 262 3238 r.
327 3183 498 3239 buehbemo
517 3183 636 3237 fluido.
664 3183 765 3239 literno
784 3202 807 3238 r.
873 3190 905 3238 13
923 3183 979 3238 nisi
995 3184 1050 3256 ¹¹«
1064 3183 1123 3238 niso
1139 3201 1155 3236 r.

223 3261 257 3309 14
274 3251 346 3308 fului
363 3255 405 3309 1²².
434 3256 491 3311 -uei
509 3273 532 3310 r.
605 3261 638 3310 11
659 3255 795 3310 omnieo.
821 3272 881 3310 ·nes
900 3254 1012 3311 naam.
1042 3255 1097 3310 -nis
1115 3273 1133 3308 r.
1151 3254 1162 3298 '1

151 3327 259 3382 homini
280 3325 423 3382 r’u'Roo.
452 3344 512 3382 -nes
536 3331 560 3381 (1.
590 3327 645 3382 -nis
668 3344 691 3382 r.
775 3333 807 3381 to
831 3344 864 3382 ac
886 3329 957 3382 red.
985 3329 1094 3382 (11113.
1161 3349 1162 3382 l

151 3405 183 3452 at
204 3399 406 3454 Garamantum
423 3399 464 3454 ed.
480 3399 575 3454 Portu.
599 3401 649 3466 cfr.
665 3397 752 3454 Solio.
767 3403 812 3469 15,
821 3404 848 3455 9.
871 3401 939 3454 -lem
955 3397 1025 3455 aaa.
1050 3401 1107 3452 -hae
1124 3415 1137 3448 ι

150 3473 192 3524 -ta
209 3488 232 3526 r.
297 3475 330 3524 23
351 3469 522 3540 Colophonii¹
536 3487 560 3526 o.
585 3471 639 3525 -nti
657 3475 681 3524 d.
705 3470 769 3526 -uia
782 3470 824 3525 1³².
848 3470 938 3540 -ponti
955 3476 987 3526 Β.
1011 3502 1022 3512 -
1042 3469 1119 3525 henli
1135 3485 1152 3520 1Δ

221 3539 386 3609 obprimes
410 3543 437 3595 11.
445 3558 470 3595 o.
505 3557 544 3596 ou
566 3540 680 3612 prima?
714 3489 1043 3610 οβν.11111111110111111)Ι
1125 3543 1153 3594 st

151 3610 271 3665 cimbros
290 3629 314 3664 a.
345 3613 349 3679 Ι
378 3612 499 3667 dominis
518 3631 541 3666 e.
628 3619 662 3668 27
680 3612 817 3683 inpositas
836 3613 899 3668 rm.
923 3616 979 3669 -tos
997 3633 1021 3668 ι.
1043 3614 1098 3667 -bus
1115 3611 1152 3662 13¹.

151 3679 199 3732 -his
217 3698 240 3735 r.
314 3687 347 3734 29
368 3683 412 3736 cui
431 3687 455 3736 d.
479 3684 568 3751 quir.
599 3688 603 3752 1
633 3684 708 3738 duris
727 3685 800 3742 aldi.
828 3686 885 3739 uris
904 3703 927 3740 r.
