2392 3946
145 168 210 235 364
490 169 520 225 C.
538 167 638 224 PLINI
656 167 816 223 SECUNDI

145 319 181 382 ab
217 320 315 398 iniero
352 328 450 382 autem
486 317 684 400 Latiniensia,
719 317 913 400 Graviscana,
951 315 1129 378 Statoniensi.
1169 331 1170 334 ’

92 415 127 467 ⁶8
145 407 284 474 Etruriae
302 408 386 472 Luna
403 408 530 490 palmam
552 406 651 490 habet,
673 406 813 488 Liguriae
832 407 944 469 Genua.
977 408 1052 466 inter
1066 405 1131 484 Ppe

147 515 256 562 naeum
277 499 424 580 Alpesque
447 495 576 560 Massilia
598 499 716 577 gemino
740 515 861 580 sapore,
888 495 1009 576 quando
1036 503 1064 554 et
1085 513 1134 554 con·

147 588 263 650 diendis
281 589 347 650 aliis
366 589 507 670 pinguius
526 589 622 667 gignit
645 587 724 666 quod
747 595 835 650 vocat
857 603 1011 648 sucosum
1040 581 1137 645 Baeter-

148 693 250 740 rarum
278 679 357 740 intra
386 676 493 738 Galbae
523 677 662 738 consistit
689 679 861 740 auctoritas
911 675 950 738 de
982 672 1098 753 reliqniis
1118 676 1155 732 im

147 765 333 830 Narbonensi
356 768 464 846 genitis
487 765 663 828 adseverare
686 785 747 830 nou
770 775 829 848 est,
852 767 997 845 quoniam
1020 763 1142 824 officinam

147 858 213 918 eius
235 857 281 918 rei
303 856 402 918 iecere
421 857 592 936 tinguentes
615 856 707 939 fumo,
729 857 903 934 utinamque
925 873 991 916 non
1015 861 1045 914 et
1064 850 1143 912 herbis

148 963 182 1008 aa
213 943 460 1007 medicaminibus
491 945 596 1006 noxiis.
651 949 762 1026 quippe
794 946 883 1008 etiam
920 943 988 1006 aloe
1020 947 1143 1002 mercator

148 1051 285 1116 saporem
308 1033 499 1114 coloremque
522 1031 678 1098 adulterat

96 1131 129 1180 es
215 1119 281 1204 <6>
313 1122 425 1186 Verum
451 1132 483 1186 et
507 1123 716 1204 longinquiora
737 1123 838 1184 ltaliae
866 1121 903 1184 ab
930 1122 1067 1185 Ausonio
1090 1119 1166 1180 maria

148 1231 209 1274 non
224 1221 327 1276 carent
340 1213 443 1296 gloria,
461 1213 621 1276 Tarentina
640 1221 670 1274 et
685 1213 812 1276 Servitia
830 1221 861 1274 et
874 1211 1056 1276 Consentiae
1069 1211 1145 1290 genita

150 1311 180 1364 et
198 1301 353 1385 Tempsae,
376 1301 531 1367 Calabrica
549 1301 728 1383 Lucanaque
746 1301 999 1364 antecedentibus
1018 1299 1144 1360 Thurinis.

150 1393 283 1454 omnium
311 1410 383 1454 vero
416 1409 521 1454 comm
553 1393 679 1454 maxime
710 1391 868 1454 inlustrata
899 1390 1046 1454 Messalae
1076 1387 1144 1449 Potiti

150 1479 245 1542 salute
268 1480 424 1564 begarius,
447 1499 508 1543 non
530 1480 636 1562 procul
659 1481 824 1544 Crumento
845 1483 1011 1544 nascentia.
1048 1477 1145 1556 Campa·

150 1572 199 1632 nia
218 1589 314 1652 nuper
332 1572 470 1634 excitavit
488 1573 571 1632 novis
590 1571 762 1634 nominibus
779 1573 990 1634 auctoritatem
1013 1571 1071 1630 sire
1091 1579 1165 1626 crura

151 1661 212 1724 sive
235 1679 306 1724 casu
330 1660 366 1722 ad
390 1667 530 1740 quamtum
553 1679 569 1720 a
587 1659 711 1741 Neapoli
732 1661 860 1742 lapidem
877 1659 1066 1741 Trebellicis,
1084 1659 1144 1716 iuxta

151 1747 281 1829 Capuam
300 1749 440 1832 Caulinis,
459 1751 538 1811 etin
557 1768 612 1810 suo
632 1768 702 1830 agro
716 1749 901 1832 Trebulanis,
919 1751 1033 1830 alioqui
1050 1761 1140 1824 sempe

98 1843 132 1894 70
150 1839 230 1899 inter
252 1838 368 1919 plebeia
391 1847 421 1902 et
440 1837 593 1900 Trifolinis
616 1839 748 1918 gloriata.
784 1857 852 1900 nam
875 1839 1066 1920 Pompeianis
1085 1851 1139 1895 sun

149 1944 232 1988 mum
251 1929 355 1990 decem
374 1945 520 1990 annorum
538 1931 758 1990 incrementum
781 1937 836 2010 est,
857 1927 931 1990 nihil
954 1934 1075 1990 senecta
1092 1940 1137 1983 ooa-

150 2016 275 2078 serente.
321 2017 424 2079 dolore
448 2019 537 2080 etiam
560 2020 690 2098 capitum
712 2020 744 2078 in
767 2024 880 2079 sextam
906 2016 1014 2080 horam
1037 2015 1090 2076 diei
1110 2023 1159 2071 sea

151 2108 271 2184 quentis
288 2107 397 2168 infesta
417 2106 691 2187 deprehenduntur.
728 2106 837 2186 quibus
859 2106 1014 2188 exemplis,
1037 2105 1088 2166 nisi
1105 2099 1138 2160 lal·

150 2192 210 2276 lor,
228 2195 420 2257 manifestum
439 2203 485 2256 est
502 2198 628 2277 patriam
647 2204 817 2276 terramque
835 2196 965 2278 referre,
988 2213 1049 2258 non
1069 2205 1139 2266 uren,

151 2289 180 2342 et
213 2301 428 2362 supervacuam
463 2303 609 2364 generum
645 2285 896 2348 consectationem
921 2281 964 2346 'in
1001 2295 1140 2356 numerum

98 2378 129 2426 '11
151 2389 219 2431 cum
243 2371 346 2433 eadem
368 2373 437 2434 vitis
460 2374 538 2435 aliud
562 2374 627 2435 aliis
650 2377 681 2436 in
704 2375 776 2436 locis
798 2373 917 2455 polleat.
957 2373 1137 2456 Hispaniarum

205 2605 236 2653 .1
252 2597 404 2654 lubinensia
418 2599 666 2656 eedd.areteBcrb.
691 2599 856 2667 cfr.11169.
873 2601 878 2669 Ι
894 2599 1063 2655 Graviscana
1073 2591 1135 2650 aab.

150 2671 209 2724 coll.
225 2672 328 2726 11151.
357 2671 452 2726 -icana
470 2672 497 2726 ll.
508 2672 638 2727 eddoett.
655 2671 660 2738 Ι
676 2669 866 2726 Statoniensia
883 2671 971 2727 Burb.
985 2672 1045 2728 coll.
1058 2666 1136 2722 [1152.

150 2743 261 2798 11209.
291 2742 443 2798 sianiensis
461 2747 527 2798 sed.
557 2760 601 2798 -sa
618 2749 649 2796 ll.
678 2743 829 2798 stomensis
847 2741 1071 2798 adclamari.

150 2817 202 2868 4.5
221 2813 417 2870 Baeterrarum
435 2814 528 2870 Hard.
555 2815 615 2870 bet
629 2813 803 2870 Doedddel.
830 2816 1010 2870 aeternarum
1024 2833 1047 2867 a.
1071 2812 1134 2866 eteo-

150 2901 213 2937 rum
232 2889 257 2938 d.
286 2887 416 2940 ueterano
436 2885 552 2944 edl'err.
585 2884 720 2940 Ceretano
738 2885 900 2942 Beroaldus.
992 2885 1093 2940 einer
1106 2893 1134 2930 ιο·

222 2955 341 3010 8eloen
359 2956 446 3011 Barb.
464 2958 468 3026 Ι
484 2959 624 3012 mercabor
641 2961 692 3011 nd.
721 2959 816 3012 -aniur
834 2974 877 3014 ro.
951 2963 984 3011 11
1004 2947 1132 3012 seruitial·

151 3027 241 3082 -iiana
258 3043 283 3082 a.
360 3033 394 3082 12
413 3030 540 3098 tempsae
560 3027 667 3084 dBurb.
696 3029 766 3084 -siae
784 3029 1039 3088 reddaroteBarb.
1057 3029 1061 3096 1
1078 3021 1132 3078 Geli·

150 3099 229 3154 brica
242 3113 297 3170 epo.
326 3115 359 3154 ac
372 3099 474 3154 habiae
489 3099 620 3169 (babbiee
633 3101 686 3169 nd)
701 3101 822 3156 llBarb.
850 3117 884 3156 ac
901 3099 1014 3156 belbiae
1032 3095 1134 3156 eddom

150 3170 238 3226 Burb.
271 3187 304 3226 ae
322 3170 389 3226 Bari
408 3187 442 3226 ac
460 3170 534 3226 Detl.
563 3175 568 3241 1
597 3173 662 3228 ente
682 3171 845 3228 cadentibus
863 3177 894 3226 ll.
928 3161 1130 3241 (Lucanaque)

151 3241 322 3298 antecedunt
334 3241 407 3298 Dctl.
482 3249 516 3298 13
534 3243 618 3314 potiti
636 3243 780 3300 aarum.
807 3244 889 3314 ponti
901 3261 925 3302 r.
951 3243 1048 3313 pontia
1060 3234 1129 3315 etrdd

149 3317 209 3367 retr.
237 3316 307 3384 potu
326 3315 357 3368 et
373 3313 546 3372 codd.me.
631 3314 978 3385 141agarineded.Verc.
1006 3315 1041 3370 -ri
1056 3331 1075 3370 r.
1095 3320 1128 3360 dl

149 3383 279 3440 edelard
309 3387 314 3452 Ι
343 3383 498 3442 Grumento
517 3402 541 3442 v.
574 3402 666 3456 grem
686 3387 713 3440 ll.
821 3385 1126 3458 e1deprehenduntur-

149 3451 264 3508 -dantnr
280 3456 324 3510 Ν.
353 3455 449 3512 -datnr
462 3456 527 3511 llis.
556 3457 644 3510 -dibrr
657 3461 681 3512 d.
711 3457 762 3512 dat
778 3475 801 3512 o.
882 3464 918 3514 24
936 3458 1044 3528 polleat
1058 3449 1126 3510 dudd*

150 3518 205 3598 (ἢεί.
234 3523 422 3592 polluctum.
451 3528 554 3582 ·uibo¹.
581 3527 706 3598 pullulat
719 3547 743 3584 a.
767 3529 1027 3586 -letertdomtrdet
1043 3526 1126 3598 {Hirpi

147 3603 329 3728 ffi-AE.
341 3600 464 3666 aduae
483 3599 583 3653 Italiae
601 3598 699 3667 primis
718 3601 813 3670 aptius
826 3602 965 3670 pertinere
982 3601 1092 3656 oideotu
1103 3590 1126 3646 ad
