2396 3940
152 164 219 231 320
504 159 653 216 3311131
671 157 828 217 succum
910 230 922 254 κ

152 315 188 378 ad
217 312 419 379 scandendum
445 312 570 374 orientis
598 329 630 374 se
657 309 775 391 populis
801 309 948 392 praebent
974 307 1083 372 vitilem
1106 307 1154 368 sibi

152 405 313 484 arborique
334 402 447 470 indutis
474 399 622 464 circulum
648 403 723 462 mim
749 401 926 480 pernicitate
954 417 1023 463 cum
1048 398 1155 458 homim

99 505 135 556 3ο
153 494 342 558 subeuntem.
378 509 463 554 coma
481 492 581 553 omnis
601 492 633 552 in
656 492 809 552 cacumine
832 497 864 550 et
885 507 1009 570 pomum
1031 496 1085 570 est,
1105 506 1157 548 non

151 587 231 646 inter
254 583 324 644 iolia
346 581 418 664 hoc,
444 583 533 643 utin
555 581 679 662 ceteris,
705 579 759 640 sed
786 580 851 642 suis
876 581 957 640 inter
984 595 1082 640 ramos
1106 577 1157 658 pal·

151 673 275 736 mitibus
294 688 490 753 racemosum,
512 677 641 750 utraque
659 677 766 732 natura
783 687 858 730 uvae
877 676 966 748 atque
984 669 1074 749 pomi
1100 666 1178 728 roias

153 763 280 826 cultrato
303 779 446 824 mucrone
469 758 614 822 lateribus
636 761 669 822 in
691 775 757 822 sese
780 757 869 820 bifida
890 757 1014 820 tabellas
1041 759 1160 838 primum

153 852 394 914 demonstravere
418 851 565 932 geminas,
592 867 673 912 nunc
696 848 734 910 ad
754 848 844 912 funes
866 847 1054 928 vitiliumque
1076 865 1160 908 nexus

99 953 133 1004 31
154 949 184 1003 et
211 941 341 1021 capitum
367 940 442 1004 levia
468 938 642 1003 umbracula
668 938 832 1001 finduntur.
882 936 1054 1018 arboribus,
1080 939 1160 998 immo

151 1033 252 1111 potius
275 1029 414 1092 omnihus
432 1047 508 1110 quae
530 1036 612 1090 terra
634 1030 735 1108 gignat
756 1027 918 1107 herbisque
942 1028 1033 1088 etiem
1056 1033 1160 1088 utum·

153 1138 212 1200 que
235 1137 302 1182 esse
329 1137 435 1182 sexum
462 1118 681 1200 diligentissimi
708 1125 832 1180 naturae
858 1115 995 1198 tradunt,
1028 1115 1109 1196 quod
1136 1118 1189 1176 inu

151 1209 275 1290 plenum
297 1211 370 1270 satis
393 1211 432 1274 sit
454 1209 564 1276 dixisse
587 1207 699 1270 hocin
722 1207 798 1290 loco,
820 1205 909 1270 nullis
932 1213 1035 1268 umen
1060 1205 1161 1266 arbori·

152 1298 210 1365 bus
232 1299 428 1362 manifestius.
474 1317 538 1360 mas
560 1297 681 1378 palmite
704 1297 805 1380 iloret,
832 1297 943 1358 femina
966 1297 1045 1357 citra
1067 1295 1161 1356 ilorenr

152 1390 300 1468 germinat
330 1395 447 1452 tentum
479 1390 578 1469 spicae
610 1387 709 1450 modo.
762 1389 900 1467 utrisque
937 1393 1040 1447 autem
1078 1388 1162 1466 prima

152 1480 286 1542 nascitur
307 1481 389 1558 pomi
411 1495 494 1560 caro,
521 1485 625 1558 postea
648 1476 762 1557 lignum
788 1479 884 1558 intus,
910 1475 969 1538 hoc
999 1482 1049 1536 est
1070 1493 1163 1538 semen

152 1569 226 1629 eius.
272 1576 493 1650 argumentum,
517 1567 597 1648 quod
619 1582 726 1648 parvae
750 1567 814 1630 sine
837 1565 894 1627 hoc
921 1567 1120 1646 reperiuntur
1139 1567 1163 1625 in

99 1656 258 1720 32331133]
279 1657 409 1738 palmite.
453 1665 500 1719 cst
523 1665 623 1719 autem
646 1656 821 1740 oblongum,
843 1671 904 1718 non
926 1663 961 1718 ut
984 1655 1072 1717 olivis
1096 1654 1163 1717 orbi·

152 1746 293 1829 culatum,
315 1754 470 1828 praeterea
492 1765 614 1809 caesum
636 1746 760 1808 adoreo
783 1745 933 1828 pulvinata
954 1745 1067 1808 fissura
1091 1747 1162 1807 etin

152 1835 217 1896 alvo
235 1836 332 1898 media
350 1836 501 1916 plerisque
524 1835 737 1900 umbilicatum.
774 1836 843 1898 inde
866 1837 998 1916 primum
1021 1839 1163 1916 spargitur

152 1925 244 1986 radix.
297 1928 408 1988 seritur
435 1933 534 1988 autem
563 1943 693 2006 pronum
729 1933 761 1988 et
791 1924 862 1986 bina
892 1927 975 1988 iuxta
1007 1927 1163 2007 composite

153 2017 265 2076 semina
284 2033 435 2096 superque
448 2015 585 2098 totidem3
603 2017 744 2096 quoniam
760 2015 879 2078 infirme
897 2033 913 2076 e
932 2013 1061 2094 singulis
1073 2015 1164 2096 planta

99 2115 133 2166 33
152 2111 208 2185 331,
230 2113 391 2183 quaternae
414 2105 596 2172 coalescunt.
635 2105 738 2168 multis
761 2105 953 2184 candidisque
976 2103 1095 2184 lignum
1116 2105 1163 2166 hoc

152 2211 169 2253 a
191 2193 332 2256 carnibus
355 2194 536 2256 discernitur
558 2196 677 2276 tunicis,
699 2193 764 2256 aliis
787 2196 907 2276 corpori
930 2193 1163 2274 adhaerentibus,

150 2281 275 2361 laxeque
298 2283 413 2346 distans
434 2291 550 2346 mutum
573 2285 735 2346 cacuminis
758 2283 807 2345 tilo
830 2283 979 2346 adhaeret.
1016 2300 1090 2346 caro
1112 2303 1162 2345 ma·

151 2373 277 2432 turescit
305 2389 391 2432 anno.
437 2372 614 2452 quibusdam
641 2381 741 2436 tamen
767 2375 801 2436 in
826 2373 914 2454 locis,
941 2380 977 2435 ut
1003 2375 1036 2436 in
1064 2373 1161 2456 Cypro,

151 2478 330 2542 quamquam
360 2461 397 2524 ad
425 2465 628 2526 maturitatem
657 2480 718 2524 non
747 2464 917 2545 perveniat,
946 2469 1033 2542 grato
1063 2469 1187 2545 saporeis

151 2549 247 2614 dulcis
271 2560 325 2614 est.
362 2551 466 2614 lolium
488 2551 531 2614 ibi
552 2551 650 2634 latius,
673 2553 791 2615 fructus
814 2570 903 2632 qnam
920 2551 1048 2633 reliquis
1066 2561 1160 2616 roton-

152 2639 218 2702 dior
241 2660 296 2702 nec
319 2649 354 2704 ut
375 2641 536 2704 devoretur
559 2661 684 2724 corpus,
709 2659 814 2704 verum
842 2650 877 2704 nt
904 2651 1069 2723 exspuatur
1096 2661 1160 2705 succ

98 2739 134 2792 31
152 2731 240 2792 modo
269 2749 419 2812 expresso.
466 2739 495 2794 et
522 2733 554 2792 in
577 2731 684 2809 brahia
712 2731 849 2812 languide
877 2730 981 2794 dulces
1008 2733 1159 2795 traduntur

151 2837 217 2880 esse
240 2819 363 2902 palmae,
387 2839 566 2900 quamquam
588 2821 674 2883 iuba
697 2822 775 2902 apud
795 2821 930 2883 Scenitas
948 2821 1061 2884 Arabas
1082 2840 1157 2904 prae·

223 3036 237 3083 1
257 3029 355 3100 pcpuh
371 3028 520 3102 praebenti
536 3033 609 3086 ned
626 3030 631 3098 Ι
647 3028 747 3086 utilem
759 3034 845 3090 liin.
915 3035 932 3084 2
951 3030 1080 3086 arborem
1092 3044 1156 3098 quae

151 3103 215 3171 (qne
234 3101 260 3171 d)
279 3105 352 3158 had
382 3101 387 3170 Ι
415 3101 520 3156 indutis
539 3101 712 3158 IDdHard.
744 3102 829 3158 -ucbis
846 3120 870 3158 e.
904 3100 1000 3158 -ucitis
1017 3107 1050 3163 tt.
1080 3099 1156 3156 -uuiis

150 3174 209 3230 edd.
220 3171 384 3229 mtteHord.
402 3209 404 3216 ‹
458 3179 474 3234 6
491 3173 522 3228 in
540 3188 601 3228 3333
618 3171 706 3228 bifida
722 3173 844 3232 tabellas
857 3179 892 3228 1.
919 3173 1013 3228 datos
1026 3172 1113 3230 belias
1129 3177 1154 3224 tt.

150 3243 235 3300 -debis
249 3243 339 3300 belles
353 3244 435 3300 cedd.
446 3249 510 3300 astte
519 3245 611 3302 Hasd.
639 3244 681 3300 ·le
694 3245 809 3303 affare.
837 3245 914 3314 ereb;
928 3243 1016 3303 fimes
1028 3243 1115 3302 belles
1126 3247 1152 3296 ι

235 3322 250 3370 7
269 3331 397 3386 gemmas
414 3315 651 3375 caecabunt.
727 3323 758 3372 .9
777 3316 870 3402 gignit
886 3314 1152 3374 hordeaceae.

235 3391 268 3440 10
287 3386 363 3453 quod
379 3390 485 3444 litto.
513 3387 568 3442 hoc
581 3404 605 3442 r.
679 3393 712 3442 12
730 3389 849 3458 palmite
866 3393 902 3443 Ι.
927 3388 960 3443 in
975 3405 1025 3459 pe-
1042 3405 1086 3444 33.
1107 3386 1151 3454 afr.

148 3449 261 3510 Fetere
275 3473 305 3524 p.
320 3461 364 3512 55.
460 3463 493 3513 13
517 3457 614 3528 spinae
632 3457 955 3518 tauromenitanae.
985 3461 990 3528 Ι
1018 3459 1151 3528 utriusque

147 3527 206 3581 lte.
274 3529 307 3587 13
320 3526 503 3592 undenario.
574 3529 833 3602 ibinfirmeeepo.
861 3545 935 3590 -mee
948 3535 1032 3587 toa
1058 3533 1150 3584 nael

148 3607 207 3645 ·ma
220 3597 266 3647 13.
338 3602 371 3677 21
387 3613 460 3664 quae
469 3599 567 3654 ternos
581 3600 796 3668 quuescuntu.
868 3609 903 3671 23
920 3601 1073 3658 1113Ι3’3.
1098 3599 1150 3654 tiho

146 3671 170 3710 r·
243 3669 286 3717 26.
297 3669 330 3718 27
349 3668 495 3724 racundior
508 3675 542 3723 Ι.
616 3677 651 3726 23
670 3673 791 3728 scenitas
805 3679 901 3730 hado.
928 3678 1039 3730 een-1
1065 3675 1147 3728 err-R
