2572 3936
332 165 415 220 uun
434 163 527 258 mer.
547 165 586 220 xi
605 172 708 222 1c-1r
729 171 856 238 <ra-17)
1032 169 1095 235 221

87 321 198 402 ignaria
221 327 272 381 aut
294 319 507 384 infecunditate
530 317 665 380 naturali.
702 318 751 380 hic
775 328 821 380 est
844 319 965 382 abortus
989 323 1097 400 apium.

86 411 221 490 protinus
249 417 349 470 autem
376 407 476 470 educti
503 415 665 488 operantur
693 409 819 488 quadam
847 409 1002 489 disciplina
1029 429 1098 472 cum

87 498 246 582 matribus,
282 516 443 577 regemque
475 500 613 558 iuvenem
645 498 776 579 aequalis
808 497 896 575 turha
933 501 1100 561 comitatur.

86 607 171 672 reges
193 588 296 669 plures
319 587 510 670 inchoantur,
528 606 565 648 ne
590 586 698 650 desint.
734 596 838 668 postea
857 605 894 648 ex
912 589 958 648 his
977 588 1098 650 suboles
1117 599 1150 651 51

59 689 154 740 tcum
173 677 271 740 adulta
294 695 360 738 esse
384 679 491 758 coepit,
515 679 661 739 concorde
685 679 825 758 suffragio
845 679 1023 740 deterrimos
1047 697 1097 740 nc·

87 775 166 850 cant,
196 787 234 828 ne
264 765 429 828 distrahant
459 767 583 846 agmina.
628 768 687 829 duo
717 776 816 830 autem
846 787 955 848 genera
985 787 1099 850 eorum,

22 879 23 882 ¹
86 857 190 918 melior
217 856 319 933 rosor,
349 859 484 918 deterior
511 857 596 935 niger
626 859 792 937 variusque.
838 858 976 920 omnibus
1004 859 1098 919 forma

22 969 23 972 ¹
87 963 204 1026 semper
227 947 345 1026 egregia
368 951 398 1006 et
421 945 510 1026 duplo
534 963 623 1026 quam
646 949 754 1007 ceteris
777 949 878 1028 maior,
900 951 1007 1028 pinnae
1031 947 1097 1008 bre-

86 1037 196 1117 vioreS,
225 1053 313 1096 crura
340 1041 436 1116 recta,
465 1036 619 1114 ingressus
647 1035 768 1118 celsior,
799 1039 830 1096 in
856 1038 955 1098 fronte
983 1037 1097 1098 macula

22 1136 72 1178 *10
87 1124 213 1204 quodam
245 1124 408 1186 diademate
442 1124 608 1186 candicans
662 1124 790 1186 multum
826 1128 915 1188 etiam
951 1127 1048 1186 nitore
1082 1146 1098 1186 a

22 1241 23 1248 ¹
85 1213 172 1294 vulgo
196 1215 345 1274 differunt.

155 1297 212 1366 lt.
232 1297 306 1386 (lt)
330 1302 460 1374 Quaerat
478 1321 558 1364 nunc
578 1301 693 1384 aliquis,
711 1321 828 1364 rinnsne
843 1303 987 1364 Hercules
1007 1304 1098 1364 luerit
1117 1313 1151 1364 os
1262 1361 1263 1364 ,

22 1419 23 1456 r
87 1399 117 1452 et
145 1399 218 1471 quot
245 1391 345 1452 Liberi
372 1399 472 1470 patres
493 1399 531 1452 et
558 1391 674 1470 reliqua
701 1395 858 1452 vetustatis
892 1394 950 1453 situ
979 1391 1100 1454 obruta!

87 1497 157 1542 ecce
179 1483 211 1541 in
233 1499 267 1541 re
290 1499 379 1561 parva
406 1479 542 1559 villisque
570 1483 681 1542 nostris
710 1481 835 1562 adnexa,
863 1483 948 1542 cuius
977 1480 1098 1543 adsidua

46 1581 73 1625 1⁶
88 1573 178 1652 copia¹
191 1577 246 1652 est,
269 1587 330 1630 non
353 1577 470 1630 constat
488 1572 572 1631 'inter
595 1578 741 1652 auctores,
765 1589 818 1630 rex
841 1570 994 1630 nullumne
1018 1571 1099 1632 solus

86 1659 193 1720 habeat
224 1659 361 1720 aculeum
392 1661 545 1720 maiestate
577 1666 692 1725 tantum
728 1666 874 1740 armatae,
911 1678 948 1720 an
983 1659 1101 1721 dederit

22 1761 23 1818 ξ
87 1748 207 1828 quidem
230 1767 299 1810 eum
322 1755 441 1830 natura,
464 1747 517 1808 sed
535 1767 624 1809 usum
648 1751 711 1809 eius
735 1748 777 1808 illi
801 1755 916 1809 tantum
940 1751 1099 1828 negaverit.

86 1837 159 1899 illud
187 1845 316 1918 constat,
347 1839 558 1916 imperatorem
586 1837 688 1898 aculeo
715 1855 775 1898 non
803 1839 856 1898 uti.
901 1839 976 1898 mira
1003 1837 1101 1916 plebei

22 1965 23 1996 3
87 1929 168 1988 circa
190 1945 259 1988 eum
281 1925 457 1987 obedientia.
504 1944 572 1987 eum
595 1926 742 2008 procedit,
765 1945 824 1987 una
848 1933 893 1986 est
915 1934 1011 1992 totum
1035 1946 1100 1987 exa·
1120 1935 1153 1986 53

43 2029 71 2070 2⁰
86 2035 156 2078 men
183 2019 321 2096 circaque
350 2035 419 2077 eum
448 2015 596 2097 globatur,
627 2017 731 2098 cingit,
761 2017 903 2097 protegit,
931 2017 1014 2076 cerni
1041 2034 1101 2076 non

22 2143 23 2180 3
85 2108 206 2187 patitur.
243 2105 358 2185 reliquo
382 2113 525 2186 tempore,
549 2104 763 2186 cumpopulus
786 2104 936 2165 inlabere
960 2113 1015 2186 est,
1038 2107 1101 2184 ipse

22 2247 23 2258 ,
87 2213 178 2275 opera
207 2197 289 2256 intus
319 2188 470 2276 circumit,
502 2194 607 2255 similis
637 2194 818 2276 exhortanti,
851 2193 931 2254 solus
961 2196 1102 2254 inmunis.

22 2323 23 2360 t
87 2287 168 2345 circa
195 2302 265 2345 eum
292 2284 434 2345 satellites
462 2283 581 2362 quidam
609 2283 790 2363 lictoresque
810 2282 933 2344 'adsidui
962 2283 1101 2344 custodes

22 2413 23 2450 q
88 2374 283 2434 auctoritatis.
328 2372 464 2452 procedit
491 2373 571 2432 ieras
594 2374 739 2438 nonnisi
767 2374 930 2452 migraturo
958 2375 1101 2432 examine,
1121 2378 1155 2428 54

22 2475 72 2540 ,eo
88 2461 118 2522 id
142 2461 235 2522 multo
259 2461 443 2541 intellegitur
466 2467 548 2541 ante,
572 2460 684 2538 aliquot
706 2459 811 2521 diebus
839 2479 993 2521 murmure
1021 2463 1102 2522 intus

87 2558 254 2632 strepente,
283 2550 440 2631 adparatus
462 2547 560 2608 indice
588 2549 668 2609 diem
690 2551 899 2629 tempestivum
922 2549 1102 2629 eligentium.

22 2685 23 2698 ,
87 2642 114 2702 si
138 2642 205 2720 quis
228 2639 303 2700 alam
326 2641 354 2700 ei
377 2638 543 2719 detruncet,
567 2656 626 2697 non
650 2638 898 2717 lugiat'examen.
944 2656 1012 2698 cum
1035 2651 1102 2716 pro-

22 2783 23 2802 ,
87 2747 217 2810 cessere,
240 2747 273 2790 se
292 2747 431 2808 quaeque
450 2729 615 2807 proximam
637 2727 680 2788 illi
703 2729 786 2807 cupit
808 2745 874 2786 esse
899 2729 982 2786 etin
1005 2727 1102 2787 officio

22 2865 23 2874 ,
88 2821 223 2899 conspici
246 2817 364 2898 gaudet.
409 2818 521 2877 fessum
549 2819 661 2877 umeris
690 2814 858 2896 sublevant,
885 2815 1009 2876 validius
1038 2816 1103 2876 iati-

22 2923 73 2992 ,eo
88 2916 191 2988 gatum
213 2927 250 2969 ex
273 2915 336 2969 toto
363 2914 492 2988 portant.
538 2907 564 2968 si
591 2923 649 2985 qua
677 2905 783 2966 lassata
811 2905 920 2966 deiecit
948 2912 999 2966 aut
1026 2905 1103 2965 sorte

161 3104 241 3153 4ne
264 3097 357 3153 desint
378 3097 466 3151 Borb.
506 3111 558 3150 nee
582 3095 683 3149 desunt
705 3095 732 3150 tl.
829 3093 957 3162 tutius,
984 3093 1105 3148 deterior
1196 3077 1206 3096 ⁰

24 3205 25 3217 ,
89 3170 185 3224 Ioaout
198 3170 256 3224 coll.
271 3169 292 3240 ἕ
301 3174 337 3225 59
351 3168 472 3224 &Arina
486 3169 512 3222 b.
528 3185 553 3221 o.
564 3169 610 3218 IX
618 3171 654 3221 40
663 3183 694 3234 p.
704 3165 865 3232 deamat.
890 3169 916 3218 V
922 3170 958 3221 21
969 3183 1000 3235 1).
1010 3168 1105 3232 553A,

23 3277 25 3287 ι
89 3244 138 3298 24.
162 3241 284 3295 orello.
358 3245 391 3294 13
406 3236 671 3309 quodnelpatris
686 3256 710 3290 a.
727 3239 731 3307 Ι
747 3236 896 3292 uetustatis
910 3240 955 3290 do.
983 3253 1067 3292 uenu-
1081 3254 1105 3291 r.

23 3313 25 3320 '
164 3317 199 3366 14
217 3311 329 3366 assidua
347 3316 392 3366 do.
425 3327 489 3366 -uee
507 3314 565 3364 ΒΕ.
598 3325 645 3363 -ue
664 3326 688 3362 a.
768 3315 799 3364 17
819 3307 878 3362 eius
897 3307 976 3361 ΒΨ.
1009 3309 1106 3363 mestis
1211 3315 1214 3324 “

89 3383 129 3437 d¹.
157 3383 224 3438 estis
241 3383 312 3436 111¹.
341 3398 401 3437 esse
420 3401 444 3436 a.
467 3383 471 3451 l
494 3380 562 3453 illisi
576 3381 686 3434 tontum
705 3379 743 3434 dl.
774 3379 832 3434 illio
850 3380 960 3433 temtum
978 3385 1030 3432 Da.
1062 3379 1107 3433 illi

22 3461 23 3469 ’
90 3455 197 3510 ebatum
215 3454 260 3508 13¹.
287 3453 337 3509 ille
356 3453 401 3523 (·li
418 3457 448 3524 d)
468 3453 605 3507 stabulum
622 3451 702 3505 ΒΨ.
774 3457 808 3506 23
828 3449 933 3505 assidui
951 3450 1030 3506 odet.
1059 3451 1106 3505 ad·

90 3525 174 3581 sidua
191 3543 214 3581 r.
305 3531 340 3579 24
363 3525 544 3580 auctoritates
562 3529 592 3578 n.
625 3525 664 3578 -te
684 3526 730 3576 ad.
755 3525 760 3592 Ι
784 3522 859 3578 foras
882 3521 962 3577 eido.
1000 3521 1049 3576 -rie
1069 3523 1105 3576 αἱ.

90 3613 149 3653 -res
167 3614 190 3652 r.
216 3597 400 3669 lvmigreturo
419 3601 464 3652 do.
493 3597 549 3652 -lur
566 3612 589 3651 r.
672 3599 705 3650 28
725 3611 852 3665 quaeque
870 3611 894 3650 o.
923 3612 953 3664 q3
973 3595 1010 3650 11¹.
1039 3611 1108 3663 quo-

90 3686 147 3739 que
166 3687 189 3724 r.
214 3671 219 3739 Ι
243 3672 273 3725 et
290 3673 357 3726 edo.
385 3685 436 3724 om.
455 3687 478 3724 r.
