2364 3928
307 227 391 274 unu.
416 227 508 276 eursu.
532 228 556 275 1.
581 215 651 292 (vn.
676 215 764 289 vnn.)
1004 209 1050 274 15

55 375 239 459 Xenophonte,
258 380 455 461 Callimacho,
470 382 652 460 Democrito,
668 381 768 460 Dipllo
783 381 944 458 historico,
964 380 1046 441 Stra·

56 473 108 523 tone
127 467 171 542 qui
190 475 292 526 contra
313 466 426 546 Ephori
448 459 617 548 εὑρήματα
632 468 769 545 scripsit,
794 465 950 526 Heraclide
969 464 1046 524 Pon·

55 549 106 622 tino,
115 547 350 629 Asclepiadequi
363 548 637 635 τραγῳδούμενα,
649 551 892 630 Philostephano‚
903 547 1048 627 Hegesia,

55 631 239 712 irahamaeho,
256 634 437 712 Thucydide,
455 635 666 714 hinesigitone,
684 634 854 713 Xenagora,
870 633 1045 696 hietrodoro

40 716 169 794 eScepsio‚
188 718 359 798 Anticlide,
382 719 563 782 Critodemo.

96 799 176 862 hihro
201 802 285 864 vtlt.
321 807 525 866 continentur:
557 803 696 886 (l—ll)
724 804 769 865 De
794 804 959 883 elephantis
985 797 1051 890 (de

53 904 118 944 sensu
137 904 258 966 eorum,
297 886 327 950 2.
352 889 467 968 quando
492 891 613 968 primum
633 891 741 966 iuncti,
772 887 802 951 3.
832 889 868 949 de
894 888 1045 948 docilitate

53 987 145 1048 eorum,
176 969 371 1034 dmirahilia
389 975 521 1036 iniectis
538 993 649 1036 eorum.
692 971 1046 1037 dinumeraturum

52 1053 75 1113 nd
88 1055 207 1133 pericula
222 1075 279 1117 sna
296 1058 506 1138 intellegenda.
536 1056 564 1122 6.
582 1058 696 1139 quando
712 1059 834 1138 primum
846 1059 876 1116 in
891 1056 975 1116 ltalia
990 1058 1046 1116 risi

32 1138 181 1218 nelephanti.
227 1140 259 1204 7.
283 1161 400 1226 pugnae
421 1161 532 1205 eorum.
577 1141 605 1206 8.
632 1141 855 1223 quibusmodis
885 1143 1048 1221 capiantur,

52 1222 70 1283 9.
86 1224 179 1302 quibus
200 1226 372 1289 domentur.
410 1227 459 1290 10.
483 1229 520 1289 de
535 1237 620 1308 partu
641 1245 742 1288 eorum
756 1235 785 1287 et
802 1226 915 1303 reliqua
936 1234 1045 1285 natura.

52 1307 140 1368 liubi
154 1321 323 1372 nascantur.
356 1313 504 1374 discordia
519 1331 620 1374 eorum
637 1321 668 1373 et
684 1305 872 1454 draconum&
908 1307 981 1390 (12)
1002 1308 1049 1370 De

51 1393 158 1454 sollertia
172 1397 350 1457 animalium.
383 1397 456 1476 (13)
471 1397 517 1458 De
534 1397 719 1458 draconibus.
747 1394 820 1474 (14)
867 1397 928 1454 irae
940 1395 1048 1471 magni·

52 1477 139 1537 tudines
154 1483 350 1560 serpentium.
385 1481 457 1562 (15)
475 1481 519 1543 De
536 1481 681 1559 Scythicis
696 1480 879 1556 animalibus,
897 1479 933 1539 de
949 1478 1053 1538 bisone

33 1560 122 1640 utilas,
141 1565 212 1625 uris.
255 1565 330 1646 (16)
351 1567 387 1627 de
404 1566 706 1644 septentrionalibus,
723 1565 804 1642 alce,
821 1563 908 1642 achli,
923 1563 1047 1623 bonaso.

18 1649 19 1652 ’
53 1645 184 1728 (ll-21)
202 1649 252 1710 De
269 1651 408 1711 leonibus
433 1646 604 1740 (quomodo
624 1653 789 1730 gignantur.
827 1646 875 1711 18.
898 1666 972 1726 quae
996 1665 1054 1725 ge·-

18 1735 20 1792 l
52 1749 103 1791 nera
126 1750 236 1795 eorum.
277 1733 328 1796 19.
353 1755 428 1816 quae
457 1738 577 1816 propria
600 1744 729 1795 naturae.
770 1731 820 1796 20.
851 1735 916 1812 quis
939 1733 1049 1811 primus

18 1803 20 1882 l
53 1814 271 1880 leontomachiam
286 1819 410 1899 Romae,
424 1823 489 1901 quis
508 1821 649 1900 plurimos
666 1821 695 1881 in
711 1838 746 1880 ea
761 1817 866 1879 leones
884 1815 1047 1876 donaverit.

18 1911 20 1968 l
52 1895 85 1959 ll.
105 1903 163 1980 quis
186 1907 301 1983 primus
324 1905 430 1968 leones
452 1907 613 1983 domuerit,
638 1907 702 1984 quis
724 1905 832 1983 primus
854 1901 1055 1961 Romanorum·

35 1988 161 2048 iinmerit.
184 1989 334 2050 mirabilia
347 1993 377 2050 in
392 1991 510 2052 leonum
524 1985 640 2077 iactis).
673 1987 743 2070 (22)
756 1991 780 2052 Α
794 1988 921 2048 dracone
933 1987 1049 2063 agnitus

19 2123 20 2126 ,
55 2077 74 2126 et
86 2081 219 2133 serratus.
252 2072 322 2154 (23.
335 2071 393 2156 24)
409 2075 453 2137 De
466 2074 616 2155 pantheris
633 2067 706 2161 (24.
721 2071 1006 2134 senatusconsultum
1019 2078 1050 2130 et

20 2219 21 2224 η
54 2153 115 2229 leges
128 2156 163 2218 de
178 2157 342 2220 Africanis.
372 2164 437 2238 quis
453 2161 561 2240 primus
578 2158 690 2219 Romae
705 2158 858 2218 Africanas
877 2163 908 2216 et
923 2154 1053 2232 quando,

20 2303 21 2324 3
54 2240 99 2313 puis
116 2237 288 2330 plurimas).
333 2241 407 2323 (25)
431 2245 468 2305 de
490 2243 624 2322 tigribus.
658 2241 772 2322 quando
796 2242 918 2320 primum
938 2237 1049 2300 Romae

20 2343 21 2349 ¹
55 2323 98 2382 me
109 2326 198 2403 tigris.
224 2327 263 2387 dc
278 2337 380 2388 natura
392 2347 499 2390 earum.
526 2327 600 2408 (26)
613 2327 649 2387 de
662 2327 790 2388 camelis.
813 2343 925 2403 genera
938 2341 1049 2383 eorum.

21 2404 110 2486 elli)
128 2410 162 2470 de
183 2413 424 2491 camelopardali.
456 2414 571 2492 quando
594 2415 716 2493 primum
739 2411 849 2470 Romae
865 2411 937 2470 visa.
977 2405 1050 2486 (28)
1129 2469 1133 2474 .

22 2511 23 2552 3
56 2489 192 2556 declama.
228 2496 267 2557 de
284 2497 400 2577 cephis.
438 2496 510 2578 (29)
532 2498 567 2558 de
584 2497 783 2557 rhinocerote.
821 2491 894 2573 (30)
912 2493 947 2553 de
964 2493 1050 2568 lynce

22 2573 24 2586 '
58 2578 263 2658 etsphingibus.
297 2581 333 2642 de
353 2585 505 2644 crocottis.
541 2582 577 2643 de
593 2581 818 2660 cercopithecis.
857 2577 930 2658 (31)
951 2575 1053 2635 lndiae

58 2666 185 2725 terrestria
198 2665 348 2746 animalia,
376 2666 453 2748 (32)
470 2670 539 2728 item
554 2666 745 2746 Aethiopiae.
772 2665 868 2724 bestia
884 2663 949 2722 visu
962 2663 1051 2720 inter·
1153 2693 1156 2698 ·

59 2743 144 2808 laicus.
171 2748 243 2832 (33)
259 2750 306 2812 De
322 2752 468 2813 basiliscis
484 2752 680 2829 serpentibus.
713 2747 786 2828 (34)
801 2749 847 2808 De
860 2747 946 2827 lupis.
974 2744 1051 2804 unde

41 2827 132 2890 elnbuln
156 2837 371 2916 versipellium.
421 2835 494 2916 (35)
527 2835 713 2916 Serpentium
742 2851 862 2912 genera.
911 2828 985 2910 (36)
1007 2827 1053 2889 De

61 2911 237 2981 ichneumone.
275 2919 350 3002 (37)
372 2925 408 2982 de
425 2921 586 2982 crocodilo.
620 2917 694 3000 (38)
720 2919 756 2980 de
775 2920 887 2979 scinco.
925 2912 998 2993 (39)
1015 2913 1053 2973 de

62 2993 256 3078 1ΙίΡΡθροῑειιιιο.
296 3004 368 3088 (40)
396 3008 460 3085 quis
482 3007 592 3085 primus
616 3004 781 3065 ostenderit
798 3021 864 3064 eum
884 2999 997 3060 Romae
1022 3006 1053 3057 et

63 3085 222 3148 crocodilum,
265 3087 339 3170 (41)
360 3089 524 3151 Medicinae
544 3090 580 3150 ab
603 3088 772 3149 animalibus
794 3095 942 3166 repertae.
978 3079 1052 3161 (42)

63 3161 229 3244 Prognostica
256 3175 456 3253 periculorum
484 3193 522 3236 ex
548 3173 727 3234 animalibus.
773 3170 830 3251 (43
877 3168 987 3231 Gentes
1016 3166 1055 3226 ab

46 3253 204 3316 ituluelihus
220 3259 365 3322 sublatae.
403 3257 574 3340 (44-45)
598 3259 643 3319 De
669 3257 790 3334 hyaenis
841 3253 893 3318 45.
917 3254 954 3314 de
969 3267 1053 3311 coro-

66 3339 139 3400 cottis.
166 3341 201 3401 de
221 3339 443 3432 mantichoris).
487 3343 559 3424 (46)
581 3343 627 3403 De
651 3343 778 3420 onagris.
819 3334 988 3421 (et-49)
1007 3334 1053 3394 Dc

66 3423 177 3494 aquaticis
193 3435 224 3486 et
239 3429 340 3490 iisdem
357 3431 549 3490 terrestribus
569 3421 628 3516 (de
645 3427 745 3504 libris,
763 3426 800 3486 de
816 3425 911 3500 luteis,
935 3417 999 3502 [48.
1017 3419 1057 3477 de

68 3507 124 3564 nnis
140 3509 274 3595 rnbetis,]
297 3513 348 3578 49.
365 3515 401 3578 de
418 3513 512 3575 ritulo
527 3515 657 3590 marino,
675 3511 711 3572 de
740 3502 947 3594 stelionibus).
980 3500 1057 3582 (50)
