2572 3936
268 174 270 180 ·
354 153 864 226 NAT.H1su.xss-rn(sr-aa)
973 237 976 248 Α
1051 159 1117 224 205

101 306 182 366 tinus
210 301 313 366 resilit.
363 321 514 384 purpurae
527 382 529 387 Ι
543 323 663 384 quoque
691 306 808 366 faetidis
836 309 1003 386 capiuntur.
1050 327 1118 370 nam

103 393 139 455 de
163 392 279 473 reliquo
303 393 473 456 animalium
496 412 607 474 genere
635 397 703 474 quis
731 392 868 458 dubitet?
915 415 1025 460 cornus
1054 416 1117 460 cer-

101 485 162 544 vini
185 483 276 546 odore
301 481 470 563 serpentes·
480 484 634 564 sugantur,
662 484 715 546 sed
738 487 864 546 maxime
893 489 1031 568 styracis3
1060 491 1117 548 ori·

102 575 171 652 gani
194 580 246 636 aut
272 571 361 636 calcis
391 580 442 636 aut
472 573 604 654 sulpuris
634 573 774 638 formicae
805 584 960 638 necamur.
1006 577 1118 638 culices
1159 571 1161 575 ’

74 661 184 724 saeida
206 669 322 744 petunt,
345 663 382 726 ad
405 662 502 724 dulcia
525 682 585 726 non
609 662 753 726 advolant.

171 746 228 815 tl.
257 751 367 814 Tactus
391 771 498 816 sensus
521 753 660 818 omuibus
683 763 742 835 est,
770 758 859 818 etiam
881 755 992 836 quibus
1020 757 1118 819 ulidus

101 843 184 904 alius.
230 860 299 904 uam
322 849 353 904 et
375 845 483 904 ostreis
506 851 537 906 et
559 847 748 906 terrestrium
771 845 922 908 vermibus
945 865 1074 926 quoquc.

169 925 243 1016 (91)
267 931 503 996 Existimcverim
522 933 661 996 omuibus
680 954 801 998 smsum
825 944 855 997 et
873 943 1009 1015 gustatus
1033 940 1171 1000 esse.196

103 1040 158 1084 eur
181 1024 262 1084 enim
284 1021 357 1084 alios
379 1022 435 1084 alia
458 1041 580 1104 sapores
603 1021 764 1104 adpetant?
795 1026 826 1085 in
855 1045 914 1106 quo
938 1026 983 1087 vel
1006 1029 1118 1106 praeci-

62 1130 89 1170 10
102 1130 161 1192 pua
188 1120 311 1174 naturae
340 1114 462 1175 cardiacis
490 1115 543 1174 vis.
588 1114 644 1174 alia
671 1113 810 1176 dentibus
837 1116 1032 1198 praedantur,
1065 1116 1119 1176 alia

103 1201 267 1284 unguibus,
300 1202 355 1264 alia
384 1206 477 1264 rostri
506 1202 675 1265 aduncitate
707 1211 848 1284 carpunt,
880 1205 935 1264 alia
965 1205 1119 1266 latitudine

103 1300 226 1372 eruunt,
249 1291 304 1352 alia
327 1295 464 1354 acumine
489 1301 644 1374 excavant,
667 1293 724 1354 alia
747 1301 872 1374 sugunt,
899 1293 955 1354 alia
978 1292 1120 1374 lambunt,

103 1381 239 1462 sorbent,
262 1382 418 1464 mandunt,
441 1391 554 1444 vorant.
601 1401 657 1444 nec
680 1385 779 1446 minor
802 1385 930 1444 varietas
956 1386 986 1444 io
1011 1385 1120 1462 pedum

104 1473 285 1552 ministerio,
308 1480 342 1532 ut
364 1474 493 1553 rapiant,
517 1471 695 1554 distrahant,
718 1481 852 1553 teneant,
875 1480 1026 1553 premant,
1049 1491 1120 1552 pen·

63 1561 206 1642 redeant,
228 1560 366 1622 tellurem
390 1561 512 1622 scabere
535 1579 596 1624 non
619 1570 746 1624 cessent.
1090 1601 1095 1604 -

173 1609 229 1711 7'2.
255 1643 328 1734 (92)
356 1649 485 1712 Venonis
509 1669 632 1732 capreae
657 1659 687 1712 et
710 1654 894 1733 coturnices,
917 1658 951 1712 ut
974 1651 1148 1760 diximus
1124 1653 1173 1761 ¹99⁷
1247 1697 1250 1706 .

103 1742 317 1821 pinguescunt,
339 1739 538 1821 placidissima
559 1741 709 1823 animalia,
733 1749 763 1801 at
782 1749 936 1821 serpentes
955 1743 1032 1820 ovis,
1056 1721 1161 1820 spe·69

104 1829 209 1890 ctonda
233 1829 353 1909 quidem
375 1830 538 1892 maeotium
554 1839 633 1892 arte.
680 1837 731 1891 aut
753 1832 833 1891 enim
856 1829 949 1892 solida
972 1830 1123 1910 hauriunt,

104 1921 130 1978 si
159 1921 217 1980 iam
247 1919 348 1980 fauces
378 1921 512 2000 capiunt,
543 1938 618 1999 quae
649 1920 794 1982 deinde
787 1938 818 1982 ιιι
848 1927 944 1982 semet
972 1878 1123 1982 convolutl

63 2025 91 2065 so
106 2009 246 2088 lrangunt
268 2011 350 2070 intus
377 2017 466 2088 atque
494 2011 535 2070 ita
561 2011 713 2090 putamina
741 2011 923 2091 extussiunt,
951 2017 1003 2070 aut
1029 2011 1055 2070 si
1078 2016 1121 2068 te-

105 2100 207 2160 nerior
225 2106 272 2159 cst
296 2097 401 2160 catulis
425 2098 521 2162 adhuc
545 2108 634 2180 aetas,
657 2099 729 2160 orbe
744 2098 937 2180 adprehensa
961 2100 1058 2179 spirae
1082 2101 1123 2158 ita
1163 2133 1165 2140 ,

105 2190 217 2249 sensim
239 2188 491 2268 vehementerque
518 2191 758 2270 praestringunt,
790 2196 825 2250 ut
856 2196 1006 2269 amputata
1037 2195 1122 2268 parte

107 2296 162 2338 ceu
181 2277 262 2338 ler'ro
281 2296 297 2338 e
316 2277 431 2357 reliqua
449 2297 525 2357 quae
547 2279 684 2359 amplexu
705 2286 825 2340 tenetur
847 2278 995 2340 sorbeant.
1033 2275 1123 2338 simili

107 2366 194 2428 modo
215 2364 317 2428 nvibus
339 2367 486 2428 devoratis
508 2367 610 2430 solidis
634 2369 825 2430 contentione
849 2368 979 2447 plumam
1003 2374 1033 2428 et
1056 2383 1123 2426 ossa

64 2469 92 2513 aa
107 2463 272 2517 revomunt.

174 2539 248 2627 (93)
273 2545 452 2624 Scorpioues
477 2553 556 2605 terra
578 2547 688 2604 vivunt.
721 2552 886 2624 serpentes,
909 2563 978 2606 cum
997 2547 1113 2606 occasio
1125 2545 1175 2596 198

107 2643 166 2716 est,
194 2637 296 2696 vinum
319 2636 479 2713 praecipue
503 2634 660 2713 adpetunt,
688 2651 755 2694 cum
779 2633 889 2713 alioqui
913 2635 1020 2712 exiguo
1047 2633 1122 2694 iudi-

107 2733 195 2805 geant
221 2732 302 2804 potu.
354 2723 475 2784 eaedem
504 2725 625 2784 orioimo
654 2731 684 2783 et
711 2741 804 2802 paene
833 2722 914 2784 nullo
942 2721 1022 2802 cibo,
1055 2741 1127 2782 cum

178 2957 204 3004 2.
219 2957 235 3006 3
261 2949 366 3005 ceruini
385 2951 443 3004 116.
476 2949 646 3006 coincidisse
663 2949 771 3005 videtur
789 2949 845 3004 usli
862 2949 904 3002 cel
921 2945 1041 3004 incensi:
1073 2949 1123 3014 cfr.

113 3025 189 3076 VIII
196 3027 259 3078 118.
282 3024 419 3075 XXVIII
428 3026 490 3078 149.
513 3025 575 3075 XII
584 3027 629 3078 81.
714 3026 801 3090 dpro
819 3021 962 3090 serpentes
982 3020 1060 3075 Pice.
1079 3036 1125 3074 vo·

108 3095 162 3149 luit
174 3094 282 3149 innecte
296 3095 355 3149 coll.
370 3094 456 3148 Arist.
472 3095 490 3148 l.
505 3095 522 3148 l.
536 3110 561 3148 6.
576 3097 624 3160 24,
642 3094 691 3163 poi
703 3093 833 3161 foraticos
846 3092 915 3148 dicit
928 3097 954 3146 et
965 3093 1001 3147 τὰ
1014 3095 1126 3147 πλειιτα

108 3171 169 3221 τῶν
192 3167 341 3220 τοιούτων.
450 3171 483 3220 10
509 3164 625 3220 artificis
647 3163 690 3219 vis
713 3180 760 3235 epo
782 3179 843 3220 noo.
862 3165 914 3218 luc.
933 3180 964 3233 p.
976 3169 1013 3219 58
1031 3181 1058 3218 u.
1078 3169 1125 3220 20.

110 3237 216 3292 accitae
235 3237 264 3292 61
281 3236 329 3292 hio
348 3237 372 3291 is
396 3237 472 3308 (libis
491 3241 516 3291 d.
546 3236 619 3291 niuis
638 3237 672 3304 1)
691 3236 807 3290 nvos.
846 3235 950 3290 ancittae
967 3234 1069 3307 sffshis
1088 3235 1125 3290 αἱ,

109 3310 189 3364 ortes
211 3306 313 3364 ethicis
336 3307 380 3362 11·
416 3308 581 3364 architectis
603 3308 647 3366 his
665 3313 689 3361 lt
712 3325 726 3362 6
747 3320 817 3362 corr.
854 3306 937 3376 -ctu'q3
985 3305 1070 3362 xhis
1089 3305 1125 3360 2².

110 3379 216 3448 -ciique
234 3379 277 3434 vis
295 3379 354 3438 cdd.
369 3385 433 3437 ante
446 3381 513 3436 Del.
538 3380 607 3436 -oic'o
619 3380 687 3436 Dal.
711 3380 785 3436 -ctce
800 3379 846 3450 (11
860 3379 962 3447 Ianus)
976 3377 1020 3432 vis
1033 3377 1126 3432 Hord.

109 3450 230 3508 artificia
243 3451 316 3506 Dect.
402 3457 435 3506 tt
449 3454 534 3508 ruunt
545 3469 570 3508 c.
590 3453 639 3521 cfr.
654 3455 700 3506 XI
708 3456 772 3508 159.
850 3456 883 3506 17
903 3449 1002 3506 ouisd.
1031 3466 1086 3506 oua
1103 3467 1126 3505 r.

182 3529 214 3577 21
235 3525 280 3580 est
291 3522 390 3578 field.
418 3526 447 3580 et
464 3541 488 3578 r.
561 3530 596 3579 24
614 3523 782 3580 contritione
800 3522 1046 3589 6661661161
1064 3539 1128 3578 ossa

109 3594 250 3652 r²e²Dol
280 3597 328 3652 ced
344 3596 421 3652 daed
438 3597 493 3652 scio
512 3613 551 3652 an
567 3597 669 3664 salom
687 3597 732 3652 eit.
761 3597 790 3652 61
803 3594 861 3651 cite
878 3594 953 3664 (dha
970 3595 1003 3663 B)
1022 3611 1045 3648 r.
1080 3609 1114 3650 er

109 3668 197 3724 citam
215 3667 307 3724 Hand.
338 3667 461 3738 plurima
479 3670 509 3723 61
526 3670 620 3726 celera
638 3684 702 3724 osso
720 3667 780 3724 edd.
794 3672 855 3724 cett.
