2308 3936
130 229 173 296 22
478 245 509 296 c.
530 249 627 296 6666
649 249 811 298 6666666

131 403 189 466 cibi
208 405 304 465 oritus
320 404 441 466 nonsit.
473 403 546 484 (41)
563 404 686 482 716666,
703 403 899 482 cantharides,
916 403 1035 466 culices.
1064 404 1129 463 nivis

131 489 245 549 animal.
285 487 357 569 (42)
380 491 489 567 ignium
517 489 638 567 animal,
669 489 790 568 pyrallis
820 491 885 550 sive
914 497 1029 569 pyrota.
1068 487 1130 566 (43)

130 571 335 634 hemerobion.
365 571 524 654 (44-97)
538 573 711 634 huimalium
722 575 847 634 omnium
863 593 918 654 por
932 573 1045 652 singula
1056 591 1130 633 mem·

131 657 185 718 bra
206 666 327 719 naturae
350 667 380 719 et
397 657 549 719 historiae.
587 656 660 737 (44)
685 677 760 736 quae
782 660 882 737 apices
904 659 1046 737 habeant,
1067 675 1130 736 quac

132 743 247 805 cristas.
281 741 354 823 (45)
369 761 509 804 cornuum
524 762 644 821 genera.
677 743 781 822 quibus
796 741 924 804 mobilia.
957 739 1030 822 (46)
1047 741 1081 802 66
1095 760 1145 800 ca·

131 827 251 906 pitibus.
283 829 387 906 quibus
403 827 490 888 nulla.
529 825 601 907 (47)
622 828 658 888 66
674 827 790 907 capillo.
825 825 898 906 (48)
915 827 951 888 66
967 827 1082 888 ossibus
1095 844 1132 885 oa-

132 913 211 990 61116.
245 909 318 991 (49)
336 910 372 972 66
391 913 528 974 cerebro.
567 909 639 992 (50)
662 912 699 972 de
721 911 849 972 auribus.
888 931 962 991 quae
983 927 1132 970 auresuon

131 995 269 1057 habeant.
291 1015 365 1075 quae
377 999 441 1058 sine
454 997 571 1058 auribus
588 1007 618 1058 et
634 999 696 1057 sine
713 997 903 1057 foraminibus
918 995 1043 1056 audiant.
1072 993 1133 1074 (51)

133 1080 170 1141 66
185 1083 272 1160 16616,
289 1081 325 1141 66
337 1083 446 1160 irontc,
463 1080 502 1142 de
515 1082 691 1162 superciliis.
715 1079 874 1160 (52-57)
887 1081 922 1142 de
936 1080 1031 1142 oculis
1048 1075 1132 1165 (quae

133 1167 198 1226 6166
223 1166 316 1226 666116
337 1167 475 1227 animalia.
509 1185 584 1246 quae
607 1166 738 1244 singulos
764 1175 872 1226 tantum
890 1166 992 1227 oculos
1010 1164 1132 1224 habeant.

131 1247 185 1314 53.
204 1251 241 1311 66
262 1251 434 1314 diversitate
453 1252 612 1312 oculorum.
648 1249 700 1313 54.
724 1269 799 1330 quae
815 1253 890 1312 ratio
908 1253 1021 1311 visuus.
1059 1257 1134 1310 noctu

132 1335 278 1398 videntes.
310 1334 360 1400 55.
377 1335 413 1398 66
432 1345 532 1397 natura
547 1335 687 1417 pupillae.
721 1353 795 1414 quae
811 1337 1052 1398 nonconiveaut.
1083 1333 1134 1411 qui·

132 1419 188 1480 bus
206 1421 281 1480 eruti
304 1421 380 1483 oculi
401 1429 598 1482 renascantur.
634 1417 685 1483 56.
710 1420 747 1480 66
769 1420 937 1500 palpebris,
960 1419 1066 1498 quibus
1087 1435 1135 1476 nou

133 1505 209 1582 sint,
236 1505 341 1583 quibus
359 1506 395 1565 ab
411 1506 501 1567 altera
520 1514 603 1584 parte
625 1513 734 1564 tantum
752 1507 819 1570 siut.
854 1504 908 1568 57.
930 1505 1036 1583 quibus
1052 1520 1135 1581 genae

132 1584 300 1677 6666161).
333 1589 405 1670 (58)
422 1589 458 1650 de
476 1590 573 1664 malis,
602 1587 654 1652 59.
672 1589 708 1650 de
725 1589 857 1664 naribus,
884 1586 956 1669 (60)
972 1589 1089 1663 buccis,
1104 1586 1135 1645 la·

133 1672 209 1752 bris,
231 1683 341 1752 mento,
364 1675 503 1752 maxillis,
523 1671 681 1754 (61-64)
703 1673 740 1734 66
768 1674 902 1736 66611166
922 1669 1020 1760 (quac
1037 1687 1138 1752 genera

134 1776 245 1820 eorum.
279 1760 383 1840 quibus
398 1777 456 1821 non
477 1769 600 1839 utraque
619 1768 703 1839 parte
721 1761 789 1836 sint,
812 1759 915 1838 quibus
936 1760 1010 1821 caui.
1043 1755 1091 1820 62.
1107 1755 1136 1815 de

134 1847 316 1924 serpentium
337 1845 490 1923 dentibus,
511 1845 547 1904 de
563 1862 679 1905 ueneno
697 1861 804 1905 earum.
836 1845 881 1903 cui
899 1843 1012 1904 uolucri
1032 1842 1136 1904 dentes.

132 1927 184 1992 63.
216 1930 359 1992 mirabilia
391 1930 528 1992 dentium.
573 1927 625 1992 64.
656 1937 736 1990 aetas
767 1929 970 1988 ruminantium
1001 1929 1039 1990 ab
1069 1921 1136 2012 his).

130 2011 206 2092 (65)
221 2015 257 2074 66
272 2015 388 2091 lingua,
411 2033 485 2092 quae
504 2015 567 2074 sine
590 2031 636 2076 ea.
666 2013 702 2074 de
719 2031 852 2072 ranarum
868 2031 951 2074 sono.
985 2013 1022 2072 de
1038 2012 1137 2091 palato,

132 2094 205 2176 (66)
222 2097 258 2158 66
274 2098 411 2158 tonsillis.
442 2117 509 2175 uva,
526 2098 704 2178 epiglossis,
727 2099 870 2175 arteriae,
888 2098 967 2176 gula,
992 2095 1068 2176 (67)
1086 2115 1138 2156 cer-

132 2185 193 2259 vix,
210 2182 326 2260 collum,
342 2184 435 2262 spina,
454 2180 528 2262 (68)
540 2192 650 2260 guttur,
662 2184 774 2260 fauces,
788 2182 965 2247 stomachus.
989 2179 1139 2261 (69-71)

133 2265 170 2326 66
187 2267 277 2328 corde
293 2261 475 2352 (sanguine,
498 2270 603 2330 animo.
632 2265 682 2330 70.
700 2267 803 2346 quibus
820 2269 942 2334 maxima
960 2265 1062 2342 corda,
1087 2265 1139 2344 qui·

132 2350 187 2411 bus
203 2353 333 2428 minima,
360 2353 465 2431 quibus
484 2353 561 2413 bina.
598 2351 648 2415 71.
666 2351 780 2432 quaudo
800 2353 830 2412 in
852 2353 929 2412 extis
946 2351 1060 2431 adspici
1081 2368 1140 2410 coc·

132 2432 213 2582 plag.
251 2433 324 2517 (72)
341 2436 377 2498 66
395 2437 548 2516 pulmone,
571 2437 675 2516 quibus
692 2437 849 2514 maximus,
875 2437 979 2516 quibus
1004 2438 1139 2496 minimus.

132 2524 180 2600 qui
204 2541 237 2581 66
254 2521 325 2582 nihil
347 2521 424 2582 aliud
446 2541 529 2600 quam
545 2522 642 2602 pulmo
659 2521 745 2582 intus.
781 2539 857 2600 quae
875 2539 960 2582 66666
980 2521 1140 2582 velocitatis

131 2606 302 2668 animalium.
333 2605 491 2687 (73—76)
513 2607 550 2668 66
572 2607 703 2666 iocinere
725 2599 784 2692 (66
799 2611 896 2688 666116
919 2615 1072 2685 extorum,
1097 2606 1140 2664 ha·

132 2695 278 2772 ruspioum
304 2693 381 2753 circa
403 2711 438 2752 ea
462 2693 698 2752 observationes.
741 2693 845 2770 quibus
868 2691 1040 2754 animalibus
1066 2699 1095 2752 et
1118 2691 1142 2748 in

132 2779 237 2856 quibus
252 2777 326 2838 locis
348 2779 414 2837 bina
436 2779 575 2837 iocinera.
613 2773 664 2838 74.
688 2777 821 2837 6616116.
856 2777 905 2836 ubi
926 2785 955 2836 et
974 2777 1080 2854 quibus
1098 2793 1142 2851 gc·

105 2862 110 2872 '
132 2863 245 2922 minum.
275 2861 379 2940 quibus
395 2862 556 2922 animalium
569 2879 628 2922 non
642 2863 690 2939 sit,
708 2861 812 2940 quibus
828 2861 916 2922 aliubi
932 2879 1017 2938 quam
1032 2863 1063 2920 in
1078 2861 1141 2919 ioci-

132 2963 215 3006 nere.
254 2945 302 3010 75.
329 2964 404 3024 quae
423 2948 467 3006 vls
485 2949 558 3008 eius.
600 2944 649 3009 76.
673 2946 776 3024 quibus
802 2955 918 3007 crescat
941 2964 1004 3006 cum
1027 2945 1095 3006 luna
1119 2951 1144 3003 et

133 3030 287 3092 decrescat
309 3033 401 3092 iocur.
435 3031 619 3112 haruspicum
635 3032 712 3090 circa
732 3049 767 3092 66
783 3031 1008 3092 observationes
1032 3039 1064 3092 ct
1082 3045 1144 3108 pro·

133 3115 211 3193 digia
231 3113 336 3204 mira).
376 3115 449 3196 (77)
465 3115 646 3196 praecordia.
675 3117 771 3175 risuus
790 3125 901 3176 natura.
933 3113 1006 3196 (78)
1026 3115 1063 3176 de
1080 3132 1144 3173 ven-

134 3208 197 3276 tre,
222 3201 326 3280 quihus
349 3202 452 3262 nullus.
485 3220 559 3285 quap
582 3198 645 3260 sola
665 3209 791 3268 vomant.
829 3199 903 3280 (79)
919 3199 1028 3277 166166,
1047 3199 1144 3272 hillae,

133 3285 234 3364 alvus,
254 3287 351 3349 colon.
389 3305 479 3365 quare
498 3285 640 3364 quaedam
657 3286 832 3346 insatiabilia
848 3285 990 3346 animalia.
1021 3282 1095 3362 (80)
1112 3283 1144 3342 66

135 3381 265 3448 omento,
283 3372 319 3432 66
336 3371 454 3450 splene,
471 3371 575 3448 quibus
592 3370 755 3430 animalium
773 3389 831 3431 non
847 3372 893 3431 sit.
929 3368 1001 3447 (81)
1018 3368 1054 3430 66
1072 3370 1133 3428 reni

133 3455 196 3516 bus.
233 3457 281 3516 ubi
304 3457 436 3534 quaterni
463 3455 652 3533 animalibus,
679 3456 783 3534 quibus
810 3455 891 3514 nulli.
928 3452 1003 3534 (82)
1031 3461 1144 3533 pectus,

134 3551 252 3617 costae,
283 3538 359 3618 (83)
379 3540 494 3616 vesica,
524 3540 628 3619 quibus
658 3540 827 3600 animalibus
852 3557 912 3600 uon
937 3541 990 3622 sit,
1017 3539 1077 3600 ilia.
1113 3537 1145 3597 u.
