2302 3938
27 149 30 156 Ι
131 183 191 246 184
367 163 372 172 ’
504 165 817 239 c.1>n1'u1snounn1

130 363 267 414 terraneo
292 347 384 410 altera
405 347 530 426 Augusti
551 346 665 407 colonia
687 341 733 406 est
753 345 853 406 Bnbba
868 344 940 406 lulla
955 343 1134 424 Campestris

132 434 298 516 appellata,
320 441 350 494 et
370 433 456 494 tertia
471 429 583 492 Banasa
601 428 707 492 LXXV
721 428 751 490 bl
766 429 901 491 Valentia
921 428 1144 508 cognominatal

132 521 169 583 ab
182 537 218 580 ea
230 514 340 579 XXXV
348 514 532 596 llpassuum.
548 513 688 574 Volubile
706 513 844 593 oppidum
860 514 1026 575 tantundem
1037 532 1056 574 a
1069 517 1135 572 mari
1143 509 1144 524 ²

133 615 259 683 utroque
275 601 395 662 distans.
412 609 441 660 at
456 602 485 660 in
500 615 552 660 ora
569 596 706 660 abixoL
720 596 750 658 bl
764 599 854 658 amnis
869 597 1004 658 Sububus
1019 607 1136 678 praeter

133 688 274 750 Banasam
290 685 434 746 coloniam
449 683 597 759 delluens,
613 683 783 761 magnificus
800 692 830 743 et
844 682 1025 760 navigabilis.
1047 682 1090 744 ab
1109 693 1144 742 eot

133 767 298 833 tutidemll
318 786 396 848 pass.
419 767 558 846 oppidum
577 766 646 828 Sala
663 767 794 828 eiusdem
814 768 935 828 nominis
950 767 1039 827 fluvio
1058 767 1136 846 inpo-

134 859 237 931 situm,
263 855 320 914 ianr
345 851 547 912 solitudinibus
561 851 686 911 ricinum
701 850 979 930 elephantorumque
995 851 1138 928 gregibus

133 940 283 1014 infestum,
308 936 398 998 multo
422 945 519 997 tamen
539 937 633 1014 magis
657 934 827 996 Autololum
848 945 953 1014 gente,
976 953 1031 1014 per
1055 954 1139 1015 quam

105 1027 189 1090 diter
204 1031 250 1084 est
264 1021 301 1084 ad
316 1030 442 1084 montem
457 1019 578 1082 Alrioae
597 1013 649 1080 vel
663 1018 907 1080 fabulosissimum
922 1019 1087 1080 Atlantem.
1119 1019 1138 1078 E

135 1107 238 1168 mediis
258 1106 334 1168 bunc
354 1105 469 1167 harenis
496 1107 525 1164 in
550 1102 664 1165 caelum
685 1103 779 1164 attolli
801 1103 973 1182 prodidere,
999 1119 1146 1181 asperum

135 1191 316 1271 squalentem
338 1208 395 1270 qua
417 1198 521 1267 vergat
536 1189 573 1250 ad
595 1187 680 1249 litora
695 1189 799 1248 oceani
815 1188 861 1248 cui
876 1203 1041 1266 cognomen
1058 1189 1139 1266 inpo-

135 1277 208 1354 suit,
238 1275 360 1336 eundem
387 1291 509 1352 opacum
532 1289 775 1352 nemorosumque
800 1281 831 1332 et
853 1271 997 1332 scatebris
1019 1271 1141 1332 fontium

135 1363 248 1438 riguum
280 1376 336 1437 qua
361 1365 478 1437 spectet
506 1355 651 1432 Africam,
680 1355 821 1417 fructibus
848 1358 971 1416 omnium
996 1375 1141 1434 generum

136 1452 241 1522 sponte
266 1443 305 1501 ita
331 1440 573 1502 subnascentibus
601 1450 632 1501 ut
656 1459 808 1520 numquam
831 1442 918 1501 satias
942 1439 1143 1520 voluptatibus

108 1529 223 1592 idasit.
251 1524 411 1586 incolarum
430 1527 574 1586 nemiuem
594 1523 718 1585 interdiu
733 1526 831 1602 cerni,
857 1525 945 1585 silere
961 1525 1060 1600 omnia
1079 1526 1144 1586 baut

137 1611 195 1672 alio
220 1627 305 1689 quarn
326 1609 510 1670 solitudinum
530 1609 670 1686 horrore,
699 1607 798 1670 subire
826 1609 941 1671 tacitam
966 1609 1144 1686 religionem

138 1696 248 1756 animos
270 1694 391 1773 propius
415 1693 616 1754 accedentium
637 1701 814 1772 praeterque
835 1692 988 1754 horrorem
1009 1693 1085 1752 elati
1102 1713 1144 1752 su·

137 1798 193 1860 per
211 1778 309 1838 nubila
327 1787 414 1857 atque
436 1779 465 1837 iu
487 1779 581 1837 vicina
602 1777 710 1837 lunaris
723 1777 837 1838 circuli.
867 1778 1148 1838 condemnantibus

136 1867 245 1924 micare
273 1861 383 1922 crebris
404 1861 534 1939 ignibus,
561 1861 744 1941 Aegipanum
767 1861 994 1940 satyrorumque
1021 1860 1148 1921 lascivia

137 1947 258 2027 inpleri,
283 1945 416 2006 tibiarum
438 1964 474 2006 ac
490 1945 606 2006 listulas
630 1953 714 2007 cautu
736 1953 994 2025 tympanorumque
1018 1955 1050 2004 et
1068 1955 1149 2089 cymp

137 2032 269 2092 balurum
284 2030 379 2088 sonitu
394 2038 538 2110 strepere.
574 2028 656 2090 llaec
673 2029 813 2090 celebrati
829 2039 965 2091 auctores
981 2030 1131 2108 prodider

137 2123 256 2194 praeter
280 2111 399 2174 Herculi
425 2123 455 2173 at
479 2113 590 2186 Perseo
617 2112 748 2174 laborata
776 2112 825 2174 ibi.
863 2115 986 2192 spatium
1013 2113 1053 2174 ad
1084 2133 1149 2174 eum

109 2201 297 2260 siumensum
311 2197 518 2277 incertumque.
546 2197 642 2258 Fuere
658 2207 687 2258 et
700 2197 847 2259 Hannonis
863 2195 1149 2276 Carthaginiensium

139 2283 220 2343 ducis
257 2282 452 2341 commentarii
478 2280 594 2341 Punicis
620 2281 710 2341 rebus
740 2282 952 2343 lloreutissimis
982 2282 1149 2361 explorare

139 2364 274 2426 ambitum
289 2363 410 2425 Africae
431 2366 519 2442 iussi,
542 2383 628 2445 quern
648 2368 743 2426 secuti
764 2367 898 2446 plerique
914 2385 931 2427 a
946 2364 1073 2428 Graecis
1096 2383 1147 2426 no·

138 2450 265 2527 atrisque
283 2457 313 2509 et
329 2449 386 2510 alia
401 2449 518 2528 quidem
538 2449 674 2510 fabulosa
696 2459 727 2510 et
748 2450 826 2510 urbis
841 2451 945 2512 multas
960 2449 998 2511 ab
1018 2467 1058 2510 eo
1077 2467 1149 2511 con-

139 2535 211 2594 ditas
237 2532 277 2593 ibi
304 2533 479 2612 prodidere,
502 2552 621 2612 quarum
642 2552 699 2594 nec
724 2536 863 2596 memoria
883 2534 943 2596 ulla
970 2552 1028 2594 nec
1053 2523 1149 2595 visti·

110 2619 216 2696 ligium
231 2625 336 2678 exstat.
371 2618 511 2696 Scipione
531 2617 696 2678 Aemiliano
711 2637 760 2678 res
781 2619 810 2678 iu
824 2618 926 2679 Africa
940 2627 1068 2697 gerente
1092 2619 1149 2678 Po·

134 2702 234 2778 'lybius
263 2701 407 2762 annalium
435 2701 569 2772 conditor
599 2701 636 2762 ab
662 2719 700 2762 eo
727 2711 850 2780 accepta
873 2701 970 2762 classe
992 2705 1149 2762 scrutandi

138 2785 216 2847 illius
242 2784 322 2846 orbis
351 2787 445 2864 gratia
474 2787 685 2847 circumuectus
718 2785 846 2866 prodidit
874 2795 1012 2848 amonte
1039 2804 1080 2848 ao
1110 2785 1149 2846 ad

133 2888 268 2934 occasum
288 2887 394 2931 versus
415 2870 526 2932 saltuus
547 2870 653 2948 plenos
674 2870 748 2932 ieris
769 2888 840 2950 quas
855 2879 980 2949 generat
993 2870 1101 2930 Africa
1117 2887 1149 2928 a<

132 2953 239 3016 flumen
260 2955 378 3014 Anatim
399 2951 679 3016 cccclxxxxw
698 2953 728 3015 bl
753 2973 898 3035 passuum.
934 2954 970 3015 ab
990 2971 1030 3015 ao
1045 2953 1149 3013 Lixum

133 3035 209 3099 CCV
229 3037 260 3098 bl
283 3055 419 3118 passuum
439 3040 589 3118 Agrippa,
618 3037 719 3100 Linum
745 3057 763 3100 a
789 3037 930 3100 Gaditano
958 3039 1037 3100 ireto
1069 3035 1149 3096 GXll

129 3120 162 3184 ll
175 3141 312 3202 passuum
326 3122 445 3184 abesse.
470 3121 539 3183 inde
554 3123 646 3183 sinum
666 3125 715 3202 qui
730 3132 855 3184 vocetur
868 3123 987 3202 Sagigi,
1008 3120 1147 3202 oppidun

129 3205 720 3371 illiditi‘llliiibr“ilii
735 3205 1145 3372 iliberritani

131 3376 185 3453 lis,
208 3383 323 3454 portum
341 3373 521 3452 Rhysaddir,
549 3373 688 3436 Gaetulos
709 3375 885 3450 Autoteles,
905 3375 1011 3437 dumea
1031 3371 1143 3446 Quose

131 3479 212 3540 uum,
232 3467 339 3540 gentes
354 3457 501 3521 Velatitos
518 3467 548 3522 et
563 3457 711 3539 blasatos,
731 3458 838 3524 damen
858 3459 1017 3538 blasatbat,
1038 3457 1149 3519 dumet
