2396 3940
151 145 219 214 266
442 204 446 226 s
499 143 528 200 o.
546 144 647 199 mnu
665 141 823 200 suenum

95 298 260 377 attgeuito
282 296 380 357 lueret
401 293 545 356 attributa
569 292 727 374 dependet.
753 309 861 370 ‘ursae
883 310 1024 355 mammas
1047 300 1160 371 quater·

149 405 203 448 nas
231 393 354 466 gerunt,
381 383 513 465 delphini
541 383 627 444 buras
654 384 687 444 in
713 384 772 444 ima
798 381 862 443 alvo
890 381 1014 463 papillas
1040 389 1163 463 tanum

149 493 206 539 neo
239 475 391 536 evidentes
422 482 453 535 et
483 472 605 553 paulum
635 473 668 534 in
698 471 831 534 oblieum
860 479 1022 552 porrectas.
1069 489 1162 551 neque

150 565 230 628 aliud
248 563 356 626 animal
373 566 405 626 in
423 579 515 624 oursu
533 561 682 624 lambitur.
718 569 751 624 et
772 561 923 624 eunome
946 569 1047 624 autem
1070 559 1163 624 vituli·

150 674 210 737 que
231 657 348 716 marini
368 653 503 714 mammis
524 653 663 714 nutriunt
685 651 773 713 setus.
843 693 845 700 -
1173 665 1182 704 ⁵

96 750 151 804 aee
219 738 279 806 ll.
306 736 382 824 (96)
415 741 533 803 lluliari
559 749 627 802 anto
655 742 817 820 septimum
843 757 978 802 mensem
1008 741 1163 821 proiauum

149 835 207 897 laet
235 831 354 913 inutile,
384 830 422 892 ala
452 849 487 892 eo
510 847 634 911 mense,
666 827 726 909 quo
755 829 859 892 vitales
887 837 1018 912 partus,¹
1037 828 1161 896 salubre.

148 923 299 1003 plerisque
327 927 428 982 autem
454 921 525 982 totis
551 921 689 980 mammis
715 926 804 999 atque
834 921 925 982 etiam
952 919 1073 984 dmum
1101 921 1162 982 sinu

148 1010 222 1073 fluit
267 1008 373 1072 cameli
394 1008 453 1072 leot
474 1007 586 1070 habent
607 1009 703 1072 donee
731 1011 843 1070 iterum
869 1018 1054 1088 graveseaut
1100 1027 1161 1070 sua·

47 1143 58 1170 .
148 1102 302 1161 vissimum
325 1098 355 1160 id
374 1101 560 1162 existimatur
582 1097 619 1159 ad
642 1115 734 1160 unone
755 1115 928 1160 mensuram
949 1097 1051 1161 trihus
1074 1113 1192 1178 quaero

148 1188 264 1251 additis.
309 1187 364 1249 bos
387 1196 455 1249 ante
477 1195 597 1268 partum
620 1186 806 1270 nonhabet,
834 1195 864 1250 et
886 1190 983 1268 primo
1007 1205 1162 1268 sempera

148 1285 236 1360 partu
255 1277 401 1339 colostrae
419 1277 503 1358 flunt,
525 1279 557 1338 ni
575 1277 774 1340 admisceatur
790 1295 877 1360 aqua,
898 1279 931 1340 in
951 1279 1084 1358 pumicis
1106 1295 1161 1338 mo

149 1368 221 1430 dum
249 1373 375 1428 coeunte
405 1365 524 1428 duritia.
569 1368 669 1428 asinoe
697 1375 875 1448 praegnates
903 1369 1051 1430 continuo
1078 1366 1161 1428 noe·

148 1465 245 1518 scunt
288 1455 386 1536 pullos
407 1473 520 1538 earum,
542 1453 595 1518 ubi
617 1457 727 1537 pingue
750 1455 901 1538 pabulum,
922 1455 1014 1518 biduo
1038 1475 1057 1517 a
1079 1465 1161 1537 partu

148 1553 316 1610 maternum
344 1544 404 1606 laet
431 1553 566 1625 grmtesse
597 1545 684 1608 letale
713 1553 769 1609 est.
816 1563 911 1624 genus
943 1545 1013 1608 mali
1044 1554 1192 1608 vocatus

150 1635 329 1698 colostratio.

95 1733 148 1784 sat
216 1725 327 1787 Caseus
349 1742 410 1786 uon
432 1724 466 1786 ut
488 1743 525 1785 ex
547 1726 700 1804 utrimque
722 1724 864 1807 dentatis,
891 1726 1033 1806 pronum
1062 1743 1161 1788 eorum
1191 1763 1192 1778 ι

149 1815 206 1876 laet
229 1833 289 1875 non
312 1815 381 1876 ooit.
421 1815 631 1875 tenuissimum
653 1813 783 1896 camelis,
804 1805 992 1896 mon'equis,
1005 1815 1161 1878 erassissi-

94 1910 148 1961 238
157 1921 240 1964 mum
262 1905 375 1985 asinae,
402 1911 437 1964 ut
459 1921 519 1983 quo
542 1901 659 1983 eoaguli
681 1905 744 1965 vioe
768 1911 899 1966 utantur.
945 1903 1086 1966 eoniorre
1114 1903 1160 1964 ali·

149 1992 220 2072 quid
248 1999 279 2054 et
305 1992 428 2053 candori
453 1994 485 2054 in
511 1992 672 2054 mulierum
699 1999 768 2054 oute
790 1995 986 2056 existimatur.
1026 1992 1191 2074 Poppaeae

148 2089 230 2143 certe
248 2081 359 2143 Domiti
376 2079 504 2143 Neronis
522 2083 653 2144 coniunx
674 2085 852 2162 quingentas
870 2101 925 2163 per
943 2085 1042 2144 omnia
1060 2101 1160 2146 seeum
1190 2099 1191 2130 l

148 2170 222 2232 letes
240 2170 362 2234 trahens
380 2170 553 2234 balnearum
571 2173 660 2233 etiam
678 2171 754 2234 solio
770 2179 868 2234 totum
886 2189 997 2253 eorpus
1013 2171 1066 2234 illo
1086 2173 1159 2234 laete

147 2257 327 2342 macerabat,
350 2260 470 2322 extendi
493 2279 612 2340 quoque
640 2267 740 2323 eutem
767 2261 902 2324 eredens.
947 2279 1036 2324 omne
1064 2271 1159 2324 autom

147 2349 215 2428 igne
238 2351 396 2431 spissatur,
423 2368 528 2412 umore
556 2351 704 2414 fervescit.
748 2349 895 2414 bubulum
920 2369 1007 2412 oeseo
1034 2351 1159 2414 fertilius

148 2455 236 2517 quam
264 2440 432 2521 caprinum,
464 2458 501 2501 ex
528 2439 632 2500 eadem
657 2458 799 2502 mensura
825 2458 920 2521 paene
947 2439 1041 2502 altero
1070 2449 1188 2504 sonmo

147 2545 223 2607 quae
249 2526 351 2608 plures
375 2531 528 2608 quaternis
556 2545 697 2591 mammas
724 2529 834 2592 hebent
861 2547 948 2592 easeo
974 2530 1104 2616 inutilia,
1129 2541 1156 2592 et

110 2649 118 2663 ·
147 2617 269 2679 meliora
292 2635 366 2697 quae
390 2616 483 2678 binas.

220 2794 234 2842 1
259 2788 400 2858 dependet
416 2794 448 2845 B.
480 2789 561 2846 -dent
576 2795 612 2844 Ι.
645 2789 707 2846 -dat
728 2789 767 2845 α’.
798 2789 932 2846 defendat
952 2795 1005 2848 ne
1038 2809 1101 2848 ·nss
1120 2793 1152 2846 ⁸¹.
1188 2811 1189 2828 ι

145 2858 290 2914 deseendit
305 2877 331 2919 o.
416 2861 586 2918 tlambitur
602 2867 659 2918 lo.
686 2861 746 2918 lei>
764 2867 796 2920 n
823 2861 901 2920 amb·
918 2879 942 2918 r.
1024 2863 1152 2922 emerissi

145 2931 216 2986 eoei.
229 2930 296 2986 Dat.
315 2933 366 2999 cfr.
376 2932 464 2988 Arist.
478 2933 503 2988 t.
518 2949 544 2992 a.
555 2937 648 2990 Illae
657 2949 689 3002 p.
700 2934 854 3000 6111124.
873 2949 924 2990 om.
939 2935 998 2990 lto.
1067 2943 1150 3006 epre

144 3000 238 3058 fusum
255 3008 312 3058 Io.
339 3003 416 3074 pref·
434 3009 465 3059 n.
490 3003 584 3060 lusum
601 3021 624 3060 r.
698 3010 768 3064 'leo
784 3004 909 3066 wile.
932 3005 993 3062 eius
1009 3023 1033 3062 r.
1059 3009 1064 3074 Ι
1087 3023 1149 3076 equo

144 3078 176 3130 Ι.
199 3073 275 3142 quod
288 3074 355 3130 1³¹0..
435 3082 451 3130 9
470 3075 529 3134 leot
546 3076 602 3146 (lae
619 3077 653 3145 B)
671 3075 779 3132 habent
794 3077 942 3136 mano.
968 3077 1016 3137 lae
1033 3078 1116 3134 leben
1130 3093 1149 3134 r.

217 3150 251 3202 10
268 3145 299 3200 id
312 3150 374 3204 112.
398 3145 445 3204 hie
463 3165 486 3204 r.
510 3147 608 3204 hoco
680 3153 712 3202 11
733 3148 785 3206 boa
798 3148 924 3205 nlt'o.
951 3149 1149 3220 bier.lhnbet
1187 3161 1188 3198 ἕ

145 3219 175 3272 et
191 3217 411 3275 Hlthebeent
429 3219 500 3288 (ent
517 3219 556 3289 ιιι)
576 3235 610 3274 ex
627 3217 715 3279 netu.
746 3219 841 3280 hebet
860 3219 903 3276 Ex
919 3237 945 3276 o.
1024 3223 1148 3292 lttperlu

59 3318 62 3324 .
145 3287 263 3342 ltn’do.
287 3290 359 3343 -tum
372 3289 415 3346 1³².
438 3306 490 3358 per
503 3294 534 3344 B.
557 3291 668 3362 partum
682 3307 707 3346 e.
723 3291 728 3359 Ι
743 3291 863 3362 pumiois
877 3293 937 3351 ue.
956 3309 1075 3363 spumeo
1084 3292 1148 3348 noi.

145 3357 318 3428 10115239.
341 3364 372 3416 at
388 3376 414 3413 u.
432 3375 493 3414 ooo.
512 3360 565 3416 loo.
579 3378 611 3430 p.
621 3367 665 3416 11.
757 3369 790 3418 13
815 3365 987 3422 osunen·-
1072 3369 1104 3422 20
1124 3365 1147 3418 et

145 3427 260 3484 candori
277 3434 361 3483 lilio.
393 3445 428 3484 ex
446 3429 567 3486 esndore
584 3449 608 3487 r.
640 3433 673 3488 io
689 3439 715 3486 n
731 3433 876 3495 torum
913 3441 1034 3494 metent
1050 3441 1089 3492 eat
1105 3437 1146 3492 dot

143 3497 235 3552 modo:
257 3499 373 3566 aliquod
391 3503 421 3555 et
438 3500 544 3557 oendor
560 3501 633 3560 forre
652 3503 760 3573 aliquid
778 3508 809 3562 et
828 3522 882 3566 ean
901 3507 952 3563 ori
1035 3513 1071 3564 28
1087 3523 1145 3577 quo

143 3581 260 3648 rumque
278 3574 309 3624 lt.
342 3591 344 3596 ·
382 3576 417 3624 24
434 3587 532 3628 umore
550 3572 683 3632 ferueseit
701 3574 785 3645 (ierb-
798 3579 853 3647 lid)
867 3579 1035 3640 denuost.
1052 3577 1145 3650 ffigore

145 3639 259 3690 seresont
271 3638 358 3696 Baro.
377 3642 437 3697 coll.
451 3643 532 3700 Arist
544 3643 570 3698 la.
585 3661 612 3700 α.
626 3647 677 3698 III
681 3651 722 3704 20
731 3664 763 3716 Ρ.
774 3653 841 3718 521,
851 3653 895 3707 el.
