2396 3940
174 161 240 228 312
531 161 560 218 C.
580 157 680 218 ennii
699 155 858 214 sacuam

174 313 231 376 hoc
259 312 354 374 viride
385 321 444 394 est,
476 311 550 374 illud
581 307 748 372 candidum.
801 326 818 368 e
847 309 908 370 vite
938 299 1047 389 psithia
1069 309 1111 372 ‘iit
1140 323 1187 373 aut

174 404 323 484 amimea,
351 419 420 464 cum
443 410 513 464 sunt
536 402 613 463 acini
635 400 744 460 ciceris
766 397 983 481 magnitudine,
1010 407 1079 462 ante
1110 403 1188 461 canis

120 499 170 549 131
183 500 292 554 ortum.
337 493 369 552 in
391 493 487 571 prima
505 490 645 570 lanugine
664 487 826 550 demetitur
843 507 900 549 ura
919 489 1046 569 eiusque
1063 489 1189 569 melligo.

172 580 322 661 reliquum
349 599 460 660 corpus
487 579 549 642 sole
578 580 732 659 coquitur,
758 580 898 640 nocturni
925 595 1011 638 rores
1041 585 1191 640 caventur.

171 673 204 732 in
221 669 306 732 nenti
324 669 442 732 condita
465 669 584 750 melligo
607 667 767 749 colligitur,
789 665 916 728 subinde
939 675 971 728 et
990 667 1101 748 Cyprio
1126 687 1191 729 aere

172 767 317 822 servatur.
349 761 461 841 optima
480 777 555 840 quae
579 759 655 839 ruia,
678 758 836 836 acriorque
859 765 890 818 et
907 757 1029 818 aridior.
1063 760 1194 838 pretium

172 847 328 929 omphacio
351 851 384 910 in
406 849 499 910 libras
524 849 614 910 ilva
651 845 1034 928 reordinandum
1058 849 1094 916 in
1118 865 1192 908 mor·

171 939 256 998 tariis
279 955 336 1000 uva
358 940 508 1001 inmatura
530 940 639 1000 teritur
668 937 837 1016 siccataque
864 938 896 998 in
925 935 987 997 sole
1014 945 1128 1017 postea
1156 937 1193 996 di-

172 1027 287 1105 geritur
309 1029 342 1088 in
364 1028 508 1108 pastillos.
636 1075 640 1082 .

120 1123 170 1173 132
240 1109 299 1180 28.
323 1111 399 1200 (61)
422 1117 535 1179 Eodem
559 1123 590 1178 et
611 1115 707 1196 bryon
730 1115 871 1198 pertinet,
892 1133 948 1176 uva
971 1113 1082 1195 populi
1105 1114 1194 1176 albae.

172 1207 284 1288 optima
307 1209 386 1268 circa
409 1206 537 1268 Cnidum
559 1213 611 1267 aut
634 1203 751 1266 Cariam
773 1205 805 1266 in
828 1203 999 1266 sitientibus
1029 1211 1085 1266 aut
1111 1207 1195 1266 siccis

172 1299 356 1378 asperisque,
379 1296 509 1358 secunda
531 1297 563 1358 in
585 1293 693 1375 Lyciae
716 1293 815 1355 cedro.
860 1293 965 1355 eodem
989 1301 1021 1354 et
1046 1295 1193 1356 oenanthe

170 1387 315 1467 pertinet3
345 1393 391 1447 est
419 1394 520 1448 autem
546 1383 615 1446 vitis
644 1383 800 1446 labruscae
828 1403 899 1465 uva,
928 1382 1099 1466 colligitur,
1133 1403 1195 1445 cum

171 1474 272 1558 iloret,
301 1475 330 1536 id
360 1483 406 1537 est
433 1493 502 1536 cum
530 1476 641 1555 optime
655 1473 741 1556 olet,
771 1475 901 1534 siccatur
926 1475 958 1533 in
985 1471 1193 1534 umbrasu-

119 1570 274 1626 1auatrato
292 1564 384 1626 linteo
408 1573 496 1644 atque
519 1567 552 1625 in
575 1563 665 1624 cados
684 1563 831 1624 conditur.
863 1565 1025 1643 praecipua
1050 1581 1090 1624 ex
1111 1563 1195 1624 Para·

170 1655 315 1736 potamia,
347 1653 477 1716 secunda
512 1652 549 1714 ab
580 1652 736 1714 Antiochia
770 1659 859 1732 atque
893 1651 1045 1713 Laudicea
1082 1651 1187 1735 Syriae

171 1745 259 1804 tertia
282 1761 319 1804 ex
341 1742 495 1804 montibus
517 1741 649 1804 Medicis.
694 1741 768 1802 haee
791 1741 893 1804 utilior
915 1741 1096 1804 medicinae.
1138 1745 1193 1823 qui·

171 1829 239 1892 dam
266 1831 404 1894 omnibus
434 1832 482 1894 hia
509 1831 685 1912 praeierunt
712 1849 778 1893 eam
808 1849 883 1912 quae
910 1833 942 1892 in
969 1829 1073 1912 Cypro
1102 1833 1195 1894 insula

170 1921 313 1983 nascitur.
350 1940 419 1983 nam
443 1937 518 2001 quae
541 1923 574 1984 in
587 1919 687 1982 Africa
709 1921 744 1982 lit
767 1921 803 1982 ad
826 1920 958 1982 medicos
981 1928 1109 1982 tantum
1134 1941 1194 2003 per·

171 2012 247 2072 tinet
269 2018 452 2092 vocaturque
475 2012 625 2072 massaris.
662 2012 760 2072 omnis
783 2019 883 2072 autem
905 2029 943 2071 ex
965 2009 1033 2072 alba
1056 2011 1194 2074 labrusca

170 2103 370 2179 praestantior
393 2119 483 2181 quam
505 2102 638 2181 enigra.

119 2195 173 2244 134
241 2183 315 2273 (62)
351 2189 407 2251 Est
435 2198 592 2270 praeterea
619 2188 711 2272 arbor
741 2189 778 2250 ad
808 2189 911 2250 eadem
941 2199 1101 2270 unguenta
1132 2211 1194 2272 per·

170 2278 270 2338 tineus
293 2295 383 2357 quam
405 2279 455 2340 alii
478 2280 575 2342 elaten
599 2287 705 2342 vocant
727 2311 771 2324 --
795 2278 876 2360 quod
902 2297 958 2340 nos
985 2277 1124 2342 abietem
1148 2315 1194 2360 -,

170 2365 219 2427 alii
241 2366 382 2451 palmam,
405 2367 454 2429 alii
478 2354 621 2450 spbtham.
661 2369 798 2431 laudatur
820 2368 1033 2430 Hammoniaca
1055 2373 1194 2450 maxime,

169 2473 239 2518 mox
261 2456 417 2539 Aegyptia,
439 2456 509 2519 dein
533 2457 666 2540 Syriaca,
687 2459 839 2521 dumtaxat
865 2460 898 2519 in
920 2457 995 2519 locis
1017 2459 1193 2522 sitientibus

170 2545 275 2630 odora,
303 2549 408 2627 pingui
429 2547 564 2630 lacrima,
593 2549 722 2628 quaein
745 2555 897 2628 unguenta
925 2547 1048 2610 additur
1076 2549 1117 2610 ad
1148 2551 1192 2611 do·

169 2636 312 2698 mendum
335 2635 442 2697 oleum.
679 2688 683 2694 .

118 2730 170 2782 135
238 2719 314 2808 (63)
346 2725 380 2785 ln
404 2724 489 2806 Syria
511 2727 644 2806 gignitur
671 2734 701 2788 et
728 2728 898 2788 cinnamum
926 2727 1007 2808 quod
1034 2745 1192 2791 comacum

188 2985 190 2992 =
231 2949 513 3008 .2aminnea1on'ua.
530 2950 693 3008 mnne
713 2951 789 3009 -inea
801 2953 1045 3012 chananae.
1064 2956 1192 3010 nminnia

169 3026 215 3076 ad.
242 3023 246 3092 Ι
272 3025 386 3080 santii.
415 3023 574 3080 sintnldv.
603 3023 721 3080 sitit¹a.
812 3025 963 3082 bcondita
978 3032 1032 3081 no.
1061 3029 1124 3082 -tae
1143 3029 1189 3096 al

170 3093 283 3149 collitur
300 3100 332 3149 n.
361 3094 505 3151 colitura.
523 3097 621 3165 tetii.
641 3110 753 3153 maro.
827 3103 860 3152 12
878 3097 966 3167 Lycia
984 3098 1188 3154 eddoauGet.

200 3201 202 3206 ·
242 3171 276 3220 14
294 3165 362 3222 flore
380 3166 636 3224 naedd.aateGel.
715 3172 747 3222 15
766 3170 944 3238 atquendo.
971 3171 1059 3239 atque
1076 3169 1186 3226 iana

243 3243 276 3294 16
294 3237 436 3294 Laudicea
449 3255 505 3310 ego.
533 3253 594 3294 -cae
608 3238 695 3293 Nat.
723 3239 902 3296 Laodiceae.
934 3246 1023 3296 -eelt
1052 3241 1108 3297 -cie
1121 3241 1166 3295 iti.

170 3308 269 3376 Syriae
286 3325 311 3364 a.
335 3325 411 3378 sacy·
429 3314 461 3364 n.
488 3327 565 3380 asap-
584 3328 608 3366 r.
681 3315 715 3364 20
733 3312 866 3367 manaan-is
880 3313 964 3368 iodea
977 3313 1054 3380 tebet,
1067 3313 1184 3368 ed.an.

168 3387 260 3433 masa·
273 3378 510 3436 d²edd.aottcBaa.
528 3397 639 3451 masya·
652 3380 725 3436 an’.
742 3383 813 3452 {yria
827 3383 885 3440 adi
902 3385 907 3452 Ι
923 3384 1014 3439 omnis
1025 3386 1185 3442 Reddam

168 3448 262 3505 Hard.
281 3448 355 3503 -ibns
368 3451 483 3507 rHcrd.
548 3457 589 3507 23‘
597 3469 683 3521 qnam
695 3458 790 3512 Baio.
810 3455 886 3524 quod
898 3461 930 3510 ἱ
992 3461 1027 3510 25
1042 3473 1110 3512 mox
1121 3455 1184 3510 Μ’

168 3521 214 3598 do.
229 3533 280 3599 ,ex
290 3535 313 3574 r.
386 3525 420 3576 28
440 3537 586 3578 comacum
600 3525 651 3591 (oei
663 3527 740 3596 -con)
754 3527 814 3583 edat
822 3526 1066 3583 obcaecaret.
1077 3543 1112 3582 aar
1124 3529 1183 3582 ind.

168 3585 241 3641 lehre.
254 3657 259 3670 ι
270 3589 320 3654 cfr.
333 3589 465 3659 meopte.
483 3593 509 3647 b.
523 3593 566 3662 pi.
580 3595 628 3646 Jx
636 3599 663 3661 7,
672 3601 702 3663 2,
720 3613 798 3666 owen
816 3603 908 3654 tornea
921 3597 1036 3653 Pliniana
1052 3599 1122 3654 nde
1140 3601 1183 3654 iu·

168 3655 277 3711 teiieaat.
315 3674 490 3716 commacum
507 3668 539 3730 it.
568 3669 714 3721 camacum
731 3669 846 3726 rHaed.
875 3685 1026 3740 caryopum
1041 3669 1130 3725 Raro.
