2544 3942
337 165 421 220 uer.
439 164 532 222 Hiar.
552 167 590 222 xi
609 173 715 224 ιι-ιι
735 171 862 240 (ae-44)
1044 171 1112 238 237

92 319 238 378 nascitur.
285 324 330 378 est
353 335 456 380 earum
479 335 575 398 genus
601 319 718 380 tunicas
746 337 815 380 suas
843 321 1026 384 trahentium
1054 341 1113 403 quo

92 403 214 469 cocleae
233 406 329 468 modo.
367 407 419 468 sed
438 407 545 469 harum
567 407 659 488 pedes
683 416 858 472 cernuntur.
895 410 1037 490 spoliatae
1060 431 1112 474 ex-

92 499 219 578 spirant.
265 499 291 558 si
318 515 489 578 accrevero,
516 498 630 558 iaciunt
652 497 867 578 chrysallidem.
912 501 1031 562 ficarios
1054 520 1104 562 cu·
1117 509 1167 558 118

92 585 168 648 lices
192 587 348 667 caprificus
372 593 508 670 generat,
535 587 723 649 cantharidas
750 588 904 650 vermiculi
928 591 1054 652 ficorum
1071 600 1115 654 ¹et

65 679 157 758 ⁵piri
187 685 217 738 et
246 695 357 757 peuces
388 684 419 738 et
447 677 647 757 cynacanthae
678 685 707 738 et
739 696 833 740 rosae.
879 697 1027 741 venenum
1056 681 1113 742 hoc

94 766 228 828 remedia
250 783 354 829 secum
377 765 475 828 habet.
512 766 574 828 alae
597 767 766 850 medentur,
789 767 898 848 quibus
921 769 1050 850 demptis
1072 770 1113 832 le-

92 855 152 918 tale
172 863 226 918 est.
259 875 366 918 rursus
385 855 440 918 alia
454 874 564 936 genera
583 857 713 919 culicum
731 875 871 920 acescens
890 866 996 922 natura
1010 862 1113 941 gignit,

93 947 206 1026 quippe
225 965 295 1008 oum
313 953 343 1008 et
361 948 392 1007 in
415 945 514 1008 nive*
536 948 726 1008 inveniantur
744 949 908 1009 vetustiore
927 947 1112 1012 vermiculi*

93 1035 178 1096 rutili
197 1068 239 1080 -
258 1043 377 1098 namet
399 1037 463 1116 ipsa
486 1039 537 1097 nix
559 1043 708 1098 vetustate
731 1037 857 1099 rufescit
875 1070 917 1082 —
940 1037 1013 1100 hirti
1035 1038 1112 1119 pilis,

50 1139 78 1178 ¹0
94 1122 157 1186 *in
180 1124 276 1186 Media
299 1125 420 1206 quidem
444 1124 606 1208 candidi*,
628 1125 802 1207 grandiores
825 1134 1049 1208 torpentesque.

161 1209 220 1289 36.
245 1207 319 1299 (42)
342 1214 443 1295 Gignit
460 1215 558 1296 aliqua
576 1223 608 1276 et
625 1218 809 1278 contrarium
828 1224 950 1278 naturae
975 1217 1102 1278 elemen-
1115 1223 1165 1272 119

93 1313 166 1366 tum.
203 1305 349 1384 siquidem
371 1307 403 1366 in
427 1303 516 1386 Cypri
539 1307 662 1366 aerariis
684 1305 855 1368 fornacibus
878 1313 909 1367 et
931 1306 1028 1368 medio
1051 1309 1113 1387 igni

94 1395 214 1455 maioris
244 1411 365 1456 muscae
394 1394 607 1474 magnitudinis
636 1394 716 1456 volat
744 1398 901 1476 pinnatum
933 1395 1112 1477 quadrupes.

93 1483 259 1565 appellatur
281 1483 416 1566 pyrallis,
438 1503 455 1545 a
478 1484 656 1564 quibusdam
679 1492 796 1566 pyrota.
842 1484 983 1565 quamdiu
1008 1493 1054 1546 est
1080 1488 1112 1546 in

51 1587 79 1628 ιι
93 1576 168 1657 igni,
191 1575 270 1635 vivit.
316 1591 385 1636 cum
408 1576 501 1635 evasit
523 1574 657 1655 longiore
679 1574 769 1655 paulo
791 1574 904 1657 volatu,
927 1577 1080 1636 emoritur.

162 1657 236 1747 (43)
259 1662 390 1744 llypanis
413 1663 520 1725 lluvius
543 1666 575 1724 in
598 1663 694 1725 Ponto
718 1666 798 1726 circa
822 1663 981 1726 solstitium
1006 1664 1165 1726 delert120

94 1755 248 1815 acinorum
266 1753 364 1833 effigie
383 1761 490 1815 tenues
508 1752 695 1814 membranas
714 1751 823 1833 quibus
842 1755 973 1835 erumpit
990 1753 1112 1816 volucre

94 1841 297 1924 quadrupedis
316 1843 497 1923 supradicti
516 1841 613 1925 modo,
636 1861 692 1904 neo
711 1842 790 1904 ultra
812 1861 908 1904 unum
930 1844 1010 1905 diem
1032 1845 1112 1924 vivit,

94 1931 173 1994 unde
202 1930 396 2004 hemerobion
424 1940 556 1994 vocatur.
606 1931 730 2012 reliquis
758 1931 862 1994 talium
882 1932 929 2010 ab
959 1934 1044 1994 initio
1076 1932 1112 1993 ad

52 2037 81 2078 20
95 2023 183 2084 linem
214 2024 376 2105 septenarii
406 2029 477 2084 sunt
506 2024 639 2105 numeri,
671 2021 760 2084 culici
795 2030 826 2083 et
860 2021 1031 2084 vermiculis
1065 2029 1112 2083 ter

95 2113 220 2194 septeni,
243 2131 352 2193 corpus
375 2111 561 2192 parientibus
584 2119 690 2191 quater
713 2113 837 2192 septeni.
878 2113 1058 2172 mutationes
1082 2120 1113 2172 et

94 2205 125 2263 in
144 2202 215 2262 alias
233 2204 344 2280 figuras
362 2203 507 2263 transitus
525 2203 612 2262 trinis
631 2209 683 2262 aut
702 2200 855 2281 quadrinis
873 2200 988 2262 diebus.
1012 2207 1112 2262 cetera

95 2311 131 2352 cx
149 2291 196 2351 his
209 2294 330 2370 pinnata
348 2299 490 2352 autumno
509 2292 572 2351 lere
591 2291 762 2352 moriuntur
780 2292 851 2352 tube
864 2293 994 2372 alarum,
1012 2289 1112 2351 tabani

96 2380 215 2460 quidem
239 2382 328 2441 etiam
351 2381 502 2441 caecitate.
547 2382 659 2440 muscis
682 2398 787 2441 umore
811 2381 998 2462 exanimatis,
1022 2382 1048 2440 si
1071 2382 1110 2440 ci·

55 2484 82 2525 ee
96 2487 168 2531 nere
192 2468 372 2550 condantur,
395 2468 473 2530 redit
495 2469 562 2528 vita.

162 2553 221 2622 37.
241 2551 315 2642 (44)
343 2557 429 2620 Nunc
447 2577 502 2638 per
526 2557 657 2636 singulas
680 2575 841 2636 corpomun
859 2566 960 2638 partes
983 2563 1102 2636 praeter
1112 2562 1162 2611 121

96 2653 153 2712 iam
176 2649 255 2710 dicta
277 2646 465 2709 membratim
488 2653 635 2707 tractetur
657 2645 791 2707 historia.

97 2774 309 2783 ...ff-.-mn-

166 2821 419 2894 2.3exspirento.
439 2820 521 2890 adsp-
536 2820 564 2874 ll
637 2819 840 2874 phoceae
913 2817 1110 2872 tremedin-

97 2895 158 2950 alec
171 2911 221 2950 om.
236 2893 392 2948 B¹dHord
409 2893 413 2961 Ι
428 2891 575 2947 medentur
588 2897 640 2944 lte.
666 2889 889 3014 lismepisdentur
901 2894 933 2943 n.
955 2888 1111 2943 remedian-

96 2970 182 3022 tund
212 2967 275 3022 elne
293 2964 469 3020 medicantur
486 2963 580 3019 Hord
659 2967 748 3016 8cnn
770 2959 808 3016 di
826 2960 1005 3016 inueniuntur
1024 2962 1111 3042 (reer-

96 3037 203 3094 riontur
225 3039 284 3094 edd.
303 3036 488 3104 oatcHard.)
512 3037 542 3090 et
566 3036 624 3091 lte.
662 3035 692 3088 et
713 3033 838 3103 detego
928 3032 997 3086 tin
1018 3031 1092 3086 me'

97 3109 210 3192 quidem
228 3109 376 3168 altitudine
394 3107 473 3164 rutili
491 3108 519 3162 ll.
524 3123 549 3162 o.
577 3104 728 3162 altitudine
741 3103 792 3161 del.
807 3119 862 3174 eqo
878 3103 1040 3172 trufetitlt.

17 3243 20 3247 ,
100 3187 132 3234 10
154 3179 184 3235 in
206 3181 300 3236 Media
322 3179 435 3250 quidem
458 3177 572 3234 candidi
594 3179 647 3233 hue
668 3177 829 3247 monmorde
852 3175 911 3231 coll.
930 3175 1019 3230 Arioi.
1041 3175 1065 3229 h
1085 3193 1111 3230 ιι

104 3199 399 3322 V19p.‚q.652B9
453 3250 692 3320 tlnliquaetc
725 3253 858 3318 -q.uoelt
887 3245 1017 3317 -.ιιιιιι12ῃ
1046 3263 1111 3331 -que

97 3325 175 3384 Εἰ.
190 3323 290 3392 -Ἣιιᾶᾱ
377 3321 650 3394 ttpyrotnlmme.
678 3321 1006 3402 -tollpyraustaocc
1023 3317 1112 3373 Arest.

98 3397 167 3452 Ῑι..ιι
187 3398 309 3452 121122
327 3396 388 3451 icit.
395 3411 496 3466 ,quae
517 3395 571 3449 huc
592 3409 650 3448 non
666 3393 815 3462 geminent.
924 3390 991 3445 151

99 3484 185 3523 -ner
259 3473 291 3522 17
310 3438 509 3522 uolucreded
520 3464 578 3521 cer
606 3479 719 3520 cresc.
797 3468 831 3518 18
850 3389 1111 3533 eleuaurupbbiepo.

99 3539 194 3611 pedes
213 3540 240 3595 il.
269 3555 373 3610 -.pese
451 3543 485 3592 20
503 3535 665 3593 vermiculis
684 3537 784 3591 Ianus.
812 3533 892 3590 liu.
921 3533 1004 3590 ·.lcv
1077 3539 1111 3589 23

98 3613 161 3668 tabe
180 3611 288 3668 alarum
308 3612 359 3682 (cel
375 3609 534 3682 pinnarum)
554 3625 600 3682 epo
619 3609 678 3666 coll.
693 3607 781 3664 Arist
800 3608 825 3662 h.
840 3623 867 3662 a.
882 3609 910 3657 V
914 3611 954 3662 20
971 3611 1030 3661 τῶν
1048 3623 1094 3661 ιιτ

100 3689 155 3753 ρῶν
174 3685 366 3752 ωιπωμένων
394 3698 445 3739 orn.
464 3683 523 3738 lto.
601 3686 635 3737 25
654 3679 715 3735 nito
731 3678 799 3733 Β*
786 3696 819 3734 ιιι
836 3695 891 3734 roa.
911 3695 934 3733 o
963 3677 1044 3734 iter.
