2340 3934
174 152 217 216 50
520 150 550 204 e.
568 149 668 204 numi
687 147 844 204 suenum

174 301 320 382 plicavere
353 301 478 380 quadam
510 319 576 378 sese
604 287 814 360 lamentatione
842 295 1066 378 complorantes,
1094 291 1157 360 teu

173 384 276 472 populi
299 391 400 452 dolore
429 397 462 451 nt
489 389 598 450 oblitus
621 389 810 468 imperatoris
837 406 871 448 ac
894 387 1101 448 munificentiae
1118 385 1153 444 ho·

173 483 241 541 nori
269 497 324 541 suo
352 481 515 559 exquisitae
537 479 613 539 flens
640 480 799 538 anniversus
827 482 1022 555 consurgeret
1047 476 1154 553 dirasque

121 579 155 626 22
173 569 315 649 Pompeio
345 587 418 649 quas
445 568 494 629 ille
524 586 593 629 mox
619 567 676 628 luit
702 570 918 647 inprecaretnr.
962 583 1116 646 pugnavere
1136 575 1154 622 u

175 657 294 720 Caesari
321 659 458 720 dictatori
484 660 574 718 tertio
603 655 758 718 consulatu
786 659 852 718 eius
878 657 984 736 viginti
1011 662 1103 715 oonua
1123 673 1154 732 pe·

175 747 251 809 dites
280 763 319 829 1),
354 749 525 827 iterumque
554 747 679 808 totidem
707 748 809 808 turriti
839 763 908 806 cum
938 745 1086 824 sexagenis
1110 761 1158 822 pro-t

174 838 389 917 pugnatoribus
417 836 521 897 eodem
548 855 608 916 quo
635 837 736 916 priore
764 854 889 896 numero
912 835 1046 915 peditum
1071 841 1097 894 et
1114 837 1158 912 part

175 930 309 1005 equitum
336 946 372 987 ex
396 927 519 988 adverso
542 927 715 1008 dimicante,
746 932 850 1005 postea
872 923 982 1003 singuli
1005 922 1158 1004 principibu

175 1014 296 1076 Claudio
320 1023 350 1077 et
372 1016 483 1076 Neroni
506 1017 537 1076 in
560 1017 814 1076 consummatione
837 1014 1042 1094 gladiatorum.

122 1115 155 1162 23
241 1104 337 1184 lpsius
361 1105 494 1166 animalis
517 1113 599 1166 tanta
621 1113 760 1166 narratur
786 1103 941 1166 clementia
965 1111 1068 1164 conua
1086 1104 1158 1162 minu

174 1193 285 1255 validos
308 1197 395 1256 utin
418 1213 508 1274 grege
531 1195 680 1274 pecudum
706 1197 896 1256 occurrentia
922 1211 1015 1255 manu
1038 1192 1145 1253 dimorea

174 1301 212 1344 ue
236 1283 315 1363 quod
338 1283 455 1345 obterat
477 1284 651 1363 inprudens.
700 1301 757 1344 neo
780 1286 839 1344 nisi
861 1283 994 1344 lacessiti
1017 1289 1114 1343 nocent
1131 1277 1152 1338 id

175 1391 232 1452 que
256 1393 324 1434 carm
347 1376 491 1454 gregatim
514 1391 633 1453 semper
655 1372 820 1455 ambulent,
847 1375 969 1434 minime
994 1391 1030 1432 cx
1053 1367 1135 1431 omnib

175 1463 304 1542 solivagi.
354 1465 489 1542 equitatu
518 1465 713 1524 circumventi
735 1463 870 1523 infirmos
897 1470 948 1523 aut
970 1463 1065 1522 fessos
1085 1459 1139 1519 vado

174 1560 290 1612 ratosne
313 1554 345 1612 in
368 1552 499 1613 medium
522 1571 627 1631 agmen
650 1555 809 1634 recipiunt,
831 1570 865 1612 ao
888 1552 970 1612 velut
991 1553 1109 1631 imperio
1127 1565 1138 1606 a

175 1643 288 1702 ratione
311 1644 469 1722 pervices
493 1641 631 1702 subeunt.
1158 1635 1159 1642 '

122 1740 155 1786 ‘24
242 1725 276 1792 8.
305 1725 357 1813 (8)
394 1729 479 1811 Capti
502 1731 659 1792 celerrime
682 1731 875 1792 mitificantur
896 1729 1003 1790 hordei
1028 1747 1102 1790 suco.
1130 1745 1159 1784 o·

174 1823 299 1899 piuntur
326 1827 424 1881 antem
452 1823 484 1880 in
506 1819 589 1881 ludia
611 1839 704 1881 uuum
733 1839 769 1881 ex
793 1821 911 1880 domitis
939 1828 1047 1899 agente
1074 1827 1159 1878 rectore

175 1911 226 1988 qui
253 1909 473 1989 deprehensum
500 1910 665 1972 solitarium
693 1908 866 1971 abactumve
894 1928 910 1970 a
937 1927 1030 1989 grege
1054 1906 1159 1968 verberet

174 1999 280 2080 lerum,
304 2017 362 2078 quo
384 2000 504 2079 fatigato
524 1999 708 2060 transcendit
731 2001 761 2060 in
780 2017 849 2060 eum
872 2017 928 2060 uec
947 2017 1038 2060 secus
1060 2017 1091 2058 ac
1106 1997 1153 2076 prio

174 2105 239 2148 rem
265 2091 351 2167 regit.
397 2088 495 2149 Africa
518 2089 611 2148 foveis
639 2091 730 2170 capit,
759 2091 791 2149 in
815 2107 888 2170 quas
911 2089 1070 2149 deerrante
1091 2087 1149 2162 aliqu

174 2179 311 2256 protinus
335 2180 427 2238 ceteri
451 2185 617 2257 congerunt
636 2197 744 2260 ramos,
768 2177 861 2238 moles
877 2178 1048 2259 devolvunt,
1069 2193 1141 2255 agger

121 2273 155 2320 25
175 2273 362 2348 construunt,
380 2269 521 2346 omnique
540 2269 568 2327 vi
587 2275 734 2328 conantur
752 2267 917 2329 extrahere.
941 2275 1011 2328 ante
1031 2261 1155 2327 domitant

174 2357 267 2433 gratia
290 2374 376 2435 reges
404 2359 539 2436 equitatu
562 2356 708 2435 cogebant
733 2355 893 2418 invallem
917 2375 1008 2417 manu
1032 2357 1154 2416 lactans

174 2443 262 2523 longo
285 2451 382 2506 tractu
406 2445 552 2528 fallacem,
580 2448 667 2507 cuius
689 2445 822 2507 inclusos
845 2448 918 2526 ripis
941 2447 1089 2526 fossisque
1109 2444 1160 2526 lant

173 2533 340 2595 domabant.
395 2544 603 2614 argumentum
640 2543 704 2596 erat
735 2553 837 2596 ramus
867 2536 987 2596 homine
1019 2527 1160 2616 porrigenti

174 2621 336 2684 clementer
366 2633 515 2704 acceptus,
567 2643 647 2686 nuno
678 2625 813 2688 dentium
845 2643 933 2687 cansa
959 2625 1055 2704 pedes
1085 2637 1160 2683 cornu

120 2721 154 2768 aa
174 2713 340 2774 iaculantur
362 2711 472 2793 alioqui
494 2714 690 2776 mollissimos
726 2715 910 2794 Trogodytae
934 2715 1108 2776 contermini
1125 2713 1160 2770 le·

174 2802 316 2884 thiopiae,
346 2805 398 2882 qui
420 2802 478 2863 hoo
502 2805 565 2864 solo
587 2812 695 2865 venatu
721 2803 854 2886 ahmtur,
883 2807 1068 2885 propinquas
1088 2801 1160 2862 idaeo

174 2909 278 2952 eorum
302 2893 507 2954 conscendunt
529 2893 659 2954 arbores.
705 2894 774 2955 inde
797 2897 890 2955 totius
917 2895 1044 2974 agminis
1066 2891 1160 2954 norissi-

173 2999 254 3040 mum
278 2980 421 3059 speculati
444 2990 592 3044 extremas
615 2985 646 3044 iu
669 2983 774 3044 clunes
797 2984 944 3044 desiliunt.
980 2983 1063 3043 laeva
1084 2980 1160 3060 adpre·

175 3139 254 3146 -m
260 3139 388 3148 --·--——-

244 3231 336 3294 tque,
353 3230 385 3280 B.
411 3228 415 3295 Ι
440 3225 495 3280 luit
511 3241 599 3296 penus
616 3225 692 3280 1²⁸¹.
721 3225 776 3280 luit
791 3244 815 3282 r.
887 3225 1029 3297 8singuli
1045 3245 1069 3282 u.
1092 3221 1160 3277 -lisll

245 3303 277 3350 16
301 3299 422 3352 subeunt
438 3314 463 3351 o.
492 3298 552 3350 -nte
574 3297 666 3350 Mul
696 3299 769 3352 -utes
788 3303 838 3353 dh.
866 3301 910 3352 -ut
926 3300 957 3353 et
977 3299 1041 3354 ΙΨ,
1072 3299 1160 3366 ἱστίων

171 3367 273 3422 madir
290 3368 350 3424 telo
366 3369 408 3423 oet
426 3369 480 3423 tale
497 3368 572 3437 quid.
664 3375 697 3422 19
720 3370 836 3424 uerbere
860 3371 889 3424 et
905 3369 997 3426 ferum
1020 3375 1044 3424 d.
1071 3367 1159 3422 uerbere

171 3441 273 3494 iterum
291 3445 322 3494 B.
387 3445 421 3493 23
436 3439 470 3503 ¹ui
489 3441 627 3494 conantur
644 3439 720 3494 1²⁵².
749 3444 886 3496 conanum
902 3441 981 3495 ΒΨ.
1008 3441 1159 3512 negentur

108 3519 110 3522 '
242 3516 277 3564 24
295 3527 375 3580 reges
396 3511 474 3564 Piet.
499 3511 554 3580 -gis
573 3511 644 3565 ιη’.
670 3519 727 3582 -gan
745 3513 783 3567 d1.
808 3529 886 3584 -gere
903 3529 926 3568 r.
947 3513 952 3582 Ι
972 3513 1119 3567 conuallem
1134 3524 1159 3558 ν

242 3585 276 3633 28
294 3581 475 3636 mollissimos
493 3586 517 3635 d.
542 3600 600 3636 -mo
618 3600 641 3636 r.
701 3589 736 3636 30
755 3584 978 3640 conscenduntur
995 3590 1026 3639 B.
1081 3587 1109 3636 31
1126 3577 1158 3632 nd·

170 3649 352 3714 prehenditur
370 3653 412 3706 Ρ.
441 3652 520 3722 depr·
540 3671 563 3706 r.
