<?xml version="1.0" encoding="UTF-8"?>
<!DOCTYPE html PUBLIC "-//W3C//DTD XHTML 1.0 Transitional//EN"
    "http://www.w3.org/TR/xhtml1/DTD/xhtml1-transitional.dtd">
<html xmlns="http://www.w3.org/1999/xhtml" xml:lang="en" lang="en">
 <head>
  <title>
</title>
<meta http-equiv="Content-Type" content="text/html;charset=utf-8" />
  <meta name='ocr-system' content='tesseract 3.04.00' />
  <meta name='ocr-capabilities' content='ocr_page ocr_carea ocr_par ocr_line ocrx_word'/>
</head>
<body>
  <div class='ocr_page' id='page_1' title='image "./naturalishistor02plingoog_0246.png"; bbox 0 0 2302 3938; ppageno 0'>
   <div class='ocr_carea' id='block_1_1' title="bbox 162 179 825 250">
    <p class='ocr_par' dir='ltr' id='par_1_1' title="bbox 162 179 825 250">
     <span class='ocr_line' id='line_1_1' title="bbox 162 179 825 250; baseline -0.009 -2"><span class='ocrx_word' id='word_1_1' title='bbox 162 179 224 250; x_wconf 77' lang='lat'>168</span> <span class='ocrx_word' id='word_1_2' title='bbox 506 195 537 244; x_wconf 89' lang='lat' dir='ltr'>c.</span> <span class='ocrx_word' id='word_1_3' title='bbox 559 195 656 242; x_wconf 79' lang='lat' dir='ltr'>eurus</span> <span class='ocrx_word' id='word_1_4' title='bbox 676 193 825 242; x_wconf 79' lang='lat' dir='ltr'>ssorum</span> 
     </span>
    </p>
   </div>
   <div class='ocr_carea' id='block_1_2' title="bbox 77 349 1142 3466">
    <p class='ocr_par' dir='ltr' id='par_1_2' title="bbox 109 349 1140 1190">
     <span class='ocr_line' id='line_1_2' title="bbox 162 349 1139 432; baseline -0.004 -18"><span class='ocrx_word' id='word_1_5' title='bbox 162 353 285 414; x_wconf 90' lang='lat' dir='ltr'>Crocus.</span> <span class='ocrx_word' id='word_1_6' title='bbox 313 352 376 432; x_wconf 91' lang='lat' dir='ltr'>ipsa</span> <span class='ocrx_word' id='word_1_7' title='bbox 391 349 477 412; x_wconf 90' lang='lat' dir='ltr'>abest</span> <span class='ocrx_word' id='word_1_8' title='bbox 493 351 693 430; x_wconf 88' lang='lat' dir='ltr'>promunturio</span> <span class='ocrx_word' id='word_1_9' title='bbox 713 368 766 410; x_wconf 90' lang='lat' dir='ltr'>suo</span> <span class='ocrx_word' id='word_1_10' title='bbox 784 350 860 429; x_wconf 87' lang='lat' dir='ltr'>quod</span> <span class='ocrx_word' id='word_1_11' title='bbox 876 359 994 412; x_wconf 87' lang='lat' dir='ltr'>vocatur</span> <span class='ocrx_word' id='word_1_12' title='bbox 1007 349 1139 412; x_wconf 86' lang='lat' dir='ltr'>Criunreto·</span> 
     </span>
     <span class='ocr_line' id='line_1_3' title="bbox 161 432 1139 518; baseline -0.003 -20"><span class='ocrx_word' id='word_1_13' title='bbox 161 456 237 518; x_wconf 85' lang='lat' dir='ltr'>pon,</span> <span class='ocrx_word' id='word_1_14' title='bbox 253 445 283 498; x_wconf 94' lang='lat' dir='ltr'>ut</span> <span class='ocrx_word' id='word_1_15' title='bbox 301 437 399 516; x_wconf 80' lang='lat' dir='ltr'>prodit</span> <span class='ocrx_word' id='word_1_16' title='bbox 414 435 565 515; x_wconf 77' lang='lat' dir='ltr'>Agrippa,</span> <span class='ocrx_word' id='word_1_17' title='bbox 585 452 600 494; x_wconf 93' lang='lat' dir='ltr'>a</span> <span class='ocrx_word' id='word_1_18' title='bbox 616 432 794 510; x_wconf 85' lang='lat' dir='ltr'>Cyrenarum</span> <span class='ocrx_word' id='word_1_19' title='bbox 809 437 1005 513; x_wconf 90' lang='lat' dir='ltr'>promunturio</span> <span class='ocrx_word' id='word_1_20' title='bbox 1019 435 1139 510; x_wconf 85' lang='lat' dir='ltr'>Phycunte</span> 
     </span>
     <span class='ocr_line' id='line_1_4' title="bbox 163 515 1139 599; baseline -0.005 -16"><span class='ocrx_word' id='word_1_21' title='bbox 163 521 272 584; x_wconf 89' lang='lat' dir='ltr'>CXXV</span> <span class='ocrx_word' id='word_1_22' title='bbox 301 521 360 581; x_wconf 92' lang='lat' dir='ltr'>mil.</span> <span class='ocrx_word' id='word_1_23' title='bbox 386 539 539 599; x_wconf 84' lang='lat' dir='ltr'>passuum,</span> <span class='ocrx_word' id='word_1_24' title='bbox 566 521 636 579; x_wconf 89' lang='lat' dir='ltr'>item</span> <span class='ocrx_word' id='word_1_25' title='bbox 662 515 821 579; x_wconf 91' lang='lat' dir='ltr'>Cadistoa</span> <span class='ocrx_word' id='word_1_26' title='bbox 851 517 947 580; x_wconf 90' lang='lat' dir='ltr'>Haleo</span> <span class='ocrx_word' id='word_1_27' title='bbox 973 519 1139 598; x_wconf 79' lang='lat' dir='ltr'>Peloponnesi</span> 
     </span>
     <span class='ocr_line' id='line_1_5' title="bbox 160 603 1140 684; baseline -0.007 -15"><span class='ocrx_word' id='word_1_28' title='bbox 160 605 279 683; x_wconf 87' lang='lat' dir='ltr'>LXXX,</span> <span class='ocrx_word' id='word_1_29' title='bbox 301 624 317 666; x_wconf 94' lang='lat' dir='ltr'>a</span> <span class='ocrx_word' id='word_1_30' title='bbox 340 603 486 684; x_wconf 90' lang='lat' dir='ltr'>Carpatho</span> <span class='ocrx_word' id='word_1_31' title='bbox 505 603 598 680; x_wconf 89' lang='lat' dir='ltr'>insula</span> <span class='ocrx_word' id='word_1_32' title='bbox 619 603 820 682; x_wconf 91' lang='lat' dir='ltr'>promunturio</span> <span class='ocrx_word' id='word_1_33' title='bbox 838 603 980 664; x_wconf 90' lang='lat' dir='ltr'>Samoneo</span> <span class='ocrx_word' id='word_1_34' title='bbox 1001 603 1049 664; x_wconf 92' lang='lat' dir='ltr'>LX</span> <span class='ocrx_word' id='word_1_35' title='bbox 1063 604 1110 663; x_wconf 92' lang='lat' dir='ltr'>mil.</span> <span class='ocrx_word' id='word_1_36' title='bbox 1122 605 1140 662; x_wconf 90' lang='lat' dir='ltr'>in</span> 
     </span>
     <span class='ocr_line' id='line_1_6' title="bbox 162 687 1140 753; baseline -0.008 0"><span class='ocrx_word' id='word_1_37' title='bbox 162 693 308 753; x_wconf 80' lang='lat' dir='ltr'><strong>favonium</strong></span> <span class='ocrx_word' id='word_1_38' title='bbox 322 699 448 750; x_wconf 90' lang='lat' dir='ltr'>ventum.</span> <span class='ocrx_word' id='word_1_39' title='bbox 472 688 544 749; x_wconf 91' lang='lat' dir='ltr'>haec</span> <span class='ocrx_word' id='word_1_40' title='bbox 558 690 635 748; x_wconf 90' lang='lat' dir='ltr'>inter</span> <span class='ocrx_word' id='word_1_41' title='bbox 650 705 714 748; x_wconf 88' lang='lat' dir='ltr'>eam</span> <span class='ocrx_word' id='word_1_42' title='bbox 730 696 760 746; x_wconf 90' lang='lat' dir='ltr'>et</span> <span class='ocrx_word' id='word_1_43' title='bbox 775 687 906 748; x_wconf 89' lang='lat' dir='ltr'>Rhodum</span> <span class='ocrx_word' id='word_1_44' title='bbox 923 691 1076 749; x_wconf 83' lang='lat' dir='ltr'>interiacet.</span> <span class='ocrx_word' id='word_1_45' title='bbox 1100 687 1140 746; x_wconf 84' lang='lat' dir='ltr'>lle·</span> 
     </span>
     <span class='ocr_line' id='line_1_7' title="bbox 109 769 1136 854; baseline -0.004 -20"><span class='ocrx_word' id='word_1_46' title='bbox 109 783 143 834; x_wconf 82' lang='lat' dir='ltr'>ol</span> <span class='ocrx_word' id='word_1_47' title='bbox 162 777 259 854; x_wconf 89' lang='lat' dir='ltr'>liquae</span> <span class='ocrx_word' id='word_1_48' title='bbox 274 776 352 834; x_wconf 93' lang='lat' dir='ltr'>circa</span> <span class='ocrx_word' id='word_1_49' title='bbox 368 791 431 834; x_wconf 90' lang='lat' dir='ltr'>eam</span> <span class='ocrx_word' id='word_1_50' title='bbox 450 782 517 834; x_wconf 90' lang='lat' dir='ltr'>ante</span> <span class='ocrx_word' id='word_1_51' title='bbox 534 771 770 852; x_wconf 76' lang='lat' dir='ltr'>Peloponnesum</span> <span class='ocrx_word' id='word_1_52' title='bbox 789 771 862 833; x_wconf 90' lang='lat' dir='ltr'>duae</span> <span class='ocrx_word' id='word_1_53' title='bbox 877 769 1029 852; x_wconf 91' lang='lat' dir='ltr'>Corycoe,</span> <span class='ocrx_word' id='word_1_54' title='bbox 1049 772 1136 832; x_wconf 87' lang='lat' dir='ltr'>totiden</span> 
     </span>
     <span class='ocr_line' id='line_1_8' title="bbox 161 854 1138 937; baseline -0.003 -18"><span class='ocrx_word' id='word_1_55' title='bbox 161 859 274 936; x_wconf 80' lang='lat' dir='ltr'><strong>Mylae,</strong></span> <span class='ocrx_word' id='word_1_56' title='bbox 290 867 320 918; x_wconf 90' lang='lat' dir='ltr'>et</span> <span class='ocrx_word' id='word_1_57' title='bbox 337 857 431 918; x_wconf 89' lang='lat' dir='ltr'>latere</span> <span class='ocrx_word' id='word_1_58' title='bbox 450 857 674 937; x_wconf 75' lang='lat' dir='ltr'>septentrionali</span> <span class='ocrx_word' id='word_1_59' title='bbox 690 855 792 916; x_wconf 87' lang='lat' dir='ltr'>dextra</span> <span class='ocrx_word' id='word_1_60' title='bbox 809 854 926 917; x_wconf 90' lang='lat' dir='ltr'>Cretam</span> <span class='ocrx_word' id='word_1_61' title='bbox 941 857 1055 918; x_wconf 83' lang='lat' dir='ltr'>habenti</span> <span class='ocrx_word' id='word_1_62' title='bbox 1068 865 1138 916; x_wconf 86' lang='lat' dir='ltr'>contr</span> 
     </span>
     <span class='ocr_line' id='line_1_9' title="bbox 163 940 1138 1020; baseline -0.006 -17"><span class='ocrx_word' id='word_1_63' title='bbox 163 942 330 1020; x_wconf 81' lang='lat' dir='ltr'>Cydoneam</span> <span class='ocrx_word' id='word_1_64' title='bbox 343 941 441 1004; x_wconf 91' lang='lat' dir='ltr'>Leuce</span> <span class='ocrx_word' id='word_1_65' title='bbox 460 951 490 1003; x_wconf 92' lang='lat' dir='ltr'>et</span> <span class='ocrx_word' id='word_1_66' title='bbox 505 941 578 1002; x_wconf 91' lang='lat' dir='ltr'>duae</span> <span class='ocrx_word' id='word_1_67' title='bbox 594 940 725 1018; x_wconf 82' lang='lat' dir='ltr'>Budroe,</span> <span class='ocrx_word' id='word_1_68' title='bbox 743 949 845 1002; x_wconf 92' lang='lat' dir='ltr'>contra</span> <span class='ocrx_word' id='word_1_69' title='bbox 859 941 977 1002; x_wconf 90' lang='lat' dir='ltr'>hlatium</span> <span class='ocrx_word' id='word_1_70' title='bbox 991 941 1054 1016; x_wconf 87' lang='lat' dir='ltr'>Dia,</span> <span class='ocrx_word' id='word_1_71' title='bbox 1068 949 1138 1000; x_wconf 89' lang='lat' dir='ltr'>contr</span> 
     </span>
     <span class='ocr_line' id='line_1_10' title="bbox 160 1023 1125 1106; baseline -0.005 -19"><span class='ocrx_word' id='word_1_72' title='bbox 160 1027 271 1088; x_wconf 87' lang='lat' dir='ltr'>Itanum</span> <span class='ocrx_word' id='word_1_73' title='bbox 299 1027 528 1106; x_wconf 89' lang='lat' dir='ltr'>promunturium</span> <span class='ocrx_word' id='word_1_74' title='bbox 552 1025 675 1102; x_wconf 81' lang='lat' dir='ltr'>Onysia,</span> <span class='ocrx_word' id='word_1_75' title='bbox 701 1023 817 1102; x_wconf 90' lang='lat' dir='ltr'>Leuce,</span> <span class='ocrx_word' id='word_1_76' title='bbox 843 1033 945 1087; x_wconf 87' lang='lat' dir='ltr'>contra</span> <span class='ocrx_word' id='word_1_77' title='bbox 969 1025 1125 1104; x_wconf 77' lang='lat' dir='ltr'>Hierapytna</span> 
     </span>
     <span class='ocr_line' id='line_1_11' title="bbox 162 1108 1135 1190; baseline -0.006 -18"><span class='ocrx_word' id='word_1_78' title='bbox 162 1110 291 1190; x_wconf 90' lang='lat' dir='ltr'>Chrysa,</span> <span class='ocrx_word' id='word_1_79' title='bbox 314 1110 442 1174; x_wconf 87' lang='lat' dir='ltr'>Gaudos.</span> <span class='ocrx_word' id='word_1_80' title='bbox 477 1109 581 1171; x_wconf 91' lang='lat' dir='ltr'>eodem</span> <span class='ocrx_word' id='word_1_81' title='bbox 608 1118 700 1170; x_wconf 90' lang='lat' dir='ltr'>tractu</span> <span class='ocrx_word' id='word_1_82' title='bbox 721 1108 883 1188; x_wconf 83' lang='lat' dir='ltr'>Ophiussa,</span> <span class='ocrx_word' id='word_1_83' title='bbox 910 1111 1021 1188; x_wconf 92' lang='lat' dir='ltr'>Butoa,</span> <span class='ocrx_word' id='word_1_84' title='bbox 1046 1109 1135 1168; x_wconf 77' lang='lat' dir='ltr'>Aradus</span> 
     </span>
    </p>

    <p class='ocr_par' dir='ltr' id='par_1_3' title="bbox 138 1192 1136 1274">
     <span class='ocr_line' id='line_1_12' title="bbox 138 1192 1136 1274; baseline -0.006 -17"><span class='ocrx_word' id='word_1_85' title='bbox 138 1248 143 1258; x_wconf 90' lang='lat'><em>.</em></span> <span class='ocrx_word' id='word_1_86' title='bbox 161 1198 422 1274; x_wconf 85' lang='lat' dir='ltr'>circumvectisque</span> <span class='ocrx_word' id='word_1_87' title='bbox 449 1192 660 1273; x_wconf 88' lang='lat' dir='ltr'>Criumetopon</span> <span class='ocrx_word' id='word_1_88' title='bbox 685 1201 745 1254; x_wconf 88' lang='lat' dir='ltr'>tres</span> <span class='ocrx_word' id='word_1_89' title='bbox 777 1194 981 1272; x_wconf 87' lang='lat' dir='ltr'>Acusagorus.</span> <span class='ocrx_word' id='word_1_90' title='bbox 998 1193 1136 1273; x_wconf 85' lang='lat' dir='ltr'>appellatae</span> 
     </span>
    </p>

    <p class='ocr_par' dir='ltr' id='par_1_4' title="bbox 160 1277 1137 1358">
     <span class='ocr_line' id='line_1_13' title="bbox 160 1277 1137 1358; baseline -0.007 -17"><span class='ocrx_word' id='word_1_91' title='bbox 160 1290 227 1341; x_wconf 92' lang='lat' dir='ltr'>ante</span> <span class='ocrx_word' id='word_1_92' title='bbox 244 1280 409 1340; x_wconf 89' lang='lat' dir='ltr'>Samonium</span> <span class='ocrx_word' id='word_1_93' title='bbox 425 1280 652 1358; x_wconf 87' lang='lat' dir='ltr'>promunturium</span> <span class='ocrx_word' id='word_1_94' title='bbox 664 1277 795 1356; x_wconf 92' lang='lat' dir='ltr'>Phocoe,</span> <span class='ocrx_word' id='word_1_95' title='bbox 807 1279 928 1356; x_wconf 89' lang='lat' dir='ltr'>Platiae,</span> <span class='ocrx_word' id='word_1_96' title='bbox 945 1277 1137 1354; x_wconf 83' lang='lat' dir='ltr'>Sirnides,llau</span> 
     </span>
    </p>

    <p class='ocr_par' dir='ltr' id='par_1_5' title="bbox 109 1361 1142 1780">
     <span class='ocr_line' id='line_1_14' title="bbox 109 1361 1133 1442; baseline -0.007 -17"><span class='ocrx_word' id='word_1_97' title='bbox 109 1371 143 1425; x_wconf 83' lang='lat'>62</span> <span class='ocrx_word' id='word_1_98' title='bbox 160 1365 279 1441; x_wconf 90' lang='lat' dir='ltr'>lochos,</span> <span class='ocrx_word' id='word_1_99' title='bbox 302 1363 485 1442; x_wconf 84' lang='lat' dir='ltr'>Harmedon,</span> <span class='ocrx_word' id='word_1_100' title='bbox 508 1361 656 1442; x_wconf 83' lang='lat' dir='ltr'>Zephyre.</span> <span class='ocrx_word' id='word_1_101' title='bbox 692 1363 732 1423; x_wconf 88' lang='lat' dir='ltr'>At</span> <span class='ocrx_word' id='word_1_102' title='bbox 752 1365 782 1423; x_wconf 91' lang='lat' dir='ltr'>in</span> <span class='ocrx_word' id='word_1_103' title='bbox 801 1363 940 1441; x_wconf 90' lang='lat' dir='ltr'>Hellade,</span> <span class='ocrx_word' id='word_1_104' title='bbox 963 1365 1107 1424; x_wconf 89' lang='lat' dir='ltr'>etiamnum</span> <span class='ocrx_word' id='word_1_105' title='bbox 1127 1363 1133 1418; x_wconf 91' lang='lat' dir='ltr'>i</span> 
     </span>
     <span class='ocr_line' id='line_1_15' title="bbox 161 1445 1139 1526; baseline -0.007 -16"><span class='ocrx_word' id='word_1_106' title='bbox 161 1449 304 1526; x_wconf 90' lang='lat' dir='ltr'>Aegaeo,</span> <span class='ocrx_word' id='word_1_107' title='bbox 326 1447 487 1526; x_wconf 88' lang='lat' dir='ltr'>Lichades,</span> <span class='ocrx_word' id='word_1_108' title='bbox 509 1447 666 1526; x_wconf 90' lang='lat' dir='ltr'>Soarphia,</span> <span class='ocrx_word' id='word_1_109' title='bbox 689 1445 820 1524; x_wconf 90' lang='lat' dir='ltr'>Corese,</span> <span class='ocrx_word' id='word_1_110' title='bbox 840 1449 981 1510; x_wconf 89' lang='lat' dir='ltr'>Phocasia</span> <span class='ocrx_word' id='word_1_111' title='bbox 1006 1447 1139 1526; x_wconf 79' lang='lat' dir='ltr'>conplures</span> 
     </span>
     <span class='ocr_line' id='line_1_16' title="bbox 161 1531 1139 1612; baseline -0.009 -17"><span class='ocrx_word' id='word_1_112' title='bbox 161 1551 217 1612; x_wconf 88' lang='lat' dir='ltr'>que</span> <span class='ocrx_word' id='word_1_113' title='bbox 232 1532 307 1593; x_wconf 92' lang='lat' dir='ltr'>aliae</span> <span class='ocrx_word' id='word_1_114' title='bbox 329 1551 368 1593; x_wconf 87' lang='lat' dir='ltr'>ex</span> <span class='ocrx_word' id='word_1_115' title='bbox 389 1532 514 1592; x_wconf 80' lang='lat' dir='ltr'>adverso</span> <span class='ocrx_word' id='word_1_116' title='bbox 531 1531 650 1592; x_wconf 85' lang='lat' dir='ltr'>Atticae</span> <span class='ocrx_word' id='word_1_117' title='bbox 668 1533 731 1592; x_wconf 88' lang='lat' dir='ltr'>sine</span> <span class='ocrx_word' id='word_1_118' title='bbox 749 1532 864 1612; x_wconf 86' lang='lat' dir='ltr'>oppidis</span> <span class='ocrx_word' id='word_1_119' title='bbox 881 1541 911 1593; x_wconf 93' lang='lat' dir='ltr'>et</span> <span class='ocrx_word' id='word_1_120' title='bbox 930 1531 1001 1594; x_wconf 91' lang='lat' dir='ltr'>ideo</span> <span class='ocrx_word' id='word_1_121' title='bbox 1016 1531 1139 1610; x_wconf 80' lang='lat' dir='ltr'>ignobiles</span> 
     </span>
     <span class='ocr_line' id='line_1_17' title="bbox 161 1615 1142 1694; baseline -0.005 -16"><span class='ocrx_word' id='word_1_122' title='bbox 161 1617 213 1678; x_wconf 91' lang='lat' dir='ltr'>sed</span> <span class='ocrx_word' id='word_1_123' title='bbox 228 1626 329 1677; x_wconf 92' lang='lat' dir='ltr'>contra</span> <span class='ocrx_word' id='word_1_124' title='bbox 340 1615 479 1678; x_wconf 88' lang='lat' dir='ltr'>Eleusina</span> <span class='ocrx_word' id='word_1_125' title='bbox 492 1615 570 1677; x_wconf 91' lang='lat' dir='ltr'>clara</span> <span class='ocrx_word' id='word_1_126' title='bbox 582 1615 715 1693; x_wconf 87' lang='lat' dir='ltr'>Salamis,</span> <span class='ocrx_word' id='word_1_127' title='bbox 730 1625 797 1676; x_wconf 91' lang='lat' dir='ltr'>ante</span> <span class='ocrx_word' id='word_1_128' title='bbox 810 1635 872 1677; x_wconf 90' lang='lat' dir='ltr'>eam</span> <span class='ocrx_word' id='word_1_129' title='bbox 884 1617 1043 1694; x_wconf 85' lang='lat' dir='ltr'>Psyttalia,</span> <span class='ocrx_word' id='word_1_130' title='bbox 1056 1635 1071 1676; x_wconf 90' lang='lat' dir='ltr'>a</span> <span class='ocrx_word' id='word_1_131' title='bbox 1082 1615 1142 1674; x_wconf 87' lang='lat' dir='ltr'>Suri</span> 
     </span>
     <span class='ocr_line' id='line_1_18' title="bbox 160 1693 1141 1780; baseline -0.003 -18"><span class='ocrx_word' id='word_1_132' title='bbox 160 1720 232 1763; x_wconf 84' lang='lat' dir='ltr'>vero</span> <span class='ocrx_word' id='word_1_133' title='bbox 251 1701 364 1762; x_wconf 91' lang='lat' dir='ltr'>Helene</span> <span class='ocrx_word' id='word_1_134' title='bbox 382 1701 409 1760; x_wconf 90' lang='lat' dir='ltr'>V</span> <span class='ocrx_word' id='word_1_135' title='bbox 427 1701 487 1760; x_wconf 92' lang='lat' dir='ltr'>mil.</span> <span class='ocrx_word' id='word_1_136' title='bbox 502 1719 579 1780; x_wconf 88' lang='lat' dir='ltr'>pass.</span> <span class='ocrx_word' id='word_1_137' title='bbox 601 1693 718 1760; x_wconf 87' lang='lat' dir='ltr'>distans.</span> <span class='ocrx_word' id='word_1_138' title='bbox 753 1700 821 1761; x_wconf 92' lang='lat' dir='ltr'>dein</span> <span class='ocrx_word' id='word_1_139' title='bbox 837 1699 915 1762; x_wconf 91' lang='lat' dir='ltr'>Ceos</span> <span class='ocrx_word' id='word_1_140' title='bbox 934 1702 969 1762; x_wconf 92' lang='lat' dir='ltr'>ab</span> <span class='ocrx_word' id='word_1_141' title='bbox 990 1719 1027 1762; x_wconf 90' lang='lat' dir='ltr'>ea</span> <span class='ocrx_word' id='word_1_142' title='bbox 1043 1700 1141 1761; x_wconf 86' lang='lat' dir='ltr'>totidem</span> 
     </span>
    </p>

    <p class='ocr_par' dir='ltr' id='par_1_6' title="bbox 77 1781 1141 2268">
     <span class='ocr_line' id='line_1_19' title="bbox 77 1781 1141 1867; baseline -0.006 -20"><span class='ocrx_word' id='word_1_143' title='bbox 77 1845 78 1848; x_wconf 73' lang='grc'>,</span> <span class='ocrx_word' id='word_1_144' title='bbox 161 1805 244 1867; x_wconf 89' lang='lat' dir='ltr'>quam</span> <span class='ocrx_word' id='word_1_145' title='bbox 259 1789 352 1847; x_wconf 88' lang='lat' dir='ltr'>nostri</span> <span class='ocrx_word' id='word_1_146' title='bbox 368 1785 482 1863; x_wconf 90' lang='lat' dir='ltr'>quidam</span> <span class='ocrx_word' id='word_1_147' title='bbox 497 1785 599 1846; x_wconf 84' lang='lat' dir='ltr'>dixere</span> <span class='ocrx_word' id='word_1_148' title='bbox 614 1783 718 1862; x_wconf 92' lang='lat' dir='ltr'>Ceam,</span> <span class='ocrx_word' id='word_1_149' title='bbox 735 1783 839 1846; x_wconf 84' lang='lat' dir='ltr'>Graeci</span> <span class='ocrx_word' id='word_1_150' title='bbox 858 1795 888 1846; x_wconf 89' lang='lat' dir='ltr'>et</span> <span class='ocrx_word' id='word_1_151' title='bbox 903 1785 1076 1862; x_wconf 90' lang='lat' dir='ltr'>Hydrusam,</span> <span class='ocrx_word' id='word_1_152' title='bbox 1092 1781 1141 1844; x_wconf 76' lang='lat' dir='ltr'>aul¹</span> 
     </span>
     <span class='ocr_line' id='line_1_20' title="bbox 160 1869 1139 1950; baseline -0.006 -18"><span class='ocrx_word' id='word_1_153' title='bbox 160 1890 220 1932; x_wconf 91' lang='lat' dir='ltr'>sam</span> <span class='ocrx_word' id='word_1_154' title='bbox 234 1871 393 1948; x_wconf 83' lang='lat' dir='ltr'>Euboeae,</span> <span class='ocrx_word' id='word_1_155' title='bbox 416 1869 441 1930; x_wconf 88' lang='lat' dir='ltr'>D</span> <span class='ocrx_word' id='word_1_156' title='bbox 461 1870 549 1948; x_wconf 88' lang='lat' dir='ltr'>longa</span> <span class='ocrx_word' id='word_1_157' title='bbox 570 1869 679 1930; x_wconf 89' lang='lat' dir='ltr'>stadios</span> <span class='ocrx_word' id='word_1_158' title='bbox 697 1870 751 1930; x_wconf 88' lang='lat' dir='ltr'>init</span> <span class='ocrx_word' id='word_1_159' title='bbox 767 1870 927 1950; x_wconf 89' lang='lat' dir='ltr'>quondam,</span> <span class='ocrx_word' id='word_1_160' title='bbox 949 1879 1027 1930; x_wconf 80' lang='lat' dir='ltr'>mox</span> <span class='ocrx_word' id='word_1_161' title='bbox 1040 1877 1139 1949; x_wconf 69' lang='lat' dir='ltr'>guattero</span> 
     </span>
     <span class='ocr_line' id='line_1_21' title="bbox 158 1951 1128 2033; baseline -0.006 -17"><span class='ocrx_word' id='word_1_162' title='bbox 158 1956 223 2016; x_wconf 87' lang='lat' dir='ltr'>lere</span> <span class='ocrx_word' id='word_1_163' title='bbox 245 1955 376 2033; x_wconf 92' lang='lat' dir='ltr'>partibus</span> <span class='ocrx_word' id='word_1_164' title='bbox 399 1972 473 2033; x_wconf 85' lang='lat' dir='ltr'>quae</span> <span class='ocrx_word' id='word_1_165' title='bbox 496 1954 533 2014; x_wconf 91' lang='lat' dir='ltr'>ad</span> <span class='ocrx_word' id='word_1_166' title='bbox 551 1954 704 2014; x_wconf 92' lang='lat' dir='ltr'>Boeotiam</span> <span class='ocrx_word' id='word_1_167' title='bbox 719 1956 883 2032; x_wconf 80' lang='lat' dir='ltr'>vergebant</span> <span class='ocrx_word' id='word_1_168' title='bbox 905 1954 1013 2016; x_wconf 89' lang='lat' dir='ltr'>eodem</span> <span class='ocrx_word' id='word_1_169' title='bbox 1036 1951 1128 2014; x_wconf 86' lang='lat' dir='ltr'>marii</span> 
     </span>
     <span class='ocr_line' id='line_1_22' title="bbox 158 2037 1138 2118; baseline -0.002 -21"><span class='ocrx_word' id='word_1_170' title='bbox 158 2041 269 2098; x_wconf 90' lang='lat' dir='ltr'>voratis</span> <span class='ocrx_word' id='word_1_171' title='bbox 291 2039 398 2117; x_wconf 91' lang='lat' dir='ltr'>oppida</span> <span class='ocrx_word' id='word_1_172' title='bbox 415 2037 504 2098; x_wconf 89' lang='lat' dir='ltr'>habet</span> <span class='ocrx_word' id='word_1_173' title='bbox 524 2038 638 2118; x_wconf 87' lang='lat' dir='ltr'>reliqua</span> <span class='ocrx_word' id='word_1_174' title='bbox 652 2037 760 2116; x_wconf 84' lang='lat' dir='ltr'>Iulida,</span> <span class='ocrx_word' id='word_1_175' title='bbox 785 2037 972 2118; x_wconf 85' lang='lat' dir='ltr'>Carthaeann,</span> <span class='ocrx_word' id='word_1_176' title='bbox 995 2038 1138 2100; x_wconf 81' lang='lat' dir='ltr'>intercidor</span> 
     </span>
     <span class='ocr_line' id='line_1_23' title="bbox 158 2119 1140 2202; baseline -0.002 -21"><span class='ocrx_word' id='word_1_177' title='bbox 158 2119 307 2200; x_wconf 87' lang='lat' dir='ltr'>Coresus,</span> <span class='ocrx_word' id='word_1_178' title='bbox 333 2121 495 2182; x_wconf 91' lang='lat' dir='ltr'>Poeeessa.</span> <span class='ocrx_word' id='word_1_179' title='bbox 534 2141 573 2182; x_wconf 86' lang='lat' dir='ltr'>ex</span> <span class='ocrx_word' id='word_1_180' title='bbox 591 2123 644 2184; x_wconf 91' lang='lat' dir='ltr'>hac</span> <span class='ocrx_word' id='word_1_181' title='bbox 660 2124 820 2202; x_wconf 88' lang='lat' dir='ltr'>proiectam</span> <span class='ocrx_word' id='word_1_182' title='bbox 836 2123 1041 2186; x_wconf 84' lang='lat' dir='ltr'>delicatiorem</span> <span class='ocrx_word' id='word_1_183' title='bbox 1060 2123 1140 2184; x_wconf 85' lang='lat' dir='ltr'>femini</span> 
     </span>
     <span class='ocr_line' id='line_1_24' title="bbox 158 2205 572 2268; baseline 0 -2"><span class='ocrx_word' id='word_1_184' title='bbox 158 2214 272 2267; x_wconf 88' lang='lat' dir='ltr'>vestem</span> <span class='ocrx_word' id='word_1_185' title='bbox 288 2214 390 2266; x_wconf 90' lang='lat' dir='ltr'>auctor</span> <span class='ocrx_word' id='word_1_186' title='bbox 406 2215 452 2266; x_wconf 90' lang='lat' dir='ltr'>est</span> <span class='ocrx_word' id='word_1_187' title='bbox 467 2205 572 2268; x_wconf 88' lang='lat' dir='ltr'>Varro.</span> 
     </span>
    </p>

    <p class='ocr_par' dir='ltr' id='par_1_7' title="bbox 103 2288 1141 2792">
     <span class='ocr_line' id='line_1_25' title="bbox 103 2288 1133 2370; baseline -0.002 -18"><span class='ocrx_word' id='word_1_188' title='bbox 103 2296 142 2352; x_wconf 78' lang='grc'>63</span> <span class='ocrx_word' id='word_1_189' title='bbox 222 2288 306 2370; x_wconf 79' lang='grc'>(21.)</span> <span class='ocrx_word' id='word_1_190' title='bbox 324 2289 448 2352; x_wconf 87' lang='lat' dir='ltr'>Euboea</span> <span class='ocrx_word' id='word_1_191' title='bbox 469 2299 499 2351; x_wconf 93' lang='lat' dir='ltr'>et</span> <span class='ocrx_word' id='word_1_192' title='bbox 520 2292 585 2370; x_wconf 90' lang='lat' dir='ltr'>ipsa</span> <span class='ocrx_word' id='word_1_193' title='bbox 599 2291 700 2353; x_wconf 89' lang='lat' dir='ltr'>avolsa</span> <span class='ocrx_word' id='word_1_194' title='bbox 717 2291 860 2354; x_wconf 90' lang='lat' dir='ltr'>Boeotiae</span> <span class='ocrx_word' id='word_1_195' title='bbox 880 2301 937 2353; x_wconf 88' lang='lat' dir='ltr'>tam</span> <span class='ocrx_word' id='word_1_196' title='bbox 950 2293 1070 2354; x_wconf 91' lang='lat' dir='ltr'>modico</span> <span class='ocrx_word' id='word_1_197' title='bbox 1085 2293 1133 2352; x_wconf 76' lang='lat' dir='ltr'>intr-</span> 
     </span>
     <span class='ocr_line' id='line_1_26' title="bbox 158 2373 1141 2455; baseline -0.002 -21"><span class='ocrx_word' id='word_1_198' title='bbox 158 2373 267 2436; x_wconf 92' lang='lat' dir='ltr'>lluente</span> <span class='ocrx_word' id='word_1_199' title='bbox 283 2375 394 2454; x_wconf 88' lang='lat' dir='ltr'>Euripo</span> <span class='ocrx_word' id='word_1_200' title='bbox 411 2384 442 2435; x_wconf 89' lang='lat' dir='ltr'>ut</span> <span class='ocrx_word' id='word_1_201' title='bbox 456 2385 545 2454; x_wconf 90' lang='lat' dir='ltr'>ponte</span> <span class='ocrx_word' id='word_1_202' title='bbox 564 2378 732 2454; x_wconf 89' lang='lat' dir='ltr'>iungantur,</span> <span class='ocrx_word' id='word_1_203' title='bbox 748 2377 783 2436; x_wconf 91' lang='lat' dir='ltr'>ad</span> <span class='ocrx_word' id='word_1_204' title='bbox 797 2377 946 2438; x_wconf 92' lang='lat' dir='ltr'>meridiem</span> <span class='ocrx_word' id='word_1_205' title='bbox 962 2377 1141 2455; x_wconf 86' lang='lat' dir='ltr'>promunturi</span> 
     </span>
     <span class='ocr_line' id='line_1_27' title="bbox 158 2457 1134 2542; baseline -0.001 -24"><span class='ocrx_word' id='word_1_206' title='bbox 158 2459 286 2542; x_wconf 85' lang='lat' dir='ltr'>duobus,</span> <span class='ocrx_word' id='word_1_207' title='bbox 310 2457 454 2520; x_wconf 85' lang='lat' dir='ltr'>Geraesto</span> <span class='ocrx_word' id='word_1_208' title='bbox 477 2460 512 2521; x_wconf 91' lang='lat' dir='ltr'>ad</span> <span class='ocrx_word' id='word_1_209' title='bbox 534 2460 660 2522; x_wconf 87' lang='lat' dir='ltr'>Atticam</span> <span class='ocrx_word' id='word_1_210' title='bbox 680 2469 825 2538; x_wconf 89' lang='lat' dir='ltr'>vergente</span> <span class='ocrx_word' id='word_1_211' title='bbox 844 2470 874 2522; x_wconf 91' lang='lat' dir='ltr'>et</span> <span class='ocrx_word' id='word_1_212' title='bbox 896 2461 931 2522; x_wconf 91' lang='lat' dir='ltr'>ad</span> <span class='ocrx_word' id='word_1_213' title='bbox 947 2459 1134 2542; x_wconf 88' lang='lat' dir='ltr'>Hellesponto</span> 
     </span>
     <span class='ocr_line' id='line_1_28' title="bbox 159 2541 1133 2625; baseline 0 -23"><span class='ocrx_word' id='word_1_214' title='bbox 159 2541 330 2622; x_wconf 84' lang='lat' dir='ltr'>Caphereo,</span> <span class='ocrx_word' id='word_1_215' title='bbox 346 2545 488 2622; x_wconf 87' lang='lat' dir='ltr'>insignis,</span> <span class='ocrx_word' id='word_1_216' title='bbox 511 2547 744 2625; x_wconf 89' lang='lat' dir='ltr'>asoptentrione</span> <span class='ocrx_word' id='word_1_217' title='bbox 762 2543 897 2622; x_wconf 84' lang='lat' dir='ltr'>Cenaeo,</span> <span class='ocrx_word' id='word_1_218' title='bbox 916 2564 1061 2624; x_wconf 88' lang='lat' dir='ltr'>nusquam</span> <span class='ocrx_word' id='word_1_219' title='bbox 1080 2546 1133 2606; x_wconf 88' lang='lat' dir='ltr'>latit</span> 
     </span>
     <span class='ocr_line' id='line_1_29' title="bbox 157 2627 1132 2709; baseline -0.002 -21"><span class='ocrx_word' id='word_1_220' title='bbox 157 2628 252 2690; x_wconf 90' lang='lat' dir='ltr'>dinem</span> <span class='ocrx_word' id='word_1_221' title='bbox 267 2629 341 2690; x_wconf 92' lang='lat' dir='ltr'>ultra</span> <span class='ocrx_word' id='word_1_222' title='bbox 356 2627 405 2688; x_wconf 89' lang='lat' dir='ltr'>XL</span> <span class='ocrx_word' id='word_1_223' title='bbox 425 2627 454 2688; x_wconf 88' lang='lat' dir='ltr'>H</span> <span class='ocrx_word' id='word_1_224' title='bbox 470 2647 606 2708; x_wconf 91' lang='lat' dir='ltr'>passuum</span> <span class='ocrx_word' id='word_1_225' title='bbox 622 2630 770 2707; x_wconf 86' lang='lat' dir='ltr'>extendit,</span> <span class='ocrx_word' id='word_1_226' title='bbox 787 2648 924 2709; x_wconf 90' lang='lat' dir='ltr'>nusquam</span> <span class='ocrx_word' id='word_1_227' title='bbox 939 2631 1017 2691; x_wconf 90' lang='lat' dir='ltr'>intra</span> <span class='ocrx_word' id='word_1_228' title='bbox 1033 2629 1091 2690; x_wconf 86' lang='lat' dir='ltr'>th</span> <span class='ocrx_word' id='word_1_229' title='bbox 1104 2647 1132 2688; x_wconf 92' lang='lat' dir='ltr'>co</span> 
     </span>
     <span class='ocr_line' id='line_1_30' title="bbox 157 2713 1141 2792; baseline -0.002 -20"><span class='ocrx_word' id='word_1_230' title='bbox 157 2714 259 2792; x_wconf 92' lang='lat' dir='ltr'>trahit,</span> <span class='ocrx_word' id='word_1_231' title='bbox 280 2714 332 2776; x_wconf 88' lang='lat' dir='ltr'>scd</span> <span class='ocrx_word' id='word_1_232' title='bbox 352 2715 381 2774; x_wconf 92' lang='lat' dir='ltr'>in</span> <span class='ocrx_word' id='word_1_233' title='bbox 396 2713 606 2792; x_wconf 84' lang='lat' dir='ltr'>longitudinem</span> <span class='ocrx_word' id='word_1_234' title='bbox 623 2717 777 2774; x_wconf 84' lang='lat' dir='ltr'>universae</span> <span class='ocrx_word' id='word_1_235' title='bbox 798 2713 941 2775; x_wconf 90' lang='lat' dir='ltr'>Boeotiae</span> <span class='ocrx_word' id='word_1_236' title='bbox 961 2714 1000 2776; x_wconf 89' lang='lat' dir='ltr'>ab</span> <span class='ocrx_word' id='word_1_237' title='bbox 1018 2714 1114 2774; x_wconf 92' lang='lat' dir='ltr'>Attica</span> <span class='ocrx_word' id='word_1_238' title='bbox 1131 2731 1141 2770; x_wconf 89' lang='lat' dir='ltr'>a</span> 
     </span>
    </p>

    <p class='ocr_par' dir='ltr' id='par_1_8' title="bbox 85 2795 1130 2878">
     <span class='ocr_line' id='line_1_31' title="bbox 85 2795 1130 2878; baseline -0.001 -21"><span class='ocrx_word' id='word_1_239' title='bbox 85 2869 88 2874; x_wconf 9' lang='lat' dir='ltr'>g</span> <span class='ocrx_word' id='word_1_240' title='bbox 157 2797 337 2858; x_wconf 83' lang='lat' dir='ltr'>Thessaliam</span> <span class='ocrx_word' id='word_1_241' title='bbox 351 2815 445 2876; x_wconf 91' lang='lat' dir='ltr'>usque</span> <span class='ocrx_word' id='word_1_242' title='bbox 464 2807 617 2877; x_wconf 87' lang='lat' dir='ltr'>praetenta</span> <span class='ocrx_word' id='word_1_243' title='bbox 638 2799 667 2858; x_wconf 90' lang='lat' dir='ltr'>in</span> <span class='ocrx_word' id='word_1_244' title='bbox 690 2795 735 2858; x_wconf 92' lang='lat' dir='ltr'>CL</span> <span class='ocrx_word' id='word_1_245' title='bbox 757 2799 814 2858; x_wconf 94' lang='lat' dir='ltr'>mil.</span> <span class='ocrx_word' id='word_1_246' title='bbox 831 2817 926 2878; x_wconf 81' lang='lat' dir='ltr'>pass,</span> <span class='ocrx_word' id='word_1_247' title='bbox 953 2801 1081 2860; x_wconf 91' lang='lat' dir='ltr'>circuitu</span> <span class='ocrx_word' id='word_1_248' title='bbox 1099 2818 1130 2857; x_wconf 82' lang='lat' dir='ltr'>ve</span> 
     </span>
    </p>

    <p class='ocr_par' dir='ltr' id='par_1_9' title="bbox 98 2879 1138 3466">
     <span class='ocr_line' id='line_1_32' title="bbox 98 2879 1136 2962; baseline -0.001 -22"><span class='ocrx_word' id='word_1_249' title='bbox 98 2889 139 2941; x_wconf 76' lang='lat' dir='ltr'>ol</span> <span class='ocrx_word' id='word_1_250' title='bbox 157 2879 320 2942; x_wconf 82' lang='lat' dir='ltr'>CCCLXV.</span> <span class='ocrx_word' id='word_1_251' title='bbox 366 2882 450 2944; x_wconf 92' lang='lat' dir='ltr'>abest</span> <span class='ocrx_word' id='word_1_252' title='bbox 476 2884 511 2944; x_wconf 89' lang='lat' dir='ltr'>ab</span> <span class='ocrx_word' id='word_1_253' title='bbox 533 2882 735 2962; x_wconf 87' lang='lat' dir='ltr'>Hellesponto·</span> <span class='ocrx_word' id='word_1_254' title='bbox 758 2891 841 2962; x_wconf 90' lang='lat' dir='ltr'>parte</span> <span class='ocrx_word' id='word_1_255' title='bbox 865 2881 1013 2962; x_wconf 87' lang='lat' dir='ltr'>Capherei</span> <span class='ocrx_word' id='word_1_256' title='bbox 1039 2881 1136 2943; x_wconf 83' lang='lat' dir='ltr'>CCXX</span> 
     </span>
     <span class='ocr_line' id='line_1_33' title="bbox 155 2964 1133 3046; baseline 0.002 -23"><span class='ocrx_word' id='word_1_257' title='bbox 155 2965 213 3026; x_wconf 89' lang='lat' dir='ltr'>mil.</span> <span class='ocrx_word' id='word_1_258' title='bbox 231 2984 383 3044; x_wconf 93' lang='lat' dir='ltr'>passuum,</span> <span class='ocrx_word' id='word_1_259' title='bbox 398 2967 519 3029; x_wconf 89' lang='lat' dir='ltr'>urbibus</span> <span class='ocrx_word' id='word_1_260' title='bbox 530 2967 672 3046; x_wconf 89' lang='lat' dir='ltr'>quondam</span> <span class='ocrx_word' id='word_1_261' title='bbox 683 2966 808 3045; x_wconf 88' lang='lat' dir='ltr'>Pyrrha,</span> <span class='ocrx_word' id='word_1_262' title='bbox 824 2967 978 3044; x_wconf 87' lang='lat' dir='ltr'>Porthmo,</span> <span class='ocrx_word' id='word_1_263' title='bbox 995 2967 1099 3046; x_wconf 79' lang='lat' dir='ltr'>Naso,</span> <span class='ocrx_word' id='word_1_264' title='bbox 1116 2964 1133 3025; x_wconf 75' lang='lat' dir='ltr'>C</span> 
     </span>
     <span class='ocr_line' id='line_1_34' title="bbox 154 3049 1128 3130; baseline 0 -22"><span class='ocrx_word' id='word_1_265' title='bbox 154 3049 262 3127; x_wconf 83' lang='lat' dir='ltr'>rtntho,</span> <span class='ocrx_word' id='word_1_266' title='bbox 279 3049 370 3130; x_wconf 91' lang='lat' dir='ltr'>Oreo,</span> <span class='ocrx_word' id='word_1_267' title='bbox 387 3053 461 3130; x_wconf 90' lang='lat' dir='ltr'>Dio,</span> <span class='ocrx_word' id='word_1_268' title='bbox 480 3050 640 3130; x_wconf 89' lang='lat' dir='ltr'>Aedepso,</span> <span class='ocrx_word' id='word_1_269' title='bbox 660 3051 749 3128; x_wconf 88' lang='lat' dir='ltr'>Ocha,</span> <span class='ocrx_word' id='word_1_270' title='bbox 770 3050 918 3129; x_wconf 81' lang='lat' dir='ltr'>Oechalia,</span> <span class='ocrx_word' id='word_1_271' title='bbox 935 3069 1013 3112; x_wconf 92' lang='lat' dir='ltr'>nunc</span> <span class='ocrx_word' id='word_1_272' title='bbox 1033 3051 1128 3113; x_wconf 84' lang='lat' dir='ltr'>Chalci</span> 
     </span>
     <span class='ocr_line' id='line_1_35' title="bbox 154 3134 1137 3215; baseline 0.002 -23"><span class='ocrx_word' id='word_1_273' title='bbox 154 3134 235 3194; x_wconf 91' lang='lat' dir='ltr'>cuius</span> <span class='ocrx_word' id='word_1_274' title='bbox 252 3153 290 3195; x_wconf 86' lang='lat' dir='ltr'>ex</span> <span class='ocrx_word' id='word_1_275' title='bbox 305 3134 429 3196; x_wconf 78' lang='lat' dir='ltr'>adverso</span> <span class='ocrx_word' id='word_1_276' title='bbox 451 3138 481 3196; x_wconf 91' lang='lat' dir='ltr'>in</span> <span class='ocrx_word' id='word_1_277' title='bbox 500 3137 658 3197; x_wconf 91' lang='lat' dir='ltr'>continenti</span> <span class='ocrx_word' id='word_1_278' title='bbox 675 3135 758 3196; x_wconf 90' lang='lat' dir='ltr'>Aulis</span> <span class='ocrx_word' id='word_1_279' title='bbox 779 3145 842 3214; x_wconf 89' lang='lat' dir='ltr'>est,</span> <span class='ocrx_word' id='word_1_280' title='bbox 863 3134 1026 3215; x_wconf 85' lang='lat' dir='ltr'>Geraesto,</span> <span class='ocrx_word' id='word_1_281' title='bbox 1042 3137 1137 3200; x_wconf 83' lang='lat' dir='ltr'>Eretri</span> 
     </span>
     <span class='ocr_line' id='line_1_36' title="bbox 155 3215 1134 3300; baseline 0 -22"><span class='ocrx_word' id='word_1_282' title='bbox 155 3215 290 3297; x_wconf 88' lang='lat' dir='ltr'>Carysto,</span> <span class='ocrx_word' id='word_1_283' title='bbox 307 3219 439 3300; x_wconf 90' lang='lat' dir='ltr'>Oritano,</span> <span class='ocrx_word' id='word_1_284' title='bbox 456 3221 628 3298; x_wconf 89' lang='lat' dir='ltr'>Artemisio,</span> <span class='ocrx_word' id='word_1_285' title='bbox 643 3221 725 3281; x_wconf 89' lang='lat' dir='ltr'>ionte</span> <span class='ocrx_word' id='word_1_286' title='bbox 740 3219 899 3298; x_wconf 82' lang='lat' dir='ltr'>Arethusa,</span> <span class='ocrx_word' id='word_1_287' title='bbox 915 3220 1034 3284; x_wconf 86' lang='lat' dir='ltr'>homine</span> <span class='ocrx_word' id='word_1_288' title='bbox 1049 3221 1134 3282; x_wconf 89' lang='lat' dir='ltr'>Lelan</span> 
     </span>
     <span class='ocr_line' id='line_1_37' title="bbox 153 3303 1128 3388; baseline 0 -24"><span class='ocrx_word' id='word_1_289' title='bbox 153 3305 296 3384; x_wconf 88' lang='lat' dir='ltr'>aquisque</span> <span class='ocrx_word' id='word_1_290' title='bbox 312 3304 411 3364; x_wconf 90' lang='lat' dir='ltr'>calidis</span> <span class='ocrx_word' id='word_1_291' title='bbox 429 3323 503 3385; x_wconf 88' lang='lat' dir='ltr'>quae</span> <span class='ocrx_word' id='word_1_292' title='bbox 517 3303 653 3385; x_wconf 90' lang='lat' dir='ltr'>Ellopiae</span> <span class='ocrx_word' id='word_1_293' title='bbox 669 3314 807 3366; x_wconf 87' lang='lat' dir='ltr'>vocantur</span> <span class='ocrx_word' id='word_1_294' title='bbox 822 3305 941 3388; x_wconf 89' lang='lat' dir='ltr'>nobilis,</span> <span class='ocrx_word' id='word_1_295' title='bbox 957 3308 1063 3368; x_wconf 89' lang='lat' dir='ltr'>notior</span> <span class='ocrx_word' id='word_1_296' title='bbox 1078 3316 1128 3366; x_wconf 90' lang='lat' dir='ltr'>tam</span> 
     </span>
     <span class='ocr_line' id='line_1_38' title="bbox 152 3386 1138 3466; baseline 0 -18"><span class='ocrx_word' id='word_1_297' title='bbox 152 3407 296 3450; x_wconf 88' lang='lat' dir='ltr'>marmore</span> <span class='ocrx_word' id='word_1_298' title='bbox 314 3386 458 3466; x_wconf 90' lang='lat' dir='ltr'>Carystio.</span> <span class='ocrx_word' id='word_1_299' title='bbox 500 3398 584 3450; x_wconf 89' lang='lat' dir='ltr'>antea</span> <span class='ocrx_word' id='word_1_300' title='bbox 606 3391 731 3450; x_wconf 89' lang='lat' dir='ltr'>vocitata</span> <span class='ocrx_word' id='word_1_301' title='bbox 752 3398 798 3450; x_wconf 93' lang='lat' dir='ltr'>est</span> <span class='ocrx_word' id='word_1_302' title='bbox 818 3388 1028 3452; x_wconf 89' lang='lat' dir='ltr'>Chalcodontis</span> <span class='ocrx_word' id='word_1_303' title='bbox 1049 3401 1098 3452; x_wconf 90' lang='lat' dir='ltr'>aut</span> <span class='ocrx_word' id='word_1_304' title='bbox 1113 3389 1138 3449; x_wconf 92' lang='lat' dir='ltr'>ll</span> 
     </span>
    </p>
   </div>
   <div class='ocr_carea' id='block_1_3' title="bbox 152 3473 1120 3554">
    <p class='ocr_par' dir='ltr' id='par_1_10' title="bbox 152 3473 1120 3554">
     <span class='ocr_line' id='line_1_39' title="bbox 152 3473 1120 3554; baseline 0.002 -20"><span class='ocrx_word' id='word_1_305' title='bbox 152 3475 227 3552; x_wconf 87' lang='lat' dir='ltr'>cris,</span> <span class='ocrx_word' id='word_1_306' title='bbox 245 3484 274 3536; x_wconf 94' lang='lat' dir='ltr'>ut</span> <span class='ocrx_word' id='word_1_307' title='bbox 285 3475 443 3551; x_wconf 91' lang='lat' dir='ltr'>Dionysius</span> <span class='ocrx_word' id='word_1_308' title='bbox 461 3483 491 3536; x_wconf 89' lang='lat' dir='ltr'>et</span> <span class='ocrx_word' id='word_1_309' title='bbox 508 3473 642 3554; x_wconf 92' lang='lat' dir='ltr'>Ephorus</span> <span class='ocrx_word' id='word_1_310' title='bbox 657 3474 787 3554; x_wconf 88' lang='lat' dir='ltr'>tradunt,</span> <span class='ocrx_word' id='word_1_311' title='bbox 800 3483 831 3536; x_wconf 91' lang='lat' dir='ltr'>ut</span> <span class='ocrx_word' id='word_1_312' title='bbox 844 3475 990 3537; x_wconf 81' lang='lat' dir='ltr'>Aristides</span> <span class='ocrx_word' id='word_1_313' title='bbox 1003 3475 1120 3552; x_wconf 78' lang='lat' dir='ltr'>Macra,</span> 
     </span>
    </p>
   </div>
   <div class='ocr_carea' id='block_1_4' title="bbox 0 0 1156 3938">
    <p class='ocr_par' dir='ltr' id='par_1_11' title="bbox 0 0 1156 3938">
     <span class='ocr_line' id='line_1_40' title="bbox 0 0 1156 3938; baseline 0 4"><span class='ocrx_word' id='word_1_314' title='bbox 0 0 1156 3938; x_wconf 95' lang='lat' dir='ltr'> </span> 
     </span>
    </p>
   </div>
  </div>
 </body>
</html>
