2364 3930
158 158 224 222 200
510 153 539 207 C.
558 151 657 206 PLINI
677 151 833 236 securint

159 325 217 388 (pie
241 307 366 368 feminae
391 306 449 364 vim
472 320 532 364 non
555 300 696 382 tolerant,
721 317 757 360 'ea
786 300 822 359 de
850 317 938 360 carisa
964 299 1159 379 ingrediuntur

159 400 189 457 in
213 403 368 474 conceptu.
414 395 494 454 cervi
517 393 647 451 vicissim
670 391 706 450 ad
730 389 801 449 alias
824 397 980 450 transcunt
1002 397 1034 450 et
1056 389 1091 448 acl
1111 391 1160 467 pri·

160 503 227 546 ores
250 485 386 545 redeunt.
423 483 549 542 lacertae
573 489 608 540 nt
630 498 664 540 en
688 497 763 558 quac
787 480 851 538 sine
875 477 1001 558 peililous
1026 485 1102 558 snut
1115 480 1159 536 rir-

161 574 308 636 cumllexu
330 589 471 632 venerem
493 587 612 630 novere.
900 581 905 592 ·

108 673 158 722 175
226 662 334 725 Omnia
361 660 496 722 animalia
523 677 582 738 qim
611 659 722 718 maiore
755 673 880 736 corpore
913 654 971 716 hoc
1004 658 1102 716 minus
1130 657 1173 715 iol

161 753 266 815 cunda.
308 750 440 830 singulos
460 752 585 828 gignunt
604 746 762 828 elephanti,
785 745 896 826 cameli,
920 747 1000 825 equi
1048 745 1162 806 acanthis

162 843 330 922 dtiodcnos,
358 841 419 900 avis
447 839 576 898 minima.
622 837 760 896 ocissime
783 836 904 914 pariunt
930 851 1008 914 quae
1037 835 1162 915 plurimos

161 934 295 1010 gignunt.
332 947 391 1008 quo
415 930 511 988 maius
534 934 580 986 est
603 924 719 1006 animal,
741 931 823 984 tanto
847 924 961 986 diutius
980 927 1121 985 lorniatur
1140 925 1162 981 in

161 1027 258 1081 utero.
305 1018 417 1079 diutius
436 1024 591 1095 gestantur
610 1013 719 1094 quibus
738 1013 872 1093 longiora
886 1022 961 1075 sunt
981 1016 1059 1074 vitae
1075 1015 1163 1092 spatia,

110 1118 160 1165 176
170 1125 268 1188 neque
292 1109 492 1168 crescentium
510 1105 685 1184 tempestiva
703 1103 739 1163 ad
759 1103 963 1182 generandum
982 1111 1073 1163 aetas.
1103 1117 1173 1180 quaet

162 1198 270 1259 solidas
290 1195 400 1256 habent
422 1193 548 1274 ungulas
571 1191 714 1274 smgnlos,
738 1206 814 1270 quse
837 1191 968 1252 bisulcas
992 1201 1025 1253 ct
1048 1193 1164 1272 geminos

161 1289 290 1367 pariunt.
336 1301 464 1364 quorum
486 1285 518 1343 in
542 1282 650 1362 digitos
672 1281 783 1361 pedum
806 1283 913 1342 fissura
935 1281 1032 1341 (livien
1062 1289 1116 1360 est,
1138 1287 1173 1350 cai

162 1376 413 1437 numerosiorem
430 1374 500 1434 ietn.
546 1371 599 1432 sed
622 1373 779 1450 superiora
801 1373 899 1430 omnia
912 1370 1068 1450 perlectos
1091 1369 1164 1430 edttnt

162 1473 276 1546 partus,
299 1463 372 1523 haec
390 1461 554 1543 inchoatoS,
577 1463 688 1539 inquo
712 1467 782 1520 sunt
799 1475 910 1538 genere
928 1457 1063 1541 lenem,
1085 1477 1165 1531 ursae,

163 1563 194 1615 et
225 1553 329 1634 vulpes
361 1553 488 1613 lniorme
521 1553 610 1612 etiam
642 1550 736 1628 magis
761 1565 856 1628 ⁴quam
885 1549 1062 1628 strpradicta
1096 1549 1166 1627 parit.

164 1661 325 1722 rarumque
354 1650 400 1702 est
426 1641 527 1701 videre
555 1641 730 1719 parientem.
780 1646 882 1717 postea
914 1636 1076 1698 lambendo
1106 1637 1165 1696 calo·

165 1733 277 1795 iaciunt
309 1731 388 1792 letus
419 1731 518 1790 omnia
551 1745 584 1788 ea
618 1735 648 1788 ct
679 1725 817 1805 ligarent.
865 1728 988 1806 pariunt
1020 1725 1165 1806 plurimun

111 1829 343 1900 rrrmrnternos.
380 1835 492 1879 vcariscos
515 1825 615 1878 autem
638 1817 763 1896 gignunt
784 1833 889 1896 ¹canes,
911 1814 989 1896 lupi,
1012 1816 1167 1895 pantherae,

166 1911 259 1971 thoes.

231 1997 345 2060 Canum
368 1998 453 2078 plura
476 2012 594 2076 genera.
635 1991 798 2054 Laconicae
821 2001 924 2054 octauo
947 2012 1055 2056 mense
1079 1997 1168 2056 iimin-

166 2105 224 2166 qtae
244 2095 394 2166 generant.
431 2087 532 2146 lerunt
546 2085 702 2164 'sexaginta
720 2081 826 2144 dklsm
846 2090 877 2145 et
893 2082 1062 2162 plurimum
1078 2083 1169 2145 tribus.

167 2184 284 2236 ceterae
312 2193 401 2236 cenes
429 2184 459 2236 et
481 2181 663 2236 semenstres
686 2174 798 2234 coitum
820 2173 984 2252 patiuntur.
1032 2171 1170 2254 inplentur

166 2281 270 2326 omnes
298 2283 358 2325 uno
387 2267 476 2325 coitu.
528 2281 603 2342 quae
633 2271 702 2322 ante
728 2264 843 2322 iustum
868 2269 990 2341 tempus
1018 2279 1169 2342 concepere

166 2354 279 2414 (liutius
301 2371 407 2414 caecos
426 2352 540 2414 liabent
563 2351 690 2433 notetus,
713 2369 771 2412 ecc
793 2363 898 2412 omncs
918 2352 1048 2412 totidem
1073 2351 1172 2412 diebus

167 2444 373 2504 existimantur
399 2445 431 2503 in
459 2444 545 2502 urina
572 2441 707 2502 attollere
737 2459 807 2501 crus
829 2441 893 2500 iere
917 2447 1109 2502 semenstres
1149 2439 1170 2497 il

167 2541 213 2594 est
232 2535 350 2613 signnm
369 2533 566 2601 consummati
585 2531 692 2590 virium
715 2529 841 2590 roboris.
878 2531 1005 2591 feminae
1026 2531 1085 2592 hoc
1106 2530 1169 2590 idon

116 2629 167 2678 178
178 2621 318 2684 sidentes.
339 2695 342 2700 Ι
362 2629 467 2702 partus
497 2621 626 2681 duolleni
656 2618 767 2698 quihus
799 2621 1053 2700 numerosissimi,
1086 2629 1169 2680 cetea·

167 2713 264 2794 quini,
291 2713 369 2793 seni,
396 2710 552 2790 elimando
580 2707 703 2790 singuli,
728 2707 810 2788 quod
837 2707 1044 2788 prodigiosum
1072 2717 1170 2788 putent.

120 2865 125 2874 ¹
167 2803 246 2861 sicut
275 2813 378 2861 omnes
413 2817 523 2860 mares*
543 2808 597 2860 aut
626 2815 735 2858 vorrrnes
769 2798 894 2880 feminas
927 2799 1018 2878 gigni.
1074 2800 1169 2878 primos

167 2905 301 2968 quosque
316 2907 421 2950 ,mures
443 2891 576 2970 pariunt,
603 2889 634 2948 in
662 2888 771 2948 ceteris
794 2886 948 2948 alternant.
994 2888 1168 2948 ineunturi

167 2986 254 3056 partu
283 2985 366 3039 serto
390 2993 506 3040 mense.
550 2985 675 3038 octonos
697 2975 859 3037 Laconicae
887 2977 1016 3056 pariunt.
1063 2977 1168 3058 propria

167 3069 197 3126 in
229 3086 264 3127 eo
294 3085 403 3147 genere
433 3066 566 3128 maribus
594 3065 695 3126 labore
724 3065 865 3126 snlacitas.
910 3067 1013 3126 vivunt
1046 3063 1167 3127 Laconici

167 3158 251 3217 arinis
276 3157 374 3238 denis,
401 3157 527 3217 feminac
551 3155 710 3235 duodenis,
738 3162 838 3214 cetera
866 3173 976 3233 genera
1004 3169 1056 3217 xv
1083 3171 1166 3216 annos„

167 3297 200 3303 -—--
211 3298 302 3304 -—----
309 3297 379 3304 —----

240 3364 394 3420 lieminne
412 3369 464 3417 Bu.
482 3362 598 3416 minime
615 3365 641 3414 d.
673 3359 766 3414 minoe
783 3379 806 3414 r.
879 3360 1048 3415 12de.
1075 3361 1165 3414 deiri

165 3451 223 3494 cr.
256 3453 290 3490 eo
307 3437 368 3492 cdd.
386 3439 448 3490 vett.
521 3440 554 3487 15
572 3431 694 3488 informe
710 3437 788 3485 min.
813 3431 882 3486 min
900 3435 945 3487 do.
968 3447 1008 3487 noc
1023 3429 1166 3486 biformes?

236 3512 279 3562 20.
289 3511 323 3558 21
344 3506 485 3573 utrimque
498 3520 522 3558 o.
543 3518 672 3572 -rnmque
685 3504 713 3557 ll.
786 3508 821 3556 et
840 3503 949 3558 catulos
965 3515 1018 3557 nee
1038 3519 1063 3556 v.
1090 3501 1166 3554 -lislt

165 3575 243 3630 -li'se
254 3593 280 3630 r.
352 3582 388 3631 30
406 3591 531 3644 quosque
551 3575 651 3629 laetu.
666 3589 788 3642 qnoque
807 3575 865 3630 lto.
937 3579 970 3629 32
988 3573 1085 3628 labore
1102 3573 1166 3625 Brot

166 3659 222 3697 -res
242 3647 269 3699 ll.
298 3645 348 3700 -n's
367 3646 523 3714 (alacritas)
542 3644 768 3718 encaeniare.
841 3651 876 3700 83
895 3645 947 3700 XV
964 3643 1044 3700 annis
1062 3648 1086 3696 tl
