2392 3946
145 170 211 236 346
493 168 522 224 Ο.
540 165 641 224 PLINI
659 167 818 224 SECUNDI

145 339 324 402 quamquam
347 320 468 382 altiores
485 320 611 400 platanis
632 318 811 400 populisque
834 318 993 381 altissimis.
1035 317 1107 380 folia
1130 322 1152 380 iis

144 410 260 494 laurea,
286 410 342 472 ilos
364 409 458 472 violae
482 417 512 470 et
534 408 627 470 odore
650 415 682 470 et
703 407 818 490 colore,
846 408 936 470 bacae
960 416 994 470 ut
1016 409 1107 490 oleis,
1135 417 1153 469 et

145 503 227 581 ipsae
251 500 352 562 odoris
375 499 506 582 iucundi,
529 507 671 562 autumno
694 505 866 580 nascentes,
889 517 959 559 vere
981 498 1154 579 decidentes,

145 589 224 651 loliis
257 607 420 668 numquam
451 587 593 650 deciduis.
647 587 754 650 harum
785 590 918 650 minores
950 594 1027 650 totas
1058 589 1154 668 integit

143 697 235 740 mare.
280 680 474 740 maximarum
496 680 650 740 cacumina
676 685 805 760 exstant,
832 677 869 740 ad
897 695 972 758 quae
999 696 1092 738 naves
1119 691 1168 737 ret

143 768 287 850 ligantur,
309 777 340 830 et
362 787 432 830 cum
449 769 576 830 recessit
593 775 707 850 aestus,
729 767 766 828 ad
788 768 913 829 radices.
950 766 1021 828 alias
1043 785 1154 848 quoquc

143 857 268 918 arbores
285 860 316 918 in
340 857 398 918 alto
417 857 454 918 ah
477 857 582 918 iisdem
605 859 775 937 accepimus
797 857 903 918 eodem
924 859 956 918 in
979 859 1055 918 mari
1079 858 1155 936 visas,

144 965 263 1028 semper
286 946 354 1008 lolia
377 948 555 1026 retinentes,
578 947 679 1008 fructu
702 965 807 1008 earum
827 946 930 1027 lupino
953 945 1050 1008 simili.

92 1043 143 1094 142
211 1029 286 1119 (52)
314 1034 400 1096 luha
418 1036 509 1096 tradit
531 1038 611 1096 circa
629 1036 865 1116 Trogodytarum
887 1035 999 1097 insulas
1022 1037 1155 1098 fruticem

145 1127 177 1187 iu
199 1124 258 1186 alto
286 1127 386 1186 vocari
408 1124 495 1186 Isidis
523 1127 651 1206 crinem,
680 1124 793 1187 curalio
824 1125 951 1186 similem
981 1127 1045 1186 sine
1077 1125 1176 1206 loliispt

146 1216 316 1296 praecisum
333 1222 448 1276 mutato
467 1213 567 1275 colore
585 1217 617 1275 in
640 1217 760 1296 nigrum
783 1215 953 1296 durescere,
976 1232 1045 1276 cum
1069 1215 1155 1296 cadat,

147 1305 252 1385 frangi.
297 1307 369 1366 item
392 1303 491 1383 alium,
515 1306 568 1384 qui
588 1312 712 1366 vocatur
736 1305 871 1366 chariton
893 1303 1073 1386 blepharon,
1101 1306 1154 1365 elii-

146 1413 247 1456 cacem
269 1396 300 1456 in
323 1395 482 1456 amatoriis.
528 1393 650 1474 spatalia
673 1413 709 1455 ex
732 1413 768 1454 eo
791 1394 890 1456 lacere
914 1402 944 1456 et
971 1393 1094 1455 monilia
1121 1396 1154 1454 ie·

145 1485 248 1544 minas.
293 1485 404 1544 sentire
429 1502 498 1544 eum
521 1501 553 1546 se
582 1485 660 1565 capi,
688 1484 849 1564 durarique
877 1502 989 1546 cornus
1016 1484 1105 1544 modo
1132 1493 1154 1544 et

145 1572 287 1634 hebetare
320 1574 414 1634 aciem
445 1573 526 1634 ferri.
581 1573 662 1652 quod
694 1576 720 1634 si
756 1573 916 1636 fefellerint
951 1573 1094 1656 insidiae,
1129 1576 1154 1634 in
1163 1584 1175 1622 1⁵

146 1661 274 1742 lapidem
297 1662 510 1742 transfigurari.

216 1870 336 1926 laltior
354 1872 398 1926 esi
414 1875 449 1926 lt.
522 1871 692 1926 tantumno
710 1876 767 1926 Ic.
800 1871 842 1926 -ui
858 1889 882 1927 r.
913 1873 917 1940 Ι
946 1888 1013 1927 uere
1032 1871 1152 1927 deciden-

143 1942 188 1996 tes
205 1947 241 1996 Ι.
269 1958 377 1998 omre.
465 1948 498 1997 12
516 1943 636 1998 uocetur
653 1942 797 1998 modoet.
827 1945 918 1998 -ceiur
935 1943 1152 2002 reddcciadel.

216 2019 410 2070 13exe01.
439 2030 472 2070 eo
490 2031 535 2070 rc.
609 2018 643 2070 15
662 2014 795 2070 hebetare
814 2019 892 2072 Iria.
921 2016 959 2070 -ri
975 2033 1000 2072 r.
