2396 3940
185 176 251 244 306
532 175 561 231 0.
580 175 681 231 PLINI
699 173 856 232 securim

186 329 342 390 morosius.
388 326 503 406 reliqua
525 324 661 407 probatio
684 331 719 388 ut
741 325 826 404 niger
848 325 901 405 sit;
928 323 1096 388 damnantur
1119 322 1169 384 albi.

186 417 292 480 melior
321 435 380 498 quo
411 415 532 478 brevior
561 415 749 496 crassiorque
779 422 809 476 et
837 413 938 476 lentus
967 417 999 474 in
1026 412 1170 494 bangeulo

186 507 298 570 calamo
320 508 452 588 pretinm
473 507 506 567 in
527 504 619 567 libros
646 502 777 584 singulas
800 501 826 564 il
848 517 876 585 1,
901 506 992 566 iuneo
1014 501 1040 564 a
1060 517 1090 565 v.
1129 512 1170 564 trr-

186 597 321 678 duntque
343 599 467 658 iuncum
489 595 647 657 odoratum
668 602 700 655 et
722 596 754 654 ln
778 592 936 674 Campania
957 595 1089 654 inveniri

134 693 186 744 107
256 679 331 770 (49)
364 685 562 748 Diseussimns
590 703 607 745 a
634 685 724 744 terris
752 699 897 766 oceanum
928 681 1172 763 spectantibussl

186 795 332 838 convexas
354 779 386 836 in
408 783 511 864 nostra
533 775 633 834 maria.
680 767 741 835 28.
773 787 844 853 ergo
868 769 1041 854 Aethiopiae
1067 771 1172 833 suiten

185 866 284 928 birino
306 864 503 926 hammoniaci
525 863 646 924 lacrima
669 861 813 924 stillatim
836 863 957 924 harenis
981 861 1045 924 suis
1065 895 1105 905 -—
1123 861 1173 920 inlr

185 957 304 1016 nomine
329 956 418 1016 etiam
439 953 612 1016 Hammonis
635 951 768 1034 oraculo,
795 955 878 1014 iuxta
900 952 982 1032 quoti
1006 954 1126 1032 gignitur
1145 981 1172 990 -

185 1041 291 1106 arbore
315 1061 405 1124 quam
427 1051 568 1124 metopon
590 1041 753 1124 appeliant,
780 1044 896 1103 resinae
924 1041 1015 1103 modo
1044 1049 1092 1104 aut
1115 1059 1174 1100 eun·

185 1135 286 1196 nium
323 1149 433 1214 genera
455 1135 521 1194 eius
543 1132 617 1194 duo:
638 1131 796 1193 thrauston
819 1127 943 1194 masenii
965 1133 1045 1193 tuma
1067 1129 1175 1199 similita-

185 1223 264 1307 dine,
286 1221 367 1304 gom
385 1223 511 1284 mammo
529 1221 684 1304 probatur,
702 1221 828 1284 alterum
845 1223 957 1302 pingue
978 1230 1010 1284 et
1028 1219 1176 1298 resineam,

185 1313 265 1393 quoti
294 1312 435 1394 phyrama
468 1311 624 1393 appeliant.
671 1310 854 1374 adulteratur
886 1311 1012 1374 baronis
1041 1309 1117 1372 salut
1140 1326 1175 1368 m·

185 1401 295 1464 seenrlo
314 1399 516 1484 adprehensis.
557 1403 650 1482 igitur
673 1417 762 1481 quam
778 1401 910 1462 minimis
928 1399 1045 1482 glaebis
1061 1397 1176 1482 probatu

186 1501 216 1554 et
234 1511 322 1572 quam
340 1493 518 1574 purissimis.
549 1493 682 1572 pretinm
700 1493 812 1572 optimo
830 1493 862 1554 ir
880 1490 974 1552 libras
994 1506 1077 1553 asses
1094 1501 1175 1550 xxxa

134 1587 184 1640 108
253 1574 328 1666 (50)
348 1579 507 1662 sphagnos
529 1581 607 1642 inira
630 1597 684 1642 eos
712 1581 788 1642 sitem
809 1583 842 1642 in
864 1579 1029 1662 Cyrenaica
1052 1579 1177 1660 proriam

185 1673 311 1732 maximo
340 1669 499 1754 probator,
529 1671 580 1732 alii
610 1669 706 1751 bryon
736 1679 852 1734 vocant.
903 1665 1076 1732 seeundum
1103 1669 1177 1729 boun

185 1761 300 1840 optinet
319 1759 454 1844 Cyprius,
477 1762 602 1822 tortium
620 1759 809 1824 Phoenicius.
845 1761 942 1824 lemur
965 1768 999 1822 ot
1022 1762 1055 1821 in
1072 1759 1177 1838 hegppto

184 1852 280 1933 nasei,
310 1853 382 1930 quin
413 1857 443 1912 ot
472 1853 503 1911 in
533 1849 632 1912 Gallia.
678 1866 736 1912 nee
765 1847 971 1912 dubitaverim.
1024 1857 1095 1912 sont
1119 1849 1178 1908 eain

183 1939 241 2002 hoo
264 1941 384 2001 nomine
407 1942 473 2002 osni
496 1939 637 2002 arborum
659 1939 734 2023 oilli,
757 1940 859 2022 quales
880 1942 912 2001 in
936 1956 1056 2020 quercu
1077 1939 1178 2000 maxine

184 2028 328 2112 videmos,
351 2029 404 2091 sed
427 2029 518 2091 odore
540 2037 736 2112 mussantes.
776 2029 842 2091 lana
863 2032 960 2111 prima
984 2025 1178 2093 munimime

185 2127 274 2198 atquo
297 2119 461 2202 latissimis,
488 2117 619 2182 secunda
641 2119 755 2202 nntilis,
782 2119 862 2181 nulla
888 2121 993 2200 nigris.
1042 2127 1073 2182 et
1099 2118 1177 2180 inin

184 2207 258 2269 aulis
286 2211 441 2290 petrisque
471 2211 532 2270 nati
561 2208 774 2293 inprobantur,
807 2224 972 2290 omnesque
1004 2207 1113 2290 quibas
1135 2203 1179 2286 pal·

184 2313 301 2360 marom
324 2305 414 2378 atque
437 2314 496 2360 non
520 2313 593 2360 snus
616 2299 692 2360 odor
714 2301 762 2364 sit.

132 2391 183 2441 109
252 2379 312 2451 ai.
341 2382 417 2472 (51)
444 2387 556 2468 Cypros
578 2387 610 2449 ln
633 2389 766 2470 Aegypto
794 2398 840 2451 est
867 2387 959 2450 arbor
980 2387 1088 2470 aiaipbi
1113 2384 1177 2462 loliis,

185 2478 298 2540 semino
320 2477 478 2559 eoriantlrl,
500 2473 635 2561 oantlido,
658 2479 791 2541 odorato.
836 2479 977 2559 nequitur
999 2475 1060 2540 boo
1081 2479 1111 2538 in
1129 2474 1177 2534 oleo

182 2569 390 2646 premiturque
412 2573 528 2649 postea,
552 2567 632 2647 quod
657 2584 765 2650 oppres
786 2575 916 2630 vocatur.
961 2570 1096 2650 pretium
1116 2563 1176 2628 elin

183 2653 275 2717 libras
298 2655 323 2716 ll
346 2669 378 2718 v.
424 2658 569 2736 mimum
590 2676 608 2718 e
633 2656 781 2739 Canopica
802 2661 834 2720 in
861 2660 935 2739 ripis
958 2657 1019 2720 Nili
1046 2667 1123 2738 nata,
1145 2671 1176 2714 sn

184 2745 315 2806 cundum
334 2744 477 2806 iisoalone
494 2745 629 2830 iudaeae,
647 2750 771 2810 tertium
789 2751 821 2809 tn
839 2747 936 2829 (lypro
955 2747 1064 2808 insula
1099 2745 1177 2807 odoris

254 2976 270 3024 3
294 2970 422 3041 singulos
437 2975 473 3028 it.
502 2987 553 3028 om.
573 2974 630 3028 tto.
723 2971 931 3030 tobieau.
988 2973 1174 3029 lacrimante

254 3045 305 3096 t.8
323 3043 386 3098 dist.
401 3043 513 3100 Felas'os
522 3048 606 3114 pin.
679 3051 695 3100 9
714 3045 814 3102 arbore
827 3043 939 3101 Felsina
962 3045 1002 3101 .l.
1030 3045 1174 3100 -oromss

182 3128 227 3167 or
244 3127 288 3167 re.
314 3114 318 3182 l
343 3117 476 3185 metopon
493 3116 590 3171 ΙΝ.
619 3121 716 3172 nait,
748 3115 827 3188 -pioa
844 3116 1112 3174 oa‘Ds'osoJlrot.
1135 3114 1175 3164 ln

181 3182 241 3254 poli
255 3202 279 3239 a.
306 3183 411 3240 oriume
481 3187 556 3242 niti
584 3188 711 3258 melopos
725 3187 922 3256 Sotiatium
1000 3193 1035 3243 10
1048 3185 1174 3242 thremton

181 3255 268 3310 Borb.
283 3269 298 3310 a
311 3255 405 3312 Ds'ooe.
419 3257 439 3308 Ι
451 3260 471 3308 Ι
480 3264 527 3314 88.
556 3261 698 3315 monstrem
715 3265 750 3315 Ι.
778 3259 921 3316 thesim
938 3260 1009 3318 ibon
1025 3260 1059 3314 2.
1086 3257 1173 3313 batim

181 3326 335 3382 retimoett.
449 3328 842 3398 temperantissimi.
875 3344 949 3388 -rm
965 3337 1000 3388 Ι.
1033 3329 1172 3388 -ranmnl

181 3411 280 3466 pyram
293 3413 316 3452 r.
345 3413 404 3454 ma
422 3400 481 3454 edat.
495 3401 557 3454 oeae.
629 3407 663 3456 13
682 3401 835 3473 probatam
847 3409 883 3458 Ι.
957 3402 1113 3474 as-optino
1123 3402 1171 3452 1¹

182 3481 269 3520 -rnnm
284 3485 306 3522 r.
335 3471 386 3524 -mi
399 3487 424 3525 a.
499 3475 532 3524 ili
546 3472 689 3543 sphagnos
704 3473 767 3545 (ui)
781 3475 866 3531 iudea
880 3477 954 3544 ibes,
970 3473 1171 3530 Boromia'ot.

181 3537 200 3584 Ι
209 3540 255 3614 tto.
284 3553 362 3592 —onos
380 3559 406 3594 a.
441 3541 579 3610 spnebnos
596 3547 632 3596 Ι.
665 3561 749 3616 gnos
767 3547 930 3604 Μάνεω
962 3561 1042 3602 onos
1058 3549 1084 3598 ι
1146 3545 1170 3592 il

179 3601 322 3684 latissimis
341 3613 403 3664 ΠΒ.
432 3611 495 3664 alli-
513 3629 558 3666 ru.
587 3615 592 3680 Ι
619 3615 651 3669 in
668 3629 720 3672 om.
738 3618 774 3672 Ι.
879 3625 913 3674 28
936 3609 1172 3682 sitnm-(W-

175 3670 295 3738 lllenti-
315 3679 413 3732 estse.
468 3687 502 3736 aa
515 3682 610 3753 ineoo.
629 3689 748 3744 emoto.
769 3687 1171 3762 efr.§zan.xnu.r.1o.aa
