2544 3942
331 161 415 218 Nar.
434 163 527 219 Hier.
546 165 586 220 xl
605 171 709 222 as--ae
729 168 855 238 (aa—eo)
1035 169 1101 236 233

13 353 14 374 t
78 312 141 374 bus
160 320 264 374 autem
287 313 334 374 his
356 315 388 374 in
411 332 463 374 ore
488 322 518 374 et
539 333 595 394 pro
617 314 726 396 lingua.
772 325 842 379 sunt
864 317 896 378 lai
919 318 1014 380 aculei
1037 288 1100 399 qui-¹

12 427 14 464 ξ
78 401 210 463 busdam
236 401 360 464 hebetes
387 421 485 482 neque
514 403 550 465 ad
577 413 736 489 punctum,
763 407 816 468 sed
843 407 879 467 ad
907 415 1039 490 suctum,
1068 417 1101 470 ut

13 537 15 555 .
77 509 255 554 muscarum
278 495 393 576 generi,
420 495 451 554 in
475 511 534 572 quo
556 493 657 574 lingua
680 495 800 558 evidens
823 497 921 558 fistula
944 505 998 559 est.
1044 516 1100 560 nee

12 609 13 648 ς
78 589 155 643 sunt
177 581 285 644 talibus
307 583 422 644 dentes.
468 583 532 644 aliis
556 585 707 648 cornicula
735 593 803 648 anta
832 586 935 648 oculos
962 593 1099 668 praeten-

12 699 15 740 q
43 671 197 732 eduntur
221 673 342 754 ignava,
371 680 405 734 ut
431 671 639 752 papilionibus.
685 675 828 756 quaedam
855 678 968 738 insecta
997 685 1099 738 carent

75 763 195 842 pinnis,
218 769 253 823 ut
276 761 479 844 scolopendra.
1121 767 1122 776 ’

151 845 211 913 29.
230 844 305 934 (35)
328 851 514 912 lnsectorum
537 853 629 933 pedes
653 853 761 932 quibus
785 857 908 916 suntin
932 852 1085 933 obliquum
1096 862 1143 911 101

12 973 13 1012 ᾗ
77 946 248 1002 moventur.
290 940 477 1019 quorundam
500 945 626 1002 extremi
648 942 798 1022 longiores
826 943 899 1003 loris
928 949 1100 1024 curvantur,

80 1037 118 1089 ut
141 1027 274 1090 locustis.
525 1038 528 1044 '
560 1109 564 1116 1

29 1132 63 1173 10
149 1117 212 1193 Hae
230 1120 352 1198 pariunt
374 1121 406 1179 in
429 1128 541 1182 terram
564 1121 693 1182 demisso
717 1123 819 1200 spinae
844 1121 928 1182 caule
951 1139 1005 1182 ova
1028 1139 1096 1182 con·

12 1253 14 1280 ,
77 1206 173 1270 densa
196 1210 331 1270 autumni
353 1215 497 1290 tempore.
544 1227 578 1270 ea
601 1209 710 1271 durant
732 1209 839 1272 hieme.
885 1219 1005 1272 eterra
1029 1208 1097 1270 suh·

12 1337 13 1376 3
77 1299 219 1376 sequenti
247 1317 324 1359 anno
352 1301 434 1360 exitu
460 1301 540 1360 veris
568 1301 708 1365 emittunt
736 1317 863 1382 parvas,
888 1301 1040 1380 nigrantes
1068 1307 1097 1359 et

12 1429 14 1454 ,
78 1388 145 1448 sine
174 1387 314 1451 eruribus
345 1390 504 1468 pinnisque
534 1397 696 1469 reptantes.
751 1391 851 1468 itaque
872 1391 982 1450 vernis
1013 1390 1097 1467 aquis

12 1529 14 1554 ,
77 1478 234 1538 intereunt
252 1496 319 1559 ova,
342 1479 422 1539 sicco
445 1496 515 1540 vere
537 1481 632 1539 maior
649 1486 821 1558 proventus.
867 1478 916 1539 alii
939 1477 1088 1558 duplIcem
1101 1487 1151 1536 102

30 1581 61 1622 15
78 1584 184 1628 earum
211 1567 306 1628 letum
339 1569 549 1646 geminumque
582 1570 706 1630 exitium
740 1568 875 1650 tradunt,
907 1567 1097 1648 vergiliarum

12 1701 13 1740 3
78 1663 187 1718 exortu
209 1674 331 1738 parere,
358 1656 465 1718 deinde
494 1657 530 1717 ad
554 1659 637 1718 canis
660 1666 760 1726 ortum
787 1657 870 1718 obire
899 1665 930 1718 et
956 1657 1027 1717 alias
1050 1673 1096 1716 re·

77 1747 170 1806 nasei.
217 1745 337 1826 quidam
360 1749 473 1808 arcturi
496 1765 604 1808 occasu
627 1749 753 1818 renasci.
785 1749 862 1808 mori
885 1755 1005 1827 matres,
1028 1763 1097 1808 cnm

12 1893 13 1920 ,
77 1836 265 1916 pepererint,
289 1843 405 1898 certum
428 1844 487 1919 est,
510 1836 672 1898 vermiculo
697 1839 798 1898 statim
826 1839 905 1897 circa
928 1837 1029 1897 lauces
1051 1837 1095 1896 in·

78 1932 220 1988 nascente
236 1927 287 2004 qui
307 1943 357 1988 eas
376 1925 550 2006 strangulat.
582 1926 688 1988 eodem
706 1934 840 2006 tempore
859 1943 957 1987 mares
976 1925 1096 1985 obeunt.

33 2031 62 2071 ao
77 2022 139 2075 tam
162 2013 265 2075 frivola
287 2018 402 2076 ratione
425 2018 588 2079 morientes
611 2023 795 2098 serpentem,
823 2034 892 2077 cum
918 2014 1018 2095 libuit,
1045 2033 1095 2074 ne-

78 2112 148 2166 cant
171 2103 318 2188 singulae,
340 2105 476 2168 faucibus
507 2109 572 2168 eius
602 2106 796 2187 adprehensis
826 2105 987 2168 mordicus.
1036 2122 1096 2164 non

78 2201 243 2256 nascuntur
272 2197 332 2256 nisi
359 2197 479 2278 rimosis
513 2195 595 2258 loeis.
647 2198 678 2256 in
707 2194 790 2256 India
820 2203 941 2256 ternum
974 2193 1085 2274 pedum
1095 2201 1146 2250 103

77 2283 272 2362 longitudinis
291 2303 357 2346 esse
371 2285 540 2367 traduntur,
559 2284 698 2348 cruribus
718 2293 748 2346 et
765 2284 926 2346 feminibus
944 2301 1096 2345 serrarum

78 2390 168 2433 usum
186 2372 341 2455 praehere,
360 2393 428 2436 cum
447 2377 621 2437 inaruerint.
650 2382 697 2436 est
716 2382 746 2435 et
763 2375 838 2436 alius
862 2392 965 2460 earum
987 2372 1095 2434 obitus.

36 2463 224 2542 segregatim
255 2462 387 2524 sublatae
416 2472 505 2524 vento
537 2465 569 2524 in
600 2465 705 2524 maria.
726 2471 777 2524 aut
793 2467 912 2544 'stagna
944 2463 1094 2524 decidunt.

80 2553 157 2613 forte
186 2550 243 2613 hoc
274 2563 404 2632 casuque
435 2554 548 2635 evenit,
580 2570 656 2634 uon,
688 2559 723 2612 ut
752 2554 845 2632 prisci
880 2553 1096 2632 existimavere,

80 2641 250 2703 madefactis
273 2650 421 2704 nocturno
444 2660 548 2726 umore
573 2641 634 2702 alis.
671 2640 762 2702 iidem
785 2643 895 2720 quippe
918 2659 974 2701 nee
997 2640 1095 2700 volare

80 2751 129 2793 eas
147 2731 285 2794 noctibus
304 2739 429 2812 propter
452 2733 563 2812 frigora
586 2731 783 2812 tradiderunt,
805 2731 902 2810 ignari
925 2731 1014 2790 etiam
1032 2729 1094 2788 lon·

80 2824 188 2901 ginqua
217 2823 309 2882 maria
337 2821 373 2883 ab
400 2823 437 2882 iis
464 2822 587 2882 transiri
615 2822 787 2882 continuata
818 2819 952 2900 plurium
978 2818 1095 2880 dierum
1140 2817 1142 2820 ’

41 2926 68 2967 eo
82 2945 123 2954 -
142 2911 221 2992 quod
240 2913 366 2972 manime
385 2913 530 2972 miremur
549 2945 591 2954 -
611 2911 688 2972 same
708 2927 836 2992 quoque,
859 2926 949 2989 quam
971 2916 1095 2988 propter

82 3009 200 3062 externa
223 3001 331 3081 pabula
353 3010 456 3082 petere
480 3003 586 3063 sciunt.
611 3001 758 3062 deorum
781 3001 843 3060 irae
865 2999 960 3080 pestis
982 3016 1017 3059 ea
1039 2999 1146 3058 in-104

150 3179 164 3226 1
183 3173 245 3229 diat.
264 3190 320 3245 eqo.
343 3176 347 3244 l
370 3174 466 3244 lingue
483 3173 550 3228 12²&
577 3191 627 3244 ·gu
644 3174 688 3228 12².
778 3189 779 3196 ¹
797 3176 814 3226 5
832 3171 948 3242 ignaota
965 3170 1009 3226 12¹.
1026 3171 1030 3238 l
1047 3172 1097 3224 aut

81 3251 129 3298 Da.
201 3245 379 3316 Slongiores
396 3247 462 3300 tut.
491 3245 541 3300 -ris
559 3261 583 3300 r.
663 3243 901 3300 10‘dimiss01ta.
925 3281 927 3285 -
980 3248 1011 3297 11
1031 3242 1094 3296 dist.

83 3317 178 3372 Ionas.
196 3317 200 3385 l
217 3333 296 3372 econ.
311 3322 336 3374 d.
356 3318 444 3374 subo.
519 3323 552 3374 19
567 3317 709 3372 obeunte.
734 3317 788 3370 -des
803 3317 830 3370 ll.
904 3320 938 3369 20
952 3312 1094 3368 friuulaa.

82 3387 228 3444 -bulalllt
245 3391 249 3458 Ι
266 3406 329 3446 cum
347 3394 392 3444 do.
416 3389 490 3445 curri
508 3407 531 3445 r.
605 3393 638 3443 22
656 3388 712 3442 nisi
725 3387 836 3443 rimosis
850 3387 942 3442 Hord.
966 3384 1094 3456 inprim·
1141 3458 1142 3462 Ἰ

82 3460 140 3516 (1²2
166 3460 197 3516 in
214 3461 280 3516 rim·
294 3466 350 3516 tir.
376 3461 431 3516 nisi
448 3461 478 3516 in
496 3460 589 3532 planis
609 3463 638 3515 et
650 3459 761 3515 rimosis
776 3459 834 3516 aad.
850 3463 914 3514 onte
922 3457 1016 3513 erd.
1043 3456 1094 3524 cfr.

82 3533 164 3589 Arist.
178 3533 205 3589 lv.
219 3551 245 3588 a.
262 3535 290 3586 V
294 3538 334 3590 28
348 3534 487 3603 p.556A,
498 3537 523 3590 ὃ.
601 3537 634 3588 23
654 3548 793 3587 serrarum
806 3535 863 3585 lto.
891 3528 942 3586 sed
958 3545 1053 3585 renam
1070 3546 1093 3584 r.

140 3611 174 3660 24
193 3607 236 3662 est
254 3607 373 3662 etita.
402 3608 477 3661 esset
493 3623 517 3661 r.
582 3609 615 3660 28
633 3603 725 3677 ignari
739 3607 816 3658 udo.
844 3601 959 3657 inmari
972 3619 996 3658 r.
1059 3606 1093 3655 31

83 3677 192 3734 deorum
210 3678 269 3734 irae
283 3683 311 3732 1
320 3679 377 3734 cod.
389 3677 470 3747 Olviff.
480 3695 504 3734 o.
532 3677 641 3733 dierum
654 3675 725 3732 mire
738 3677 808 3748 (uae
822 3675 887 3731 212.
906 3674 996 3731 imbre
1009 3671 1056 3742 122)
1071 3689 1096 3731 r.
