2302 3938
322 192 401 242 sur.
424 192 516 242 urso.
540 193 591 240 111.
613 187 639 239 5.
665 177 710 260 (t)
746 177 750 184 ’
964 175 1025 242 135

38 349 104 427 quod
123 345 230 426 scripsit
244 347 393 410 Nicodoro
413 347 633 411 Atheniensium
649 351 830 428 magistratu,
847 351 894 428 qui
909 349 961 409 iuit
978 366 1024 408 ur·

13 469 16 502 ς
38 435 75 494 bis
91 441 201 494 nostrae
218 429 376 494 ccccxl.
393 451 477 494 anno.
494 433 629 514 quicquid
645 452 718 512 ergo
730 443 870 495 terrarum
883 441 928 493 est
941 449 1025 511 prae·

38 529 74 577 ter
86 517 181 576 decem
195 516 271 578 milia
286 536 422 595 passuum
437 519 580 579 ambituus
594 517 736 580 adnexum
751 517 862 578 insulae
879 525 947 596 post
959 533 1023 576 eum

37 620 123 662 annum
138 603 260 662 accessit
271 600 381 662 ltaliae.
405 601 494 663 Aliud
509 604 675 664 miraculum
690 601 832 663 aCerceis
845 601 926 681 palus
939 600 1067 661 Pom-59

20 689 98 764 sptiua
114 695 168 761 est,
181 705 265 765 quern
278 686 372 746 locum
384 684 496 747 XXIIII
509 687 621 748 urbium
636 688 727 748 fuisse
738 686 884 748 Mucianus
900 695 945 747 ter
957 703 1025 746 con·

36 771 69 830 sul
89 771 217 849 prodidit.
249 770 317 831 doio
339 769 444 832 humen
467 771 642 849 Aufentum,
662 789 749 851 supra
770 771 846 851 quod
869 769 1024 832 Tarracina

37 856 156 933 oppidum
170 855 268 934 lingua
284 855 459 916 Volscorum
475 857 579 916 Anxur
593 856 709 934 Motum,
725 866 756 917 et
772 856 819 916 ubi
838 857 923 916 luere
938 854 1026 931 Amy·

35 940 84 1000 ulae
98 941 159 999 sire
171 939 331 1000 Amunclae
346 959 362 1000 a
379 941 568 1020 serpentibus
581 941 708 1014 deletae,
721 941 788 1001 dein
805 939 887 1001 locus
903 939 1027 1018 Spelun-

33 1044 84 1099 cae,
94 1024 170 1084 lacus
180 1023 347 1102 Fundanus,
360 1022 462 1086 Caieta
476 1034 588 1104 portus,
601 1025 736 1104 oppidum
743 1025 878 1086 Formiae
889 1022 1025 1084 Hormiae

11 1110 140 1185 redictum,
155 1117 186 1168 ut
202 1111 428 1188 existimavere,
449 1111 566 1188 antiqua
581 1109 810 1180 Laestryeonum
823 1108 919 1170 sedes.
951 1108 1027 1168 ultra

32 1197 72 1252 luit
86 1193 224 1271 oppidum
245 1192 347 1269 Pirae,
363 1203 411 1254 est
432 1194 548 1256 colonia
570 1193 733 1254 Minturnae
750 1192 808 1253 biri
828 1211 910 1253 amne
933 1191 1025 1252 divise

31 1277 132 1337 Glanica
148 1276 308 1356 appellata,
323 1277 474 1357 Sinuessa,
491 1287 651 1340 extremum
666 1280 696 1338 in
707 1279 822 1338 adiecto
836 1276 931 1352 Latio,
943 1293 1025 1355 quaro

29 1361 130 1438 ¹puidam
142 1363 276 1440 Sinopen
288 1362 390 1424 dixere
399 1367 564 1424 vocitatam.
579 1363 652 1424 Hinc
663 1362 736 1423 ielis
747 1362 796 1422 illa
808 1359 971 1441 Campania.
988 1361 1023 1420 ab
1034 1367 1070 1418 (to

30 1447 73 1505 hoc
94 1448 159 1506 sinu
176 1448 318 1526 inalpiunt
339 1449 448 1509 vitiieri
469 1448 562 1510 colles
583 1457 614 1508 et
636 1447 805 1510 temulentia
825 1447 932 1508 nobilis
954 1463 1024 1507 suco

7 1550 72 1605 uper
87 1549 190 1592 omues
209 1539 306 1592 terras
321 1532 442 1610 incluto,
458 1542 545 1611 atque
558 1535 604 1613 (ut
621 1541 741 1595 veteres
754 1533 873 1612 dixere)
889 1549 1026 1592 summurn

29 1616 113 1676 biberi
129 1614 229 1676 Patris
250 1635 314 1676 cum
332 1615 444 1678 Cerere
461 1627 617 1681 certamen.
648 1619 714 1680 hinc
735 1620 828 1679 Setini
853 1626 883 1678 et
900 1615 1027 1677 Caecubi

30 1700 232 1778 protenduntur
247 1703 327 1779 agri,
350 1701 395 1762 his
416 1704 572 1782 iunguntur
588 1703 724 1782 Falerni,
741 1700 859 1779 Cuicul,
874 1702 941 1762 dein
959 1719 1028 1760 oon·

27 1793 135 1863 surgunt
151 1783 289 1865 Massici,
305 1785 428 1847 Gaurani
444 1787 666 1866 SurrentInique
681 1797 806 1848 montes.
834 1788 874 1846 ibi
887 1785 1025 1846 beburIni

27 1872 103 1948 campi
120 1879 296 1930 sternuntur
316 1879 347 1932 et
371 1873 400 1931 in
420 1871 541 1932 delicias
557 1872 648 1933 allone
666 1872 775 1952 politur
794 1871 909 1931 messis.
946 1867 1025 1928 llaec

4 1955 99 2018 slitora
113 1955 250 2016 fonthus
265 1955 367 2016 calidis
381 1957 522 2036 rigantur,
533 1965 710 2036 praeterque
722 1965 823 2018 cetera
838 1958 867 2015 iu
883 1963 944 2014 toto
956 1955 1026 2012 mari

1 2034 2 2043 ’
27 2039 173 2118 conchylio
197 2048 230 2100 et
249 2041 332 2120 pisce
355 2041 446 2101 nobili
469 2040 652 2104 adnotantur.
690 2060 828 2120 nusquam
849 2040 1029 2118 generosior

28 2124 99 2185 oleae
126 2124 248 2203 liquor,
269 2133 300 2186 et
320 2125 377 2186 hoc
394 2143 511 2204 quoque
533 2134 680 2187 certarnen
705 2127 843 2186 humanae
860 2124 1027 2203 voluptatis.

26 2221 137 2271 tenuere
159 2208 248 2287 Osci,
264 2206 385 2288 Graeci,
401 2209 520 2290 Umbri,
535 2209 638 2289 Tusci,
655 2208 800 2289 Campani.
829 2209 863 2270 ln
884 2227 935 2270 ora
951 2209 1027 2268 Savo
1037 2213 1070 2266 61

27 2295 136 2371 larius,
163 2295 339 2357 Volturnum
362 2294 499 2374 oppidum
524 2315 586 2356 cum
608 2314 707 2374 amne,
730 2293 895 2370 Liternum,
920 2291 1027 2354 Cumae

0 2407 14 2426 ›-
27 2377 264 2454 ChalcidensIum,
279 2377 433 2458 Misenum,
449 2389 550 2459 portus
565 2379 707 2457 baiarum,
721 2379 820 2456 Bauli,
836 2377 916 2438 lacus
931 2376 1029 2438 Lucri·

24 2483 67 2522 nus
82 2473 112 2524 et
128 2463 289 2539 Avernus,
310 2466 389 2526 iuxta
412 2481 497 2547 quem
513 2461 696 2524 Cimmerium
718 2465 854 2544 oppidum
875 2461 1027 2540 quondum,

24 2549 80 2608 dein
100 2547 224 2610 Puteoli
253 2549 367 2609 colonia
385 2548 584 2610 Dicaearchus
611 2549 697 2625 dicti,
724 2558 850 2628 postque
872 2546 1026 2623 Phlegraei
1146 2583 1147 2588 κ

25 2637 122 2711 campi,
138 2633 308 2694 Acherusia
324 2633 406 2712 palus
423 2631 520 2693 Cumis
536 2635 641 2695 uicina.
672 2634 760 2694 litore
776 2641 871 2693 autern
886 2629 1072 2708 Neapolis62

26 2715 254 2778 Chalcidensium
271 2727 300 2776 et
312 2719 386 2796 lpse,
399 2717 585 2798 Parthenope
597 2737 613 2778 a
625 2717 733 2777 tumulo
745 2718 858 2776 Sirenis
870 2715 1027 2794 appellata,
1144 2785 1145 2790 η

2 2801 252 2878 allerculaneum,
268 2801 389 2882 Pompei
406 2801 480 2861 haud
498 2803 601 2882 procul
617 2809 751 2880 spectato
768 2807 867 2861 monte
883 2799 1027 2876 Vesuvio,
1142 2811 1145 2878 j

27 2887 155 2948 adluente
171 2903 246 2947 vero
263 2887 356 2946 Sarno
375 2905 472 2964 amne,
495 2905 566 2964 ager
583 2883 745 2946 Nucerinus
770 2895 800 2947 ct
821 2903 926 2946 noveru
951 2884 1028 2944 milia
1141 2887 1144 2954 l

26 2989 153 3044 passuum
176 2989 192 3030 a
216 2973 287 3030 mari
308 2971 372 3049 ipsa
392 2969 535 3048 Nuceria,
553 2971 723 3054 Surrentum
745 2990 808 3031 curn
827 2971 1028 3047 promunturio
1140 2983 1143 3072 q

25 3054 166 3116 llinervac
182 3055 320 3116 SIrenum
341 3055 485 3135 quondam
507 3055 588 3116 sede.
619 3057 766 3134 navigatio
788 3075 804 3115 a
822 3053 943 3116 Cerceis
959 3054 1031 3114 duo-¹
1140 3079 1142 3118 t

25 3140 209 3220 deoctogInta
230 3139 307 3200 milia
329 3159 464 3220 passuum
486 3147 575 3220 patet.
606 3139 704 3220 Regio
726 3159 761 3201 ea
782 3139 915 3200 eliberi
937 3141 1074 3219 primane
1138 3119 1142 3226 J

5 3225 119 3287 ltaliae
136 3235 277 3288 seruatur
291 3243 330 3286 ex
345 3225 544 3305 descriptione
560 3224 694 3304 Augusti.
729 3224 809 3286 Intus
823 3225 957 3286 coloniae
975 3223 1028 3286 Ca·
1047 3273 1049 3277 .
1138 3245 1139 3248 ¹

27 3330 72 3386 pua
83 3311 119 3371 ab
133 3309 184 3374 XL
197 3309 229 3370 M
240 3327 321 3388 pass.
335 3327 437 3389 campo
453 3311 539 3386 dicta,
552 3309 708 3388 Aquinum,
723 3309 842 3386 Suessa,
858 3309 1027 3385 Venafrum,

26 3395 101 3472 Sora,
115 3395 248 3455 Teanum
260 3393 415 3454 Sidicinum
426 3397 612 3473 cognomine,
623 3393 709 3456 Nola.
731 3395 837 3474 oppida
849 3394 1028 3471 Abellinum,

27 3479 129 3552 Aricia,
146 3479 225 3540 Alba
236 3477 347 3560 Longa,
359 3477 513 3557 Acerrani,
528 3478 661 3560 Alliiani,
675 3479 822 3560 Atinates,
838 3479 1031 3558 Aletrinates,
