2308 3936
212 217 292 266 mar.
309 217 402 268 nasu.
418 219 457 268 uu.
481 216 600 272 54-60.
617 209 771 288 (et-61.)
980 209 1022 271 97

38 373 114 433 rectia
128 373 213 452 pulsis
235 393 310 454 quae
336 375 372 436 ab
399 394 507 438 occasu
531 385 621 438 erant.
655 376 752 458 Ipsum
775 377 881 438 ardere
908 377 1021 440 caelum

38 458 135 518 minime
152 459 249 520 mirum
265 469 312 520 est
327 469 357 520 et
374 463 492 540 saepius
507 461 598 522 visum
612 463 722 522 maiore
739 463 798 540 igni
810 460 933 522 nubibus
951 479 1019 522 con·

38 543 119 620 raptis.

83 623 127 687 58.
151 628 235 707 (59.)
263 626 425 690 Celebrant
443 627 549 692 Graeci
570 629 768 708 Anaxagoran
785 627 999 701 Clazomenium
1012 638 1064 694 149

24 710 192 790 ablpmpiadis
208 715 446 792 septuagesimae
462 723 584 776 octavae
600 715 730 776 secundo
746 733 820 776 auno
830 713 1020 795 'praedixisse

38 795 183 856 caelestium
205 797 369 860 litterarum
391 799 512 862 scientia
534 799 638 880 quibus
654 799 757 862 diebus
774 819 874 861 saxum
889 818 1021 860 casurum

37 889 97 940 osset
112 899 128 942 a
143 881 227 958 sole,
243 883 332 962 idque
348 883 456 944 iactum
472 885 595 946 interdiu
610 885 639 944 in
656 884 797 946 Thraciae
813 893 895 964 parte
914 884 950 948 ad
961 883 1020 943 Ae·

34 982 75 1041 gos
87 965 187 1026 humen
216 967 266 1046 qui
281 967 358 1046 lapis
370 967 531 1030 etiamnunc
543 970 704 1030 ostenditur
715 970 908 1048 magnitudine
923 967 1019 1044 vehis,

36 1050 115 1110 colore
131 1051 236 1112 adusto
265 1061 381 1114 comete
397 1070 514 1133 quoqne
531 1054 588 1116 illis
603 1053 738 1116 noctibus
753 1055 905 1133 llagraute.
934 1051 1021 1128 Quod

15 1133 51 1190 ulai
63 1136 117 1214 quis
131 1136 315 1214 praedictum
333 1137 444 1216 credat,
462 1139 545 1200 simul
561 1139 685 1200 fateatur
699 1157 826 1200 necesse
843 1148 888 1200 est
903 1137 1021 1198 maioris

35 1219 139 1280 ulraculi
155 1221 335 1284 divinitatem
349 1221 545 1301 Anaxagorae
568 1224 677 1302 foisse,
701 1224 835 1303 solvique
857 1240 955 1284 rerum
971 1238 1020 1280 na·

34 1315 93 1364 turae
107 1305 290 1367 intellectum
306 1316 336 1366 ct
354 1308 490 1370 conlundi
503 1310 608 1386 omnia,
626 1309 650 1368 si
666 1317 714 1369 aut
726 1307 790 1388 ipse
806 1307 852 1368 sol
864 1307 939 1386 lapis
951 1322 1020 1365 esse

34 1398 207 1472 enumquam
232 1391 359 1470 lapidem
376 1393 405 1452 in
427 1411 464 1454 eo
479 1394 571 1454 fuisse
594 1391 738 1454 credatur.
767 1393 905 1454 decidere
923 1400 1020 1452 tamen

33 1473 114 1534 crabro
130 1493 192 1536 non
205 1476 262 1536 erit
278 1475 402 1538 dubium.
426 1477 459 1538 ln
472 1476 570 1554 Abydi
585 1478 736 1556 gymnasio
750 1496 835 1538 exea
848 1491 997 1538 causaco·
1011 1481 1061 1536 150

14 1557 79 1618 alitur
91 1558 241 1642 hodieque
264 1561 396 1622 modicus
416 1562 532 1641 quidem
550 1563 604 1624 sed
620 1580 706 1641 quem
722 1562 750 1622 in
765 1562 860 1624 media
877 1570 1020 1621 terrarum

32 1661 137 1704 canuam
158 1645 240 1706 idem
264 1645 457 1723 Anaxagoras
482 1647 665 1725 praedixisse
691 1656 831 1707 narratur.
865 1645 969 1706 colitur
991 1651 1020 1703 et

32 1725 221 1806 tessandriae,
241 1748 317 1809 quae
333 1729 473 1792 Potidaea
488 1732 614 1792 vocitata
633 1739 678 1792 est
696 1730 734 1792 ob
750 1731 778 1792 id
797 1730 932 1792 deducta.
960 1743 1018 1806 ego

31 1813 75 1889 lpse
90 1814 146 1876 vidi
169 1815 199 1876 ia
214 1814 426 1879 Vocontiorum
442 1833 514 1894 agro
529 1817 618 1896 paulo
635 1825 701 1876 ante
718 1815 854 1877 delatum.

71 1899 105 1960 59
118 1896 206 1978 (60.)
223 1899 339 1962 Arcuus
353 1917 492 1962 vocamus
519 1910 601 1962 extra
621 1900 789 1962 miraculum
804 1903 976 1976 trequentes
990 1903 1019 1954 et

11 1991 93 2043 cextra
106 1992 264 2058 ostentum,
283 2003 348 2046 nam
359 2003 397 2045 ue
409 1985 525 2064 pluvios
542 1985 658 2066 quidem
673 1993 721 2046 aut
736 2000 860 2046 serenos
876 1983 939 2044 dies
956 1998 1019 2040 cnm

32 2066 70 2128 lle
83 2069 269 2147 portendunt.
291 2067 476 2131 Manifestum
492 2079 537 2132 cst
552 2071 662 2132 radium
678 2069 750 2130 solis
766 2069 913 2130 inmissum
929 2081 1020 2126 cavae

32 2151 78 2212 nubi
96 2154 217 2234 repulsa
240 2155 305 2214 acie
320 2154 348 2214 in
367 2154 460 2216 solem
479 2154 617 2232 refringi,
642 2153 832 2234 colorumque
849 2153 1020 2213 varietatem

31 2237 126 2300 mixtura
140 2239 274 2316 nubium,
290 2239 414 2317 ignium,
432 2239 509 2300 acris
526 2239 599 2300 lieri.
642 2248 722 2302 certe
738 2240 793 2299 nisi
811 2237 875 2298 sole
894 2237 1019 2297 adverso

30 2339 70 2380 non
80 2323 160 2401 liunt,
177 2342 238 2384 uec
253 2341 388 2404 umquam
402 2325 457 2384 nisi
473 2323 588 2384 dimidia
604 2323 706 2384 circuli
723 2323 831 2398 torma,
847 2339 904 2382 nec
919 2329 1018 2394 noctu,

9 2411 138 2484 aquensis
152 2407 338 2470 Aristoteles
355 2409 461 2488 prodat
476 2408 631 2488 aliquando
647 2410 755 2484 visum,
773 2407 851 2488 quod
865 2416 962 2468 tamen
977 2403 1018 2464 ia·

29 2499 85 2552 tetur
98 2493 174 2554 idem
190 2509 252 2554 nou
266 2493 323 2554 nisi
337 2495 485 2554 tricesima
497 2493 564 2555 luna
577 2510 677 2572 posse.
700 2491 785 2554 Fiunt
795 2501 889 2552 autem
902 2491 997 2551 hieme
1011 2497 1060 2550 151

28 2577 126 2637 mammo
152 2578 190 2640 ab
210 2579 399 2658 aequinoctio
416 2579 572 2640 autumnali
588 2577 635 2640 die
652 2577 859 2651 decrescente,
883 2592 942 2656 quo
957 2591 1019 2634 rur·

30 2676 63 2717 sus
77 2671 232 2724 crescente
251 2662 288 2724 ab
304 2663 492 2744 aequinoctio
507 2680 599 2724 verno
617 2679 675 2722 non
701 2663 849 2737 existunt,
867 2674 923 2719 nec
940 2657 1020 2718 circa

30 2743 158 2808 solstitium
174 2747 357 2826 longissimis
374 2746 495 2823 dicbus,
511 2745 611 2808 bruma
622 2765 710 2822 vero,
728 2747 757 2807 id
770 2755 815 2806 est
827 2741 1019 2816 brevissimis,

10 2827 186 2908 hitquenter.
216 2832 306 2894 iidem
325 2831 466 2893 sublimes
487 2830 586 2892 humili
607 2830 672 2892 sole
693 2830 875 2908 humilesque
892 2825 1018 2902 sublimi,

32 2921 50 2970 tt
60 2917 179 2978 minores
197 2917 314 2978 oriente
332 2925 381 2978 aut
397 2915 563 2993 occidente,
581 2916 635 2976 sed
650 2917 679 2976 iu
694 2915 872 2976 latitudinem
888 2910 1018 2986 demissi,

30 2999 127 3062 meridie
145 3001 262 3078 exiles,
281 3017 381 3062 verum
399 2998 541 3060 ambituus
558 3001 685 3062 maioris.
720 3008 831 3060 aestate
854 3005 950 3058 autem
965 3013 1020 3074 per

30 3085 155 3146 meridiem
172 3103 233 3146 uon
249 3094 414 3162 cernuntur,
432 3095 500 3164 post
515 3086 639 3148 autumni
655 3083 868 3164 aequinoctium
884 3097 1019 3161 quacum·

31 3183 71 3243 que
86 3167 165 3246 hora,
182 3189 240 3232 nec
256 3181 389 3250 amquam
405 3168 506 3250 plures
522 3169 606 3231 simul
622 3187 707 3250 quam
723 3170 789 3229 duo.

9 3265 25 3307 ³⁵
74 3253 152 3332 (ot.)
172 3251 282 3316 Cetera
296 3255 427 3317 eiusdem
446 3263 564 3318 naturae
580 3271 638 3314 non
656 3253 751 3314 multis
768 3253 855 3314 dubia
873 3269 941 3312 esse
959 3251 1062 3310 11151

33 3331 82 3394 leo.
101 3337 148 3400 60.
165 3339 338 3416 grandinem
354 3338 538 3416 conglaciato
553 3338 645 3400 imbre
663 3339 744 3416 gigni
760 3347 789 3398 et
806 3339 901 3398 nivem
914 3333 1019 3396 eodem

32 3435 111 3481 umore
121 3423 236 3486 mollius
249 3433 365 3502 coacto,
381 3424 511 3504 pruinam
523 3434 618 3486 autem
631 3441 669 3484 ex
679 3441 748 3484 rore
761 3423 871 3502 gelido,
890 3438 944 3499 per
956 3417 1017 3478 hie·

33 3517 90 3564 uem
100 3507 182 3568 uires
195 3508 320 3585 cadere,
337 3526 395 3570 nou
411 3510 583 3587 mundinas,
603 3508 742 3588 ipsasque
757 3507 914 3585 grandines
931 3505 1018 3567 inter·

99 3611 163 3650 nuum
181 3615 244 3654 aar.
264 3614 335 3652 nusr.
365 3599 386 3654 t.
796 3593 815 3650 7
