2408 3934
150 176 212 242 180
359 237 361 242 ,
498 187 528 237 c.
548 183 643 234 rnrur
660 184 809 238 sucunnr

149 358 255 424 torum,
274 364 348 425 uuae
364 354 395 406 et
409 343 571 406 Veneticae
587 341 785 422 appellantur,
807 352 838 404 et
856 343 885 404 in
906 343 1079 424 Aquitanico
1093 348 1143 410 sicu

148 432 276 494 Uliaros.

99 527 149 580 110
221 514 271 580 20.
290 513 375 596 (34.)
397 514 582 592 APyrenaei
604 514 803 593 promunturio
819 511 958 594 Hispania
973 517 1087 597 incipit,
1108 537 1143 578 an·

115 605 139 683 ,³,·
150 605 266 682 gustior
279 619 337 662 uon
353 600 445 662 Callia
465 600 551 660 modo
569 615 670 659 verum
685 601 771 659 etiam
786 601 962 680 semetipsa,
981 609 1013 662 ut
1029 601 1144 678 diximus,

150 692 309 749 inmensum
325 694 460 765 quantum
479 683 546 750 hine
565 701 677 745 oceano
699 683 779 744 illinc
797 679 936 746 Hiberico
954 689 1025 748 mari
1047 689 1163 766 carpsi-s

150 772 305 833 mentibus.
324 770 393 850 Ipsa
407 769 551 846 Pyrenaei
572 771 639 846 iuga
655 769 691 829 ab
707 777 813 830 exortu
829 771 1036 850 aequinoctiali
1051 773 1108 832 lusa
1123 773 1145 831 in

151 873 286 919 occasum
303 854 461 916 brumalem
476 853 631 916 breviores
647 853 742 916 latere
763 855 986 934 septentrionali
1002 875 1085 936 quam
1101 875 1146 918 mc

150 942 263 1003 ridiano
284 939 436 1020 Hispanias
461 941 578 1001 iaciunt.
619 938 752 1000 Proxima
774 957 826 1002 ora
846 940 994 1002 citerioris
1020 950 1067 1002 est
1086 944 1146 1002 eius·

150 1027 274 1106 demque
288 1025 516 1088 Tarraconensis
530 1028 620 1086 situus
633 1043 649 1086 a
663 1025 815 1103 Pyrenaeo
831 1043 885 1106 per
899 1043 1041 1090 oceanum
1054 1025 1146 1088 Vasco·

149 1131 215 1172 num
233 1111 340 1189 saltus,
358 1109 478 1188 Olarso,
498 1110 690 1172 vardulorum
710 1109 832 1190 oppida,
853 1107 988 1189 Morogi,
1011 1109 1170 1188 merosum

150 1197 331 1276 Vesperies,
355 1196 495 1257 Amanum
516 1203 635 1276 portus,
665 1194 713 1254 ubi
736 1213 810 1255 nunc
829 1193 1016 1258 Flauiobrica
1036 1197 1145 1258 colonia.

100 1293 146 1344 111
163 1279 327 1342 Civitatium
346 1279 430 1340 VIHI
448 1281 533 1358 regio
556 1278 780 1357 Cantabrorum,
803 1279 908 1341 llumen
929 1280 1040 1360 Sauga,
1060 1290 1146 1362 portus

151 1369 301 1429 Victoriae
322 1365 583 1425 Iuliobricensium.
619 1383 653 1426 ac
673 1383 710 1426 eo
733 1365 801 1428 loco
820 1367 918 1427 fontes
939 1365 1044 1427 Hiberi
1066 1363 1148 1426 Xbll

150 1469 293 1532 passuum.
316 1458 418 1529 portus
433 1447 593 1510 Blendium.
613 1447 824 1528 Orgenomesci
840 1447 1035 1513 eCantabris.
1061 1461 1148 1532 portus

151 1553 252 1598 eorum
280 1534 475 1596 Vereasueca.
522 1535 606 1611 regio
637 1534 791 1615 Asturum,
821 1533 925 1613 Noega
950 1537 1104 1616 oppidum,
1127 1538 1171 1594 inc

150 1619 319 1701 paeninsula
334 1618 466 1697 Paesici,
489 1629 519 1680 ct
537 1618 641 1680 deinde
656 1629 817 1682 conventus
832 1618 991 1699 Lucensis,
1014 1639 1030 1682 a
1047 1620 1148 1682 flumine

149 1703 343 1766 Nauialbicne
359 1701 493 1782 Cibarci,
510 1703 643 1781 Egivarri
667 1706 841 1782 cognomine
861 1703 1027 1784 Namarini,
1044 1705 1148 1780 Iadovi,

150 1791 270 1868 Arroni,
285 1788 476 1851 Arrotrebae.
508 1791 733 1869 promunturium
749 1787 900 1868 Celticum,
917 1808 1018 1852 amnes
1034 1789 1148 1858 Florius,

149 1875 237 1936 Nelo.
271 1872 375 1935 Celtici
397 1874 570 1952 cognomine
586 1871 657 1933 Neri
680 1883 710 1934 et
731 1893 821 1954 super
837 1871 980 1936 Tamarici
997 1892 1116 1954 quorum
1129 1875 1150 1932 iu

149 1957 320 2039 paeninsula
336 1969 397 2018 tres
415 1977 483 2020 arae
499 1957 652 2018 Sestianae
669 1958 802 2036 Augusto
818 1958 948 2036 dicatae,
965 1957 1095 2038 Copori,
1110 1974 1172 2036 opu

149 2045 246 2126 pidum
273 2041 385 2120 Noeta,
408 2041 512 2104 Celtici
534 2045 708 2120 cognomine
729 2042 955 2120 Praestamarci,
982 2041 1089 2104 Cileni.
1122 2061 1150 2102 er

100 2143 149 2196 112
161 2127 262 2188 insulis
284 2127 474 2188 nominandae
493 2125 638 2188 Corticata
654 2135 685 2188 et
704 2126 826 2188 Aunios.
856 2127 882 2187 A
900 2124 1013 2188 Cilenis
1037 2145 1150 2189 conven-

151 2222 195 2274 tus
217 2212 386 2289 Bracarum,
407 2209 537 2288 Helleni,
561 2209 666 2288 Groui,
688 2211 839 2272 castellum
862 2211 960 2290 Tyde,
984 2211 1150 2274 Graecorum

150 2297 263 2359 sobolis
281 2299 385 2358 omnia.
422 2296 534 2356 insulae
556 2293 681 2374 Signac,
700 2296 836 2375 oppidum
860 2297 1021 2358 Abobrica.
1058 2295 1150 2357 Minius

150 2383 239 2442 amnis
255 2381 311 2442 llll
329 2379 360 2442 -Μ
376 2399 453 2461 pass.
474 2399 526 2442 ore
547 2381 709 2459 spatiosus,
730 2379 839 2460 Leuni,
859 2381 983 2457 Seurbi,
1007 2379 1175 2442 Bracaruna

150 2465 285 2546 oppidum
300 2467 443 2543 Augusta,
456 2483 530 2544 quos
540 2483 629 2544 super
641 2463 795 2526 Gallaecia.
823 2464 927 2525 llumen
937 2463 1041 2544 limia,
1057 2465 1151 2526 Durius

150 2554 240 2612 amnis
258 2550 295 2612 e'x
311 2552 440 2611 maximis
456 2549 631 2629 Hispaniae,
652 2557 734 2609 crtus
747 2551 777 2609 iu
792 2549 1012 2610 Pelendonibus
1034 2559 1067 2612 et
1084 2553 1151 2609 iuxta

148 2635 329 2696 Numantiam
351 2635 465 2714 lapsus,
494 2634 561 2695 dein
576 2652 631 2713 per
646 2633 799 2695 Arevacos
819 2633 1034 2714 Vaccaeosque
1061 2635 1152 2696 dister·

149 2723 263 2781 minatis
280 2722 314 2781 ab
332 2720 450 2779 Asturia
464 2717 653 2797 Vettonibus,
670 2737 686 2779 a
700 2715 847 2779 Lusitania
862 2717 1021 2797 Callaecis,
1035 2720 1078 2781 ibi
1093 2735 1151 2798 quc·

150 2824 206 2885 que
219 2805 362 2864 Turdulos
379 2802 539 2864 aBracaris
551 2821 662 2864 arcens.
692 2805 843 2882 omnisque
859 2802 934 2863 dicta
945 2807 1032 2883 regio
1045 2823 1063 2865 a
1074 2803 1176 2881 Pyre-u

149 2908 224 2952 nueo
238 2889 363 2949 metallis
378 2889 487 2948 referta
499 2890 572 2964 auri,
585 2889 710 2967 argenti,
723 2889 805 2966 ierri,
817 2888 925 2968 plumbi
941 2891 1018 2966 nigri
1032 2889 1153 2968 albique.

100 2984 148 3038 113
221 2971 272 3036 21.
295 2969 377 3054 (35.)
403 2971 540 3032 ADurio
561 2971 707 3033 Lusitania
726 2973 836 3052 incipit.
887 2971 1008 3042 Turduli
1030 2983 1153 3046 veteres,

149 3059 286 3135 Paesuri,
303 3057 407 3116 llumcn
422 3057 532 3134 Vagia,
554 3057 689 3136 oppidum
706 3057 874 3135 Talabrica,
898 3057 1038 3136 oppidum
1063 3067 1094 3119 et
1114 3057 1154 3116 du·

149 3163 215 3204 men
232 3142 412 3220 Aeminium,
439 3141 545 3219 oppida
562 3140 781 3220 Coniumbrica,
807 3139 962 3222 Collippo,
988 3141 1154 3204 Eburobrit-

151 3229 228 3288 tium.
269 3226 406 3288 Excurrit
422 3225 526 3286 deinde
548 3227 577 3286 iu
598 3225 683 3288 altum
697 3234 782 3286 uasto
809 3245 898 3288 cornu
920 3230 1177 3305 promunturiumu

151 3312 228 3390 quod
243 3312 330 3389 aliqui
346 3309 502 3370 Artabrum
517 3311 718 3391 appellavere,
734 3311 781 3370 alii
796 3311 941 3390 Nagnum,
956 3312 1041 3372 multi
1057 3311 1154 3390 Olisip-

151 3415 282 3475 ponense
298 3395 334 3454 ab
351 3395 478 3474 oppido,
496 3403 600 3474 terras,
616 3396 720 3472 maria,
736 3395 846 3456 caelum
862 3395 1078 3459 discriminans.
1113 3397 1154 3456 illo

146 3481 248 3542 linitur
266 3479 422 3558 Hispaniae
445 3479 520 3540 latus
541 3490 571 3542 et
591 3499 607 3542 a
630 3481 754 3541 circuitu
779 3483 842 3542 eius
863 3482 966 3562 incipit
987 3483 1084 3544 lrons.
1113 3478 1153 3543 Pl.
