2414 3936
186 175 224 237 78
573 182 669 228 l‘LINI
686 181 836 229 SECUNDI

187 340 316 400 feruntur
333 347 421 414 motu,
438 346 516 398 tanto
531 338 676 413 minores,
695 356 757 398 cum
775 337 875 397 hocin
895 336 1043 397 altissimis
1060 339 1180 416 apsidum

146 439 179 497 71
188 425 284 485 evenit
302 425 402 502 signis.
424 421 470 482 Ab
487 431 590 482 exortu
608 424 776 501 vespertino
790 421 909 482 latitudo
925 421 1109 482 descenditur
1119 442 1179 502 par-

188 511 249 570 eius
265 510 320 567 iam
335 527 368 568 se
385 509 529 568 minuente
544 515 640 583 motu,
666 524 723 566 non
738 515 833 567 tamen
849 515 915 566 ante
930 507 1072 566 stationes
1087 526 1180 568 seeun-

187 594 238 654 das
255 602 395 670 augente,
425 610 488 652 cum
504 601 533 651 et
548 590 669 652 altitudo
688 591 887 667 descenditur,
911 593 1135 670 superveniente
1148 593 1181 652 alt

187 676 244 737 alio
269 677 361 738 latere
381 677 461 737 radio
485 676 646 755 eademque
665 677 694 735 vi
716 695 814 736 rursus
837 675 872 736 ad
892 684 987 736 terras
1010 677 1199 755 deprimentes

187 779 249 840 qua
264 761 423 820 sustulerat
444 761 472 820 in
489 760 602 822 eaelum
618 780 634 820 e
650 761 748 840 priore
763 762 915 840 triquetro.
934 769 1044 820 tantum
1058 763 1182 837 interest,

187 845 310 906 subeant
324 847 398 906 radii
414 863 450 906 an
464 847 680 926 superveniant,
704 845 853 924 multoque
870 843 973 904 eadem
988 847 1082 922 magis
1097 847 1126 905 in
1138 865 1183 905 ve·

187 931 317 1008 spertino
334 947 442 991 occasu
458 929 600 991 accidunt.
628 929 710 991 llaec
723 937 768 989 est
783 931 963 1010 superiorum
981 930 1131 990 stellarum
1144 950 1184 990 ra·

186 1014 239 1090 tlo,
255 1013 402 1075 difficilior
418 1014 592 1096 reliquarum
611 1025 640 1075 et
659 1033 674 1074 a
691 1013 769 1074 nullo
786 1024 852 1075 aute
868 1032 921 1074 nos
938 1014 1064 1075 reddita.

145 1109 179 1166 72
251 1099 298 1160 17.
318 1099 402 1178 (14.)
421 1099 544 1160 Primum
561 1100 647 1176 igitur
662 1100 783 1174 dicatur,
803 1118 854 1159 cur
869 1098 994 1160 Veneris
1010 1099 1097 1161 stella
1113 1119 1200 1161 num-1

180 1203 263 1262 quam
281 1185 398 1264 longius
414 1185 504 1246 XLVI
521 1187 670 1265 portibus,
694 1184 818 1242 Mercuri
834 1181 931 1241 XXllI
949 1183 984 1242 ab
1007 1183 1073 1243 sole
1088 1183 1180 1242 absce-

179 1268 257 1346 dunt,
274 1288 365 1350 saepe
379 1274 450 1331 citra
463 1289 513 1331 eas
526 1269 561 1330 ad
573 1269 666 1328 solem
680 1269 873 1346 reciprocent.
901 1264 1069 1327 conversas
1081 1266 1183 1327 hahent

181 1363 323 1435 utraeque
339 1353 455 1434 apsidas
471 1363 501 1412 ut
515 1352 587 1412 inira
604 1351 697 1412 solem
714 1352 805 1426 sitae,
822 1359 989 1429 tantumque
1007 1351 1126 1410 circulis
1142 1369 1182 1409 ea·

182 1457 243 1498 rum
265 1437 418 1499 subterra
441 1447 486 1498 est
509 1445 643 1518 quantum
661 1453 792 1516 ‚superne
813 1435 1044 1514 praedictarum,
1069 1443 1099 1495 et
1122 1436 1182 1495 ideo

182 1541 240 1582 non
256 1533 377 1602 possunt
393 1522 500 1584 abesse
517 1520 654 1602 amplius,
681 1522 814 1600 quoniam
830 1527 981 1580 curvatura
1000 1519 1136 1597 apsidum
1150 1519 1205 1578 iliu

182 1607 344 1669 nonhabet
361 1607 569 1686 longitudinem
584 1608 731 1667 maiorem.
750 1623 822 1683 ergo
842 1606 953 1682 utrique
970 1603 1056 1664 simili
1074 1606 1183 1664 ratione

182 1693 297 1754 modum
314 1702 438 1754 statuunt
456 1692 585 1771 apsidum
601 1709 715 1752 suarum
731 1690 876 1768 margines
895 1707 929 1749 ac
947 1689 1040 1767 spatia
1062 1688 1183 1767 longitu-

140 1785 175 1842 ta
184 1777 257 1838 dinis
275 1778 451 1839 latitudinum
467 1777 640 1854 evagatione
655 1784 786 1851 pensant.
818 1773 857 1832 At
879 1773 954 1832 enim
971 1791 1023 1832 cur
1037 1790 1099 1833 non
1116 1793 1183 1833 sen·

179 1879 234 1940 per
254 1862 288 1922 ad
307 1863 494 1943 quadraginta
512 1883 566 1925 sex
585 1872 615 1924 et
631 1863 666 1923 ad
683 1871 781 1943 partes
796 1860 898 1938 viginti
918 1867 979 1918 tres
993 1855 1184 1935 perveniunt?

178 1963 254 2006 mmo
266 1966 351 2024 vero,
371 1948 424 2008 sed
436 1949 512 2010 ratio
523 1950 680 2008 canonicos
692 1946 776 2007 fallit.
800 1961 922 2022 namque
935 1941 1060 2020 adparet
1072 1941 1200 2020 apsidas:

182 2047 298 2108 quoque
315 2049 411 2090 earum
427 2047 554 2106 movent,
572 2034 650 2110 quod
666 2047 817 2110 numquam
831 2037 980 2090 transeant
995 2030 1103 2090 solem.
1137 2031 1182 2090 lta·

181 2131 238 2192 que
262 2131 325 2174 curn
347 2115 375 2173 in
398 2123 509 2193 partem
530 2115 622 2194 ipsam
645 2116 707 2174 eius
729 2115 858 2176 incidere
880 2115 1026 2192 margines
1045 2114 1182 2175 alterutro
1204 2113 1205 2182 l

181 2196 290 2276 latere,
307 2207 365 2259 tum
381 2207 411 2258 et
426 2198 531 2259 stellae
548 2199 584 2260 ad
599 2199 768 2277 longissima
787 2218 837 2260 sua
856 2198 1009 2259 intervalla
1026 2201 1182 2278 pervenire
1203 2209 1204 2294 p

181 2280 395 2361 intelleguntur.
416 2302 479 2344 cunr
498 2284 568 2345 citra
586 2284 669 2344 luere
684 2285 836 2362 margines,
846 2284 965 2345 totidem
982 2282 1120 2363 partibus
1162 2292 1183 2341 et

180 2364 264 2444 ipsae
288 2369 369 2428 ocius
391 2368 488 2428 redire
512 2368 682 2445 ereduntur,
710 2387 774 2429 cunr
797 2373 833 2429 sit
853 2369 903 2430 illa
926 2386 1047 2447 semper
1072 2371 1202 2448 utriqmt

138 2453 347 2513 llextremitas
366 2471 482 2514 summa.
515 2452 587 2514 Hinc
610 2462 639 2513 et
661 2454 735 2514 ratio
755 2463 881 2514 motuum
904 2470 1049 2514 conversa
1073 2429 1202 2516 intelle-l

178 2536 265 2612 gitur.
300 2540 469 2617 superiores
486 2540 560 2598 enim
577 2538 730 2599 celerrime
746 2539 876 2599 feruntur
891 2540 920 2598 in
935 2556 1046 2600 occasu
1063 2535 1201 2628 vesper-l

178 2621 249 2697 tino,
266 2621 322 2683 hae
339 2623 511 2684 tardissime.
538 2622 607 2684 illae
624 2640 640 2684 a
655 2631 734 2684 terra
750 2623 889 2685 altissime
905 2623 1026 2700 absunt,
1046 2643 1116 2685 cum
1134 2629 1200 2684 tan

179 2705 297 2767 dissime
313 2717 474 2784 moventur,
489 2709 556 2785 hae,
574 2726 637 2768 cum
653 2709 798 2769 ocissime.
823 2707 897 2783 Quia
912 2710 987 2769 sicut
999 2710 1027 2768 in
1043 2709 1105 2772 illis
1123 2727 1183 2788 pro·

179 2790 324 2870 pinquitas
342 2792 434 2853 centri
451 2792 601 2854 adcelerat
617 2794 655 2854 ita
670 2794 698 2852 in
713 2793 757 2854 his
776 2793 942 2854 extremitas
967 2794 1088 2872 circuli,
1120 2794 1183 2855 illae

178 2874 214 2934 ab
233 2884 338 2935 exortu
353 2878 490 2938 matutino
508 2879 636 2938 minuere
654 2877 834 2940 celeritatem
856 2879 1011 2958 incipiunt,
1035 2878 1094 2940 lrae
1115 2897 1167 2939 ver

178 2976 299 3036 augere.
334 2959 402 3021 illae
424 2970 503 3022 retro
525 2979 639 3022 cursum
660 2972 747 3041 agunt
762 2981 778 3024 a
793 2963 917 3024 statione
938 2965 1077 3025 matutina
1093 2983 1166 3044 usqu

178 3043 214 3102 ad
231 3047 445 3124 vespertinam,
472 3044 596 3107 Veneris
614 3065 630 3108 a
648 3049 817 3127 vespertina
840 3065 933 3129 usque
953 3049 988 3110 ad
1006 3051 1172 3110 matutinam

136 3125 279 3207 itlncipit
295 3139 389 3191 autem
407 3130 443 3190 ab
461 3140 565 3193 exortu
580 3132 716 3193 matutino
738 3132 915 3195 latitudinem
936 3133 1099 3210 scandere,
1125 3135 1171 3195 alti

175 3213 304 3274 tudinem
320 3233 393 3275 vero
412 3233 447 3276 ac
463 3215 556 3278 solem
573 3217 686 3296 insequi
702 3236 719 3280 a
737 3217 860 3278 statione
876 3219 1028 3296 matutina,
1047 3219 1166 3280 ocissim

176 3297 204 3358 in
229 3315 338 3360 occasu
364 3301 500 3360 matutino
527 3310 556 3361 et
583 3302 735 3380 altissima,
764 3302 886 3381 degredi
912 3311 1007 3364 autern
1033 3303 1165 3380 latitudis

176 3391 342 3462 motumque
366 3384 496 3444 minuere
514 3385 551 3446 ab
570 3397 673 3448 exortu
694 3389 881 3467 vespertino,
905 3397 986 3448 retro
1006 3389 1127 3469 quidem
1144 3390 1181 3451 irt

176 3467 319 3546 simulque
342 3467 491 3529 altitudine
516 3470 671 3548 degredia
693 3473 817 3533 statione
840 3474 1020 3552 vespertina.
1058 3472 1172 3534 llercur
