2396 3940
135 171 201 237 300
492 169 521 225 c.
539 168 640 224 rnmr
659 167 816 224 sncnnnr

83 332 116 382 ta
137 321 297 384 Scanchro.
339 314 413 404 (40)
435 328 542 400 petunt
566 329 596 381 et
617 321 650 380 in
669 318 830 380 Carmanos
852 316 991 378 arborem
1012 315 1130 378 stobrum

136 411 172 473 ad
191 411 319 494 suffitus,
336 411 488 492 pertusam
506 412 575 471 vino
593 409 707 491 palmeo
727 407 932 470 accendentes.
953 406 1054 467 buius
1070 405 1131 466 odor

135 501 213 562 redit
236 519 253 561 a
276 502 402 562 camaris
424 500 461 561 ad
484 500 589 582 solum,
611 496 760 560 iucundus
784 497 836 558 sed
860 497 1021 576 adgravans
1042 497 1133 576 capita,

83 597 117 648 80
136 593 212 654 citra
235 589 368 651 dolorem
391 599 498 650 tamen.
539 589 596 649 hcc
620 605 758 649 somnum
780 588 878 666 aegris
901 593 1055 666 quaerunt.
1095 584 1134 644 bis

136 680 324 742 commerciis
348 677 438 739 Carra
469 677 611 759 oppidum
639 695 797 759 aperuere,
825 676 905 756 quod
933 683 980 736 est
1006 673 1047 735 ibi
1070 687 1154 735 nun-⁵

135 769 292 830 mnodum.
343 767 413 829 inde
444 766 573 829 Gabbam
603 785 706 828 omnes
735 774 839 846 petere
869 763 1005 826 solebant
1033 764 1134 826 dierum

135 861 239 938 viginti
268 859 377 919 itinere
407 865 438 918 et
464 855 651 918 Palaestinen
679 856 803 938 Syriam.
855 861 959 936 postea
990 853 1135 915 Characem

135 950 197 1027 peti
215 954 356 1027 coeptum
378 964 412 1007 ac
435 965 527 1027 regna
545 945 724 1007 Parthorum
747 963 784 1006 ex
807 963 843 1006 ea
865 963 956 1006 causa
978 951 1137 1005 auctorest

137 1035 230 1097 luba.
267 1035 340 1098 mibi
363 1036 400 1097 ad
417 1035 526 1097 Persas
550 1038 638 1096 etiam
660 1037 745 1116 prius
767 1037 825 1096 ista
847 1041 984 1115 portasse
1008 1051 1091 1113 quam
1111 1035 1135 1092 in

127 1125 252 1206 ,Syriam
269 1133 322 1187 aut
339 1125 504 1206 Aegyptum
523 1125 662 1186 videntur
679 1124 861 1186 Herodoto
881 1131 972 1206 teste,
984 1125 1043 1203 qui
1059 1122 1137 1184 tradit
1148 1133 1165 1174 1⁰

136 1215 251 1295 siugvda
274 1215 355 1279 milia
378 1215 522 1277 talentum
545 1233 642 1276 annua
670 1217 747 1276 turis
775 1216 941 1294 pensitasse
966 1213 1075 1274 Arabas
1100 1231 1137 1272 re·

82 1311 115 1361 81
135 1303 223 1384 gibus
242 1303 413 1366 Persarum.
459 1323 495 1366 ex
519 1305 603 1385 Syria
625 1303 772 1366 revehunt
793 1311 953 1386 styracem,
977 1305 1039 1364 acri
1059 1302 1138 1362 odore

136 1395 201 1454 eius
223 1395 255 1454 in
274 1395 348 1454 locis
372 1393 525 1474 abigentes
548 1411 674 1454 suorum
692 1394 851 1454 fastidium.
889 1401 990 1455 cetero
1014 1409 1073 1454 non
1094 1391 1138 1452 alia

136 1492 206 1544 sunt
228 1482 301 1563 ligni
323 1501 433 1563 genera
455 1486 486 1544 in
515 1501 571 1545 usu
602 1501 691 1564 quam
718 1483 852 1565 odorata,
880 1482 1023 1562 cibosque
1048 1481 1138 1542 Sabaei

136 1581 272 1652 coquunt
292 1575 368 1634 turis
391 1573 485 1656 ligno,
512 1573 562 1634 alii
589 1591 723 1656 murrae,
751 1573 930 1654 oppidorum
957 1575 1165 1651 vicorumque

135 1679 196 1722 non
219 1662 276 1724 alio
296 1681 384 1742 quam
408 1682 445 1723 ex
467 1665 527 1724 aris
550 1663 632 1723 sumo
656 1671 745 1743 atquc
768 1663 882 1724 nidore.
918 1662 955 1723 ad
977 1662 1059 1724 hunc
1080 1679 1138 1740 ergo

136 1751 300 1813 sanandum
323 1759 470 1832 styracem
493 1755 524 1813 in
547 1751 669 1813 follibus
690 1760 798 1832 petunt
819 1753 945 1814 hircinis
968 1752 1138 1830 suffiuntque

134 1848 221 1901 tecta.
259 1841 331 1902 adeo
355 1841 436 1902 nulla
459 1850 505 1902 est
527 1840 663 1922 voluptas
687 1859 763 1921 quae
786 1859 847 1902 non
870 1840 1049 1902 adsiduitate
1072 1842 1137 1901 iasti-

135 1929 217 1991 dium
239 1933 342 2011 pariat.
389 1931 517 1993 eundem
540 1939 570 1992 et
594 1930 630 1992 ad
654 1939 810 2012 serpentes
833 1931 977 2012 fugandas
1001 1932 1137 1993 uruntin

135 2019 292 2080 odoriferis
314 2019 397 2081 silvis
420 2022 685 2100 frequentissimas.
1147 2029 1181 2072 tt}

82 2114 116 2166 82
207 2103 264 2170 18.
289 2104 363 2194 (41)
387 2109 452 2171 Non
472 2117 543 2171 sunt
565 2127 671 2170 eornm
693 2112 914 2172 cinnamomum
937 2119 989 2172 aut
1012 2112 1095 2191 casia,
1114 2115 1137 2168 et

135 2205 234 2258 tamen
257 2198 327 2258 felix
351 2198 516 2280 appellatur
537 2199 658 2282 Arabia,
686 2199 751 2260 falsi
774 2207 805 2260 et
826 2202 936 2280 ingrati
958 2201 1136 2280 cognominis,

135 2304 210 2364 quae
234 2286 291 2348 boc
315 2297 472 2369 acceptum
490 2291 612 2369 'superis
635 2290 720 2371 ferat,
744 2307 813 2351 cum
834 2289 903 2370 plus
927 2307 964 2351 ex
987 2309 1023 2350 eo
1046 2289 1136 2350 inlen's

135 2372 249 2437 debeat.
277 2375 394 2440 beatam
407 2378 487 2439 illam
501 2378 573 2439 lecit
586 2378 742 2440 bominum
760 2381 849 2440 etiam
867 2381 899 2440 in
917 2388 1015 2441 morte
1034 2379 1134 2441 luxuria

81 2471 114 2522 83
135 2483 210 2544 quae
235 2467 280 2527 dis
303 2467 512 2529 intellexerant
534 2469 635 2547 genita
657 2469 842 2530 inurentium
865 2469 1023 2531 defunctis.
1058 2467 1162 2549 perite

133 2573 236 2616 rernm
260 2556 435 2618 adseverant
458 2576 518 2617 non
541 2557 621 2618 serre
650 2565 766 2619 tantum
789 2565 887 2621 annuo
915 2559 980 2620 fetu
1008 2567 1133 2639 quantun

133 2643 212 2705 Nero
235 2648 377 2726 princeps
399 2648 560 2708 novissimo
578 2645 732 2726 Poppaeae
752 2667 823 2716 suae
842 2648 890 2709 die
910 2649 1132 2710 concremaverit

134 2736 329 2796 aestimentur
358 2743 462 2816 postea
494 2743 556 2796 toto
589 2735 662 2796 orbe
695 2737 820 2817 singulis
852 2740 937 2798 annis
969 2747 1014 2799 tot
1046 2739 1131 2798 lunera

134 2882 348 2892 -——-.—--

205 2965 219 3012 1
239 2961 375 3016 soanchro
393 2965 450 3016 Id.
479 2961 610 3017 schnntro
629 2964 739 3019 nncod.
751 2963 833 3033 Ultiff.
866 2965 999 3022 scanthro
1016 2965 1073 3022 edd.
1084 2966 1131 3019 oeli.

132 3029 527 3101 ZegroBarb.coll.V1131.
600 3034 711 3089 trudit
727 3040 784 3092 Eo.
815 3035 910 3092 reddit
925 3053 949 3092 r.
1026 3035 1131 3092 tibin

132 3101 241 3156 illino.
270 3102 328 3159 illia
347 3121 392 3158 no.
483 3109 645 3160 Sacldo.
673 3105 775 3162 adila.
860 3114 893 3163 13
912 3107 1030 3164 fotiel
1107 3111 1131 3160 lt

132 3175 271 3243 styracem
289 3175 320 3229 in
337 3175 451 3230 follibus
469 3178 570 3246 petunt
586 3182 623 3232 Π.
653 3180 740 3233 urunt
757 3180 898 3249 styracem
915 3179 945 3234 in
965 3181 1083 3250 pellibus
1097 3193 1131 3234 ro.

158 3316 163 3327 Ι
212 3252 246 3300 22
265 3245 330 3300 falsi
348 3249 378 3301 et
394 3247 500 3317 ingrati
518 3249 690 3305 mecoDot.
723 3267 768 3306 sa
787 3254 816 3306 et
833 3253 876 3306 ·tn
893 3251 1027 3308 roomo.
1057 3267 1095 3305 -so
1110 3251 1132 3303 et

131 3318 166 3368 -t1
180 3318 239 3371 edd.
250 3321 314 3370 arcte
323 3316 381 3372 Get.
454 3323 489 3372 24
503 3319 607 3374 debent
618 3321 733 3378 beatem
746 3323 906 3378 11>²Borb
928 3324 1002 3378 -tum
1015 3324 1072 3380 edd.
1081 3325 1132 3376 octe

129 3384 218 3440 Borb.
246 3385 348 3441 debeat
365 3389 425 3441 tam
444 3389 487 3442 12¹.
520 3389 670 3446 debentem
689 3398 735 3449 od.
830 3399 864 3450 25
883 3393 1055 3450 inurentium
1070 3391 1131 3447 unt

129 3469 173 3506 cr-
192 3455 273 3510 estez.
303 3457 438 3512 adhibens
457 3459 569 3515 ureudis
582 3478 607 3515 o.
682 3471 717 3520 26
735 3465 903 3521 adsederant
915 3465 1022 3522 Ithel.
1048 3465 1130 3520 adsim

128 3528 164 3576 1.
193 3525 303 3579 edstne-
321 3527 365 3581 Ν.
394 3530 518 3583 astmxe-
536 3549 561 3585 α.
589 3538 702 3589 -xerunt
719 3537 779 3591 edd.
793 3543 858 3592 onte
872 3535 930 3593 oet.
1020 3543 1053 3592 27
1073 3553 1128 3606 pop·

128 3595 821 3745 reverterat·resecentur
834 3615 865 3663 ¹²·
1015 3628 1039 3663 ²·
1064 3623 1128 3680 ⁹⁰³²·
