2308 3936
1141 89 1142 156 l

157 219 198 280 60
527 231 557 281 0.
575 232 671 280 ruam
687 231 836 282 suenum

160 387 208 447 17.
227 386 444 466 leucophorum.
473 387 521 450 18.
538 387 747 450 Paraetonium.
775 387 822 450 19.
835 385 980 448 Melinum.
997 383 1143 452 medicinae

159 490 197 532 ex
215 489 251 532 eo
262 470 311 531 VI.
331 489 459 532 cerussa.
483 471 533 533 20.
549 482 622 534 usta.
646 472 696 532 21.
711 471 826 534 Eretria
841 481 928 535 terra.
944 473 1099 535 medicinae
1114 487 1144 554 ext

158 574 194 617 ea
208 553 257 616 VI.
288 554 338 615 22.
358 556 527 618 sandaraca.
558 557 608 618 23.
627 558 748 633 sandyx.
776 555 825 618 24.
849 558 989 633 Syricum.
1018 557 1066 618 25.
1082 569 1144 620 atra·¹

156 649 290 702 mentum.
308 637 359 704 26.
372 641 580 721 purpurissum.
598 639 647 702 27.
660 641 798 702 Indicum.
817 641 978 703 medicinae
995 660 1034 702 ex
1046 661 1080 702 eo
1091 643 1142 703 llll.

157 725 207 790 28.
223 725 399 798 Armenium,
414 725 557 786 medicina
575 743 613 786 ex
628 743 664 786 eo
680 725 703 803 l,
732 724 782 788 29.
798 725 891 786 viride
906 726 1078 806 Appianum.
1104 727 1145 792 aot

157 805 308 897 anulare).
339 809 412 891 (31)
431 807 487 884 Qui
508 809 627 870 colores
642 811 700 870 ndo
715 828 773 871 non
788 810 966 872 inducantur.
1001 810 1072 892 (32)
1089 805 1145 885 Qui-³

157 896 211 957 bus
227 894 375 956 coloribus
388 895 496 974 antiqui
511 896 664 974 pinxerint.
695 893 767 976 (33)
781 895 902 971 Quando
919 897 1040 975 primum
1051 897 1145 974 gladia·

155 990 249 1042 torum
260 997 375 1061 pugnae
391 980 489 1059 pictae
503 988 532 1040 et
547 979 718 1060 propositae
735 979 799 1041 sint.
830 978 984 1059 (34-41)
998 979 1045 1039 De
1064 976 1146 1084 aetate]

156 1067 298 1147 picturae.
327 1081 449 1145 operum
464 1073 494 1125 et
511 1065 651 1126 artificum
666 1065 695 1125 in
710 1065 823 1145 pictura
842 1061 1012 1126 nobilitates
1034 1061 1140 1125 CCCCl

157 1146 230 1236 [35.
249 1151 380 1229 picturae
402 1151 523 1230 primum
546 1159 703 1212 certamen.
734 1149 784 1212 36.
802 1149 852 1211 37.
870 1151 918 1229 qui
942 1149 1083 1230 penicillo
1097 1153 1143 1230 pin·

156 1237 260 1297 xeriut.
292 1231 341 1296 38.
360 1233 396 1294 de
419 1237 512 1296 avium
535 1245 619 1296 cantu
644 1235 862 1314 conpescendo.
896 1233 947 1296 39.
965 1235 1020 1296 40.
1044 1239 1092 1296 41.
1109 1237 1144 1314 qui

158 1329 297 1382 encausto
313 1327 361 1380 aut
378 1320 456 1378 ceris
470 1319 519 1380 uel
547 1329 646 1380 cestro
668 1318 718 1380 vel
743 1319 881 1398 penicillo
898 1319 1056 1398 pinxerint.
1085 1337 1144 1398 quae

157 1407 222 1486 quis
237 1405 344 1484 primus
360 1404 502 1464 invenerit
516 1405 544 1464 in
561 1405 682 1482 pictura.
700 1403 769 1484 quid
785 1403 984 1465 difficillimum
995 1405 1026 1463 in
1040 1405 1144 1483 pictum.

158 1490 195 1550 00
206 1487 364 1567 generibus
378 1489 516 1566 picturae.
534 1489 598 1570 quis
614 1489 722 1569 primus
733 1487 879 1550 lacunaria
891 1489 1028 1569 pinxerit,
1046 1488 1145 1568 quando

157 1575 278 1652 primum
300 1590 432 1634 camarae
449 1574 555 1652 pictae.
582 1575 676 1652 pretIa
693 1571 834 1634 mirabilia
850 1575 1037 1654 picturarum.
1068 1574 1101 1633 de
1114 1581 1148 1631 ta*

157 1653 270 1735 lento).
303 1657 373 1734 (43)
392 1655 534 1719 Plastioes
549 1659 632 1736 primi
655 1660 832 1720 inventores.
866 1659 938 1736 (44)
966 1659 1033 1736 quis
1055 1661 1146 1734 prinus

157 1763 196 1806 ex
208 1744 282 1805 facie
304 1743 458 1818 imaginem
473 1743 665 1820 expresserit.
706 1739 778 1822 (45)
795 1741 963 1804 nobilitates
979 1741 1115 1802 artificum
1129 1743 1134 1796 i

155 1829 279 1910 plastice
295 1823 388 1888 XIIII.
417 1821 488 1904 (46)
509 1822 554 1884 De
579 1824 687 1904 figlinis
707 1826 856 1905 operibus.
879 1826 916 1886 de
939 1823 1079 1902 Signiuis.
1106 1822 1149 1903 (4

160 1913 257 1994 -58)
276 1911 388 1974 Terrae
404 1914 562 1975 varietates
582 1911 642 1998 [de
659 1913 781 1992 pulvere
798 1911 958 1974 Puteolano
975 1917 1004 1971 et
1022 1910 1085 1974 aliis
1100 1919 1146 1970 ter·

158 2017 209 2059 rae
227 1997 384 2075 generibus
400 2015 474 2076 qnae
497 1999 526 2057 in
548 1997 674 2075 lapidem
689 2005 848 2058 vertuntur.
877 1995 927 2058 48.
945 1997 981 2061 00
998 1995 1146 2078 parietibus

159 2081 326 2156 formaceis,
355 2080 406 2142 49.
432 2081 468 2140 00
491 2080 629 2142 latericiis
650 2091 679 2143 et
700 2083 736 2145 de
763 2081 884 2143 laterum
900 2083 1023 2144 ratione.
1059 2082 1104 2143 50.
1120 2080 1146 2139 00

160 2165 279 2245 sulpure
295 2173 324 2225 et
340 2164 498 2243 generibus
512 2167 585 2240 eius,
602 2168 760 2230 medicinae
776 2165 869 2230 XIIII.
901 2167 950 2227 51.
970 2167 1007 2227 de
1026 2167 1147 2228 bitumine

160 2259 190 2310 et
204 2248 363 2328 generibus
379 2251 451 2330 eius,
472 2251 632 2314 medicinae
647 2249 767 2313 XXVII.
800 2251 851 2310 52.
872 2252 908 2315 00
925 2251 1051 2316 alumine
1068 2261 1094 2311 et
1108 2266 1146 2325 ge-

160 2334 278 2395 neribus
294 2335 367 2408 eius,
383 2335 544 2396 medicinae
561 2355 599 2397 en
614 2353 651 2398 eo
662 2333 823 2398 XXXVIII.
841 2337 891 2399 53.
911 2337 948 2398 00
965 2345 1046 2397 terra
1056 2334 1146 2402 Samia,

160 2419 322 2478 medicinae
344 2437 381 2478 ex
403 2437 437 2480 00
456 2417 507 2482 III.
538 2422 588 2482 54.
614 2421 748 2483 Eretriae
770 2430 868 2484 terrae
892 2438 1012 2500 genera.
1048 2421 1096 2480 55.
1119 2417 1147 2476 de

160 2512 238 2563 terra
258 2502 295 2562 ad
309 2503 478 2564 medicinam
499 2506 630 2569 lavanda.
661 2505 711 2567 56.
735 2505 772 2568 00
795 2504 971 2577 0οῑοῑοπ0,
997 2504 1147 2565 medicinae

161 2606 199 2647 ex
216 2605 252 2648 ea
269 2585 319 2648 III.
344 2587 381 2648 de
404 2587 559 2666 Selinusia,
584 2591 746 2653 medicinae
769 2609 807 2652 ex
828 2609 864 2652 ea
878 2587 930 2653 Ill.
954 2588 991 2649 de
1009 2586 1146 2669 pnigitide.

160 2671 321 2733 medicinae
338 2689 376 2731 ex
392 2690 427 2733 ea
441 2672 533 2736 VIIII.
563 2675 600 2736 de
614 2675 790 2754 ampelitide‚
811 2675 972 2736 medicinae
988 2691 1028 2734 ex
1045 2691 1080 2734 ea
1094 2665 1147 2732 llll.

161 2757 210 2816 57.
230 2765 329 2818 cretae
338 2756 374 2818 ad
386 2761 511 2821 vestium
521 2775 621 2818 usuus.
635 2758 765 2837 Cimolia,
781 2759 942 2821 medicinae
960 2775 999 2818 ex
1015 2776 1052 2818 ea
1066 2752 1148 2823 Vllll,

161 2841 268 2918 Sarda,
284 2839 439 2918 Umtrtca,
457 2861 565 2904 saxum.
595 2843 645 2906 58.
663 2845 835 2921 argentaria.
868 2845 916 2924 qui
934 2853 963 2903 et
991 2860 1109 2922 quorum
1124 2839 1148 2896 li·

161 2924 237 2984 berti
253 2933 473 3002 praepotentes.
506 2927 556 2989 59.
572 2937 650 2988 terra
666 2945 704 2989 ex
720 2926 836 3004 Galata,
852 2937 931 2990 terra
944 2923 1068 3007 Clupea,
1083 2935 1150 2985 terra

161 3007 321 3084 Baliarica,
336 3015 415 3070 terra
430 3009 598 3090 Ebusitana,
620 3013 781 3074 mediciuae
799 3031 838 3072 ex
854 3014 897 3074 eis
911 3006 999 3158 nub
1032 3013 1150 3072 Summa:

161 3091 324 3153 mediciuae
341 3101 370 3152 et
383 3091 522 3157 historiae
538 3105 568 3156 et
583 3097 805 3158 observationes
819 3094 971 3158 ucocot
999 3095 1022 3157 Ι.

224 3173 271 3236 Er
291 3177 470 3240 auctoribus:
500 3179 626 3242 Messala
650 3190 784 3257 oratore,
809 3179 938 3243 Messala
955 3199 1043 3258 sene,
1068 3179 1150 3240 Fene·

163 3259 259 3338 stella,
280 3259 393 3338 Attico,
410 3261 450 3324 tr.
466 3264 616 3342 Varrone,
633 3265 751 3342 Verrio,
767 3265 883 3344 Nepote
900 3264 1049 3341 Cornelio,
1065 3262 1150 3323 Decu-

150 3343 241 3426 lone,
257 3343 405 3422 Muciano,
421 3345 552 3428 Melisso,
569 3350 717 3427 Vitruvio,
734 3349 837 3412 Cassio
853 3348 1150 3427 Severobongulano,

161 3426 252 3489 Fabio
269 3428 390 3490 Vestale
412 3435 460 3509 qui
485 3435 522 3496 de
548 3435 658 3515 pictura
684 3436 809 3514 scripsit.
840 3431 991 3496 Externis:
1023 3430 1150 3500 Pasitele,

161 3512 286 3592 Apelle,
316 3511 489 3598 Melanthio,
513 3519 749 3601 Asclepiodoro,
773 3518 980 3599 Euphranore,
1001 3516 1150 3580 Heliodoro
