2308 3936
246 171 327 220 nun.
343 171 436 219 man.
453 172 489 218 11.
506 167 592 224 8-9.
609 158 668 239 (6.)
940 164 978 226 71

23 328 116 410 ipsisque
131 327 343 404 cognominibus
361 326 501 388 aemulum
519 326 591 387 solis
606 345 640 388 ao
663 327 757 390 lunae.
785 333 981 407 praeveniens

24 415 97 492 quippe
115 420 141 472 et
158 420 220 472 anta
235 413 405 472 matutinum
420 412 556 472 exoriens
572 411 686 472 luciferi
702 429 808 472 nomen
825 418 933 496 aeoipit
950 427 981 478 ut

23 497 50 556 sol
60 496 117 554 alter
129 495 257 576 diemque
272 505 429 574 maturans,
446 506 545 556 eontra
561 496 598 556 ab
616 513 725 558 oooasn
742 497 893 579 refulgens
911 520 980 561 nun·

23 590 104 658 cupatur
116 598 218 660 vesper
232 590 264 640 nt
279 599 444 661 prorogans
460 581 555 642 lucem
570 583 724 662 vicemque
740 581 824 645 lunae
840 586 979 647 reddens.

15 665 81 738 duan
94 672 209 726 naturam
231 667 297 726 eius
318 666 498 744 Pythagoras
520 665 633 727 Samius
656 668 764 745 primus
788 669 1021 749 deprebeudild'l

23 749 145 828 dlpnpiade
160 750 278 810 circiter
292 749 387 827 XLII,
405 753 452 831 qui
467 751 520 810 fnit
535 749 615 811 urbis
631 750 849 814 Romaeannus
865 753 978 816 exult.

22 834 55 892 lan
66 834 238 911 magnitudine
256 845 341 896 extra
359 845 460 896 anneta
486 835 542 898 alia
558 835 656 898 sidera
673 846 733 913 est,
761 837 901 900 claritatis
918 840 979 918 qui·

21 917 60 976 den
75 927 154 980 tauma
176 929 207 978 nt
227 921 313 980 nnius
330 920 414 981 baius
440 919 545 981 stellae
565 921 654 981 radiis
676 921 797 984 umbrae
812 923 979 984 reddantur.

21 1003 81 1080 inque
98 1012 123 1062 et
139 1005 166 1063 in
187 1021 295 1083 magno
313 1006 457 1067 nominum
479 1004 586 1066 ambitu
610 1014 664 1066 est.
692 1007 741 1067 alii
759 1009 835 1068 enim
851 1006 979 1084 lunonis,

13 1085 48 1144 uli
59 1085 134 1163 luidis,
149 1087 197 1148 alii
208 1087 311 1150 blatris
323 1089 417 1150 Deum
433 1089 633 1168 appellavere.
656 1091 745 1152 Huius
760 1101 860 1154 natura
877 1097 1023 1153 eunota38

20 1180 147 1246 generantur
160 1173 188 1234 in
204 1176 304 1234 terris.
325 1192 448 1254 namque
463 1175 492 1234 in
507 1174 647 1234 alterutro
664 1185 766 1236 exortu
779 1177 900 1255 genitali
911 1193 980 1236 rore

21 1271 172 1333 conspergens
187 1275 247 1318 non
262 1267 362 1320 terrae
383 1259 470 1319 modo
487 1267 667 1338 oonoeptuus
683 1257 787 1340 inplet,
803 1279 902 1320 verum
921 1260 979 1320 ani·

19 1339 108 1399 nauium
123 1358 238 1422 quoque
264 1343 390 1404 onmium
411 1343 545 1404 stimulat.
573 1343 706 1420 signiferi
727 1353 823 1405 antem
844 1344 981 1405 ambitum

20 1423 93 1500 peragit
104 1427 226 1486 trecenis
245 1436 276 1486 et
291 1421 603 1507 duodequinquagenis
625 1427 743 1504 diebus,
772 1447 788 1489 a
811 1429 876 1489 sole
900 1446 978 1488 nnm-

11 1517 69 1584 span
88 1508 222 1571 absistens
246 1511 380 1590 partibus
401 1529 455 1572 sex
476 1521 563 1592 atque
587 1512 777 1591 qnadraginta
793 1513 925 1592 longius,
949 1520 980 1574 ut

18 1589 94 1652 finaeo
107 1594 209 1672 placet.
246 1596 340 1658 Simili
354 1597 484 1672 ratione,
511 1595 565 1656 sed
580 1615 763 1677 nequaqnam
779 1597 975 1676 magnitudine
985 1604 1021 1660 39

18 1677 78 1750 artui,
92 1681 249 1756 proximum
270 1680 315 1740 illi
332 1677 458 1742 blerouri
474 1681 565 1757 sidus,
582 1699 598 1742 a
613 1681 783 1760 quibusdam
798 1682 979 1762 appellatum

18 1759 127 1839 lpollinis,
141 1763 284 1826 inferrore
301 1765 412 1825 oireulo
432 1765 526 1826 fertur
540 1782 646 1826 novem
662 1765 763 1828 diebus
780 1769 882 1828 oeiore
899 1765 978 1828 amb·

17 1843 44 1916 lu,
55 1845 122 1906 nodo
137 1857 204 1909 ante
220 1849 296 1909 solis
313 1859 446 1911 exortam
462 1849 549 1911 modo
568 1859 637 1929 post
655 1867 791 1911 oeoasunr
803 1851 977 1930 splendens,

9 1941 120 2007 uunquam
136 1931 171 1994 ab
188 1951 226 1994 eo
242 1934 346 2012 viginti
372 1932 469 1996 tribus¹
491 1934 621 2014 partibus
638 1936 788 2010 remotior,
805 1945 836 1996 nt
853 1933 978 1997 Cidenas

17 2014 172 2093 ulsosigenes
189 2018 311 2081 docent.
332 2018 404 2080 ldeo
421 2028 450 2079 et
465 2019 623 2098 peculiaris
641 2019 742 2080 horam
760 2020 888 2080 siderum
902 2019 977 2080 ratio

18 2105 120 2181 ostroque
134 2105 296 2167 eommunis
313 2121 378 2165 ennr
390 2121 477 2183 supra
490 2103 584 2164 dietis.
602 2122 668 2165 nanu
683 2123 718 2165 ea
733 2113 762 2165 et
777 2113 880 2184 quarta
895 2112 1020 2182 partelo

18 2185 61 2243 nell
71 2205 84 2246 a
96 2189 154 2249 sole
170 2190 282 2251 abesse
298 2197 328 2250 et
344 2189 442 2266 tertia,
459 2197 489 2248 et
500 2187 623 2249 adversa
634 2189 692 2250 soli
704 2206 796 2269 saepe
810 2197 978 2264 cernuntur,

17 2271 151 2351 prioresque
166 2274 245 2336 alios
261 2273 370 2336 babent
385 2281 488 2334 cuneta
502 2272 609 2351 plenae
619 2274 825 2334 conversionis
837 2271 978 2332 ambituus

9 2351 109 2433 tinnagni
121 2359 183 2420 anni
198 2359 317 2420 ratione
335 2357 486 2419 dieendos.
971 2373 1021 2418 tur

52 2437 73 2497 9.
90 2441 142 2502 Sed
167 2443 297 2505 omnium
319 2443 538 2504 admirationem
560 2442 650 2502 vineit
677 2442 864 2502 novissimum
886 2439 977 2514 sidus,
987 2447 1021 2502 ll

16 2523 68 2580 terris
80 2523 326 2590 familiarissimum
347 2536 377 2587 et
393 2527 422 2587 in
438 2525 623 2588 tenebrarum
644 2525 803 2587 remedium
821 2525 856 2586 ab
877 2533 980 2584 natura

17 2616 118 2681 repertun
133 2611 230 2673 lunae.
260 2609 443 2673 blultiformls
458 2610 533 2672 baeo
550 2610 673 2689 ambage
684 2611 770 2670 torsit
781 2609 897 2688 ingenia
910 2625 978 2668 oon·

19 2691 217 2769 temptationes
240 2699 402 2776 proximum
431 2697 561 2774 ignorari
585 2695 710 2757 maxime
737 2695 815 2756 sidus
830 2693 978 2770 indignan-

9 2773 65 2850 uirn,
77 2796 204 2841 oresoens
222 2799 343 2861 semper
357 2790 405 2844 ant
420 2797 580 2841 seuesoens
597 2788 627 2842 et
641 2781 728 2841 modo
743 2787 861 2840 ourvata
872 2778 901 2836 ln
915 2783 1021 2839 eor-42

19 2860 135 2941 norfoleia,
155 2865 246 2926 modo
261 2883 356 2946 aequa
373 2867 508 2946 portione
526 2864 635 2940 divisa,
653 2864 740 2925 modo
756 2865 868 2924 sinuata
884 2863 914 2921 in
932 2877 979 2922 or·

19 2939 66 3018 len,
82 2950 222 3012 maenlosa
245 2951 406 3030 eademque
427 2949 522 3011 subito
544 2951 727 3028 praenitens,
756 2949 885 3008 inmensa
906 2943 980 3006 orbe

19 3023 73 3100 pleno
86 3049 115 3092 ae
127 3044 251 3114 repente
266 3036 362 3111 nulla,
386 3033 457 3095 alias
472 3051 588 3114 pernox
602 3032 674 3094 alias
693 3051 759 3093 sera
776 3041 805 3093 et
820 3041 904 3112 parte
922 3029 981 3091 diei

19 3109 62 3170 solis
74 3114 155 3180 lnoem
165 3119 316 3196 adiurans,
334 3119 474 3180 deficiens
488 3127 518 3178 et
529 3119 557 3177 in
569 3116 688 3178 delectu
699 3126 796 3178 tamen
808 3118 978 3196 oonspieua,

9 3209 66 3269 oquae
77 3205 171 3262 mensis
187 3206 267 3265 exitu
282 3204 366 3280 latet,
384 3221 448 3264 enm
459 3203 595 3264 laborare
610 3218 669 3262 non
682 3200 818 3262 ereditur.
835 3201 891 3262 iam
906 3201 1023 3260 verol‘a

19 3275 95 3343 hmilis
106 3287 231 3365 excelsa,
250 3298 280 3349 et
294 3307 332 3348 ne
347 3287 376 3348 id
391 3287 506 3366 quidem
522 3303 579 3347 uno
594 3287 693 3363 modo,
711 3286 763 3348 sed
779 3285 851 3346 alias
865 3285 980 3347 admota

21 3363 73 3424 eaelo
87 3369 149 3431 alias
167 3375 303 3452 contigua
317 3370 481 3448 montibus,
498 3389 574 3432 nune
588 3372 617 3431 in
631 3371 797 3451 aquilonem
812 3371 889 3431 elata
903 3386 980 3428 nuno

21 3443 36 3500 iu
47 3460 136 3514 austros
150 3456 278 3535 deiecta,
303 3473 379 3537 qnae
399 3456 513 3535 singula
532 3456 562 3517 iu
577 3473 613 3518 ea
628 3454 820 3536 deprehendit
835 3454 980 3516 hominum
