2286 3938
233 185 284 231 xx
641 157 846 213 eumancio

231 314 360 392 Silligio,
383 313 426 372 ibi
449 311 593 373 debuine
612 312 712 372 errato
736 329 755 370 a
777 329 825 370 me
854 310 983 370 conecto
1004 306 1111 366 dubitari

232 421 415 480 quamquam
436 421 474 462 ne
502 401 544 462 sic
572 401 692 477 quidem
719 399 945 460 adnotationem
970 398 1004 458 ab
1029 396 1093 456 omni
1112 414 1130 454 e

231 511 340 554 vacare
362 509 541 568 persuasum
563 490 674 567 habe03
697 490 805 548 Ianum
828 488 919 566 enim,
945 489 980 547 ut
998 487 1027 546 in
1045 485 1123 544 labore

231 585 323 642 turno
347 583 378 641 et
407 581 501 640 taedii
526 580 628 656 plano,
656 578 825 640 infirmitati
851 579 996 638 humanae
1019 593 1128 636 nomin·

233 670 395 732 obnoxium
421 671 514 730 fuisse
542 672 573 728 et
600 668 661 729 alia
686 687 747 728 non
774 670 854 728 recte
882 667 1002 744 legisse,
1027 663 1118 724 aliaiu

232 759 472 837 praetermisisse
485 777 582 835 neque
600 758 711 818 mirum
729 759 826 818 estet
844 757 933 820 certis
951 755 1058 816 indiciis
1070 772 1126 812 coe

232 850 348 926 itaque,
375 849 429 908 ubi
456 851 523 908 erat
550 866 602 908 cur
629 847 666 908 de
693 847 831 908 lectionis
856 845 915 906 fide
942 841 1129 921 dubitarem,

232 937 400 1016 rogationis
423 938 545 1016 signum
566 937 741 1014 parenthesi
762 937 912 996 inclusum
937 934 1035 994 adieci.
1073 931 1129 990 iden

233 1029 266 1088 in
283 1027 363 1088 notis
386 1046 491 1088 eorum
508 1027 665 1104 librorum,
689 1045 817 1102 quorum
839 1044 927 1086 usum
947 1023 1033 1084 nobis
1048 1021 1130 1081 Detls

235 1117 394 1194 patefecit,
426 1116 671 1193 quotiescumque
698 1135 715 1175 e
742 1115 863 1176 silentio
891 1115 955 1174 eius
982 1131 1040 1174 non
1062 1113 1122 1172 ura

237 1207 358 1282 poterat
380 1206 417 1265 de
439 1207 568 1266 lectione
591 1205 713 1265 illorum
737 1205 916 1265 coniectura.

302 1295 348 1354 De
371 1295 585 1356 adnotatamm
608 1295 773 1355 lectionum
799 1313 923 1354 numero
952 1296 984 1353 et
1006 1291 1081 1367 copia
1097 1289 1125 1355 t:

234 1403 346 1462 quaeso
373 1383 576 1460 meminerint,
605 1401 667 1444 non
697 1388 818 1452 cunctas
847 1383 997 1443 librorum
1023 1380 1125 1440 disere

233 1473 286 1534 sed
309 1473 435 1534 selectas
463 1473 608 1550 quasdam
636 1475 667 1534 et
690 1473 885 1551 grauissimas
912 1473 1025 1537 relatas
1049 1487 1112 1542 essa

233 1563 397 1625 alteriusve
420 1563 529 1624 codicis
552 1562 718 1638 scripturas
740 1564 847 1638 aperte
869 1561 963 1622 falsae
985 1561 1035 1622 uel
1055 1558 1123 1618 calc

234 1671 295 1721 sus,
319 1653 370 1729 qui
387 1656 542 1728 vocantur,
564 1671 626 1712 non
643 1653 735 1713 retuli
757 1653 816 1712 nisi
838 1651 892 1712 ubi
914 1671 950 1711 ea
974 1651 1074 1710 idonea
1093 1665 1130 1704 ec

235 1741 481 1802 consuetudinem
508 1741 624 1802 librarii
654 1741 868 1803 illustrandam
895 1744 950 1800 aut
979 1741 1034 1800 ubi
1061 1757 1114 1796 suu·

234 1830 327 1891 alicui
348 1831 499 1892 editorum
522 1831 594 1892 olim
616 1831 745 1907 probata
766 1831 896 1892 fuerant.
924 1849 1018 1907 quam
1039 1779 1131 1892 obrui

232 1921 319 1981 nulla
336 1923 443 1980 notata
461 1923 508 1980 est
525 1920 668 1998 varietus,
690 1939 750 1982 non
767 1920 935 1998 putandum
953 1922 1012 1996 est,
1035 1931 1118 1977 omnes

233 2010 316 2071 vitiis
340 2029 442 2070 carere
464 2013 496 2069 et
518 2011 599 2070 inter
622 2029 653 2069 se
676 2010 854 2086 consentire,
879 2009 931 2068 sed
953 2009 1131 2092 ubicumqul

234 2099 341 2158 unius
373 2099 462 2158 libri
494 2099 743 2175 discrepantia
775 2101 1054 2159 commemorata
1086 2100 1128 2152 ast.

125 2187 131 2190 ’
233 2190 443 2248 cunctorum
465 2189 561 2248 ratio
589 2187 642 2248 ita
669 2191 725 2248 est
751 2189 889 2264 habita,
916 2191 957 2248 ut
987 2207 1004 2248 e
1032 2185 1125 2246 silent

234 2277 386 2353 reliquis
415 2281 513 2338 certo
541 2278 707 2338 concludi
734 2269 919 2357 possit**).
967 2277 1096 2337 ordinem

232 2367 396 2428 lectionum
423 2387 493 2426 eum
520 2385 641 2427 seruere
670 2367 786 2444 studui,
818 2370 854 2426 ut
880 2385 898 2428 a
928 2366 1062 2444 genuina
1085 2361 1125 2422 uel

305 2555 330 2623 *)
349 2555 526 2610 Detlefee'nus
539 2571 629 2624 nuper
642 2555 673 2614 iu
686 2554 777 2610 diurn.
791 2555 846 2614 litt.
859 2556 968 2612 lenens.
984 2560 1056 2613 18'14
1067 2570 1092 2608 n.
1102 2555 1127 2606 l·

234 2626 395 2698 speciminis
409 2644 495 2682 cansa
510 2627 662 2684 nomadas
676 2627 812 2683 lectiones
830 2644 868 2683 ex
883 2627 1013 2684 codiced
1032 2641 1121 2692 excerp

233 2699 336 2768 posuit,
356 2699 454 2756 alano
469 2698 573 2770 partim
586 2699 659 2754 falso
678 2701 814 2768 enotatas,
832 2699 938 2769 partim
952 2699 1078 2756 omissas.
1102 2695 1125 2748 in

233 2771 286 2826 bus
305 2789 329 2832 a
345 2772 373 2824 et
392 2787 406 2822 c
428 2771 460 2824 ut
481 2770 577 2826 locum
599 2771 648 2839 qui
671 2772 715 2825 est
732 2769 798 2825 XIV
816 2775 876 2826 106.
896 2775 948 2826 107
970 2767 1119 2842 inspiceret

233 2842 305 2896 mihi
324 2841 529 2898 officiosissima
545 2843 692 2898 voluntate
712 2843 859 2898 obsecutus
883 2844 927 2898 est
943 2841 1107 2898 Aemilius

234 2913 320 2980 lain,
339 2913 383 2967 vir
401 2913 578 2969 doctissimus
596 2913 753 2982 Parisinus,
777 2915 855 2968 cuius
876 2913 1015 2969 beneficio
1039 2911 1119 2968 certio

235 3002 298 3038 sum
312 2984 377 3038 XIV
392 2991 443 3040 106
462 2985 492 3039 in
509 3003 545 3038 ac
562 3003 620 3041 non
637 2985 696 3056 legi
709 2987 832 3056 poterim
849 2986 1029 3041 amporam
1048 2987 1077 3038 et
1094 2989 1107 3047 ξ

234 3064 280 3110 'me
294 3055 466 3111 dubitavisse
479 3074 542 3112 nov.
556 3057 611 3114 luc.
625 3075 653 3140 p.
668 3063 702 3113 49
717 3057 752 3114 de
766 3058 919 3127 aspalatho,
938 3057 1016 3126 quod
1035 3057 1065 3110 in
1083 3074 1098 3107 ι
1115 3071 1124 3106 s

236 3142 298 3182 esse
313 3125 405 3182 adhuc
419 3127 592 3183 credebatur.
628 3132 725 3200 itaque
741 3130 880 3197 bitumine,
901 3147 964 3184 cum
983 3128 1108 3184 omnium

234 3197 402 3279 auctoritate
417 3199 603 3269 confirmetur,
617 3202 770 3270 genuinum
785 3218 845 3256 esse
860 3203 890 3256 et
902 3200 993 3256 Plinio
1010 3199 1114 3254 erranti

234 3268 302 3324 dum
319 3268 441 3338 videtur,
461 3271 605 3340 aspalatho
624 3275 719 3328 autem
736 3272 854 3329 Barbari
872 3272 1038 3330 coniectura
1056 3287 1073 3326 e
1090 3269 1121 3323 Di

235 3341 308 3466 scitp1
323 3340 417 3466 inope,
436 3358 501 3398 cum
519 3342 614 3398 codice
632 3343 711 3400 nullo
730 3344 952 3414 commendetur,
972 3360 986 3398 e
1007 3343 1121 3400 context

233 3429 289 3468 ven
310 3429 327 3466 a
344 3428 395 3468 es.

306 3483 347 3551 **)
367 3483 436 3538 Cum
454 3484 542 3540 codex
559 3491 587 3540 Π
604 3486 751 3556 permultis
769 3487 839 3544 locis
857 3487 967 3544 desinat
987 3487 1020 3541 et
1044 3486 1123 3554 exigu

233 3555 310 3610 vallo
324 3554 414 3610 denuo
430 3555 556 3628 incipiat,
575 3557 635 3611 eius
650 3557 810 3628 scripturas,
828 3574 865 3612 ne
877 3559 987 3629 ingrata
1006 3557 1124 3612 exsistet

233 3625 314 3692 tatio,
333 3625 391 3680 fere
409 3627 513 3696 ubique
531 3628 613 3697 plena
633 3629 746 3683 enotavi
765 3629 844 3700 signo
863 3631 998 3700 apposito.
