<?xml version="1.0" encoding="UTF-8"?>
<!DOCTYPE html PUBLIC "-//W3C//DTD XHTML 1.0 Transitional//EN"
    "http://www.w3.org/TR/xhtml1/DTD/xhtml1-transitional.dtd">
<html xmlns="http://www.w3.org/1999/xhtml" xml:lang="en" lang="en">
 <head>
  <title>
</title>
<meta http-equiv="Content-Type" content="text/html;charset=utf-8" />
  <meta name='ocr-system' content='tesseract 3.04.00' />
  <meta name='ocr-capabilities' content='ocr_page ocr_carea ocr_par ocr_line ocrx_word'/>
</head>
<body>
  <div class='ocr_page' id='page_1' title='image "./naturalishistor02plingoog_0557.png"; bbox 0 0 2572 3936; ppageno 0'>
   <div class='ocr_carea' id='block_1_1' title="bbox 351 154 1118 224">
    <p class='ocr_par' dir='ltr' id='par_1_1' title="bbox 351 154 1118 224">
     <span class='ocr_line' id='line_1_1' title="bbox 351 154 1118 224; baseline 0.017 -17"><span class='ocrx_word' id='word_1_1' title='bbox 351 154 434 208; x_wconf 77' lang='lat' dir='ltr'><strong>unu.</strong></span> <span class='ocrx_word' id='word_1_2' title='bbox 454 154 545 208; x_wconf 80' lang='lat' dir='ltr'><strong>uisu.</strong></span> <span class='ocrx_word' id='word_1_3' title='bbox 565 155 590 206; x_wconf 84' lang='lat' dir='ltr'>x</span> <span class='ocrx_word' id='word_1_4' title='bbox 609 159 713 210; x_wconf 77' lang='lat' dir='ltr'><strong>se-eo</strong></span> <span class='ocrx_word' id='word_1_5' title='bbox 734 155 859 224; x_wconf 73' lang='lat' dir='ltr'><strong>(es-ts)</strong></span> <span class='ocrx_word' id='word_1_6' title='bbox 1057 155 1118 220; x_wconf 89' lang='grc'><strong>177</strong></span> 
     </span>
    </p>
   </div>
   <div class='ocr_carea' id='block_1_2' title="bbox 4 305 1193 3039">
    <p class='ocr_par' dir='ltr' id='par_1_2' title="bbox 107 305 1119 385">
     <span class='ocr_line' id='line_1_2' title="bbox 107 305 1119 385; baseline 0.002 -21"><span class='ocrx_word' id='word_1_7' title='bbox 107 321 168 365; x_wconf 91' lang='lat' dir='ltr'><strong>nou</strong></span> <span class='ocrx_word' id='word_1_8' title='bbox 197 319 275 385; x_wconf 85' lang='lat' dir='ltr'><strong>esse,</strong></span> <span class='ocrx_word' id='word_1_9' title='bbox 307 306 409 384; x_wconf 83' lang='lat' dir='ltr'><strong>etiam,</strong></span> <span class='ocrx_word' id='word_1_10' title='bbox 440 305 466 364; x_wconf 89' lang='lat' dir='ltr'><strong>si</strong></span> <span class='ocrx_word' id='word_1_11' title='bbox 494 321 551 382; x_wconf 92' lang='lat' dir='ltr'><strong>qua</strong></span> <span class='ocrx_word' id='word_1_12' title='bbox 579 307 694 364; x_wconf 87' lang='lat' dir='ltr'><strong>invecta</strong></span> <span class='ocrx_word' id='word_1_13' title='bbox 722 307 773 385; x_wconf 91' lang='lat' dir='ltr'><strong>sit,</strong></span> <span class='ocrx_word' id='word_1_14' title='bbox 804 307 905 366; x_wconf 89' lang='lat' dir='ltr'><strong>emori.</strong></span> <span class='ocrx_word' id='word_1_15' title='bbox 951 323 1019 366; x_wconf 89' lang='lat' dir='ltr'><strong>nam</strong></span> <span class='ocrx_word' id='word_1_16' title='bbox 1046 306 1119 366; x_wconf 89' lang='lat' dir='ltr'><strong>haec</strong></span> 
     </span>
    </p>

    <p class='ocr_par' dir='ltr' id='par_1_3' title="bbox 4 385 1120 474">
     <span class='ocr_line' id='line_1_3' title="bbox 4 385 1120 474; baseline 0.003 -22"><span class='ocrx_word' id='word_1_17' title='bbox 4 385 5 424; x_wconf 68' lang='lat'>³</span> <span class='ocrx_word' id='word_1_18' title='bbox 107 409 226 470; x_wconf 90' lang='lat' dir='ltr'><strong>quoque</strong></span> <span class='ocrx_word' id='word_1_19' title='bbox 257 394 331 452; x_wconf 91' lang='lat' dir='ltr'><strong>mira</strong></span> <span class='ocrx_word' id='word_1_20' title='bbox 361 399 484 452; x_wconf 89' lang='lat' dir='ltr'><strong>naturae</strong></span> <span class='ocrx_word' id='word_1_21' title='bbox 515 392 688 453; x_wconf 78' lang='lat' dir='ltr'><strong>differentia.</strong></span> <span class='ocrx_word' id='word_1_22' title='bbox 740 393 796 453; x_wconf 88' lang='lat' dir='ltr'><strong>alia</strong></span> <span class='ocrx_word' id='word_1_23' title='bbox 826 393 890 454; x_wconf 86' lang='lat' dir='ltr'><strong>aliis</strong></span> <span class='ocrx_word' id='word_1_24' title='bbox 920 393 994 454; x_wconf 90' lang='lat' dir='ltr'><strong>loois</strong></span> <span class='ocrx_word' id='word_1_25' title='bbox 1023 404 1120 474; x_wconf 83' lang='lat' dir='ltr'><strong>negat,</strong></span> 
     </span>
    </p>

    <p class='ocr_par' dir='ltr' id='par_1_4' title="bbox 4 479 1119 559">
     <span class='ocr_line' id='line_1_4' title="bbox 4 479 1119 559; baseline 0.001 -18"><span class='ocrx_word' id='word_1_26' title='bbox 4 479 6 514; x_wconf 66' lang='lat' dir='ltr'><strong>r</strong></span> <span class='ocrx_word' id='word_1_27' title='bbox 106 488 258 558; x_wconf 79' lang='lat' dir='ltr'><strong>tamquam</strong></span> <span class='ocrx_word' id='word_1_28' title='bbox 291 498 401 559; x_wconf 81' lang='lat' dir='ltr'><strong>genera</strong></span> <span class='ocrx_word' id='word_1_29' title='bbox 435 481 555 559; x_wconf 86' lang='lat' dir='ltr'><strong>lrugum</strong></span> <span class='ocrx_word' id='word_1_30' title='bbox 589 482 767 542; x_wconf 87' lang='lat' dir='ltr'><strong>lruticumve</strong></span> <span class='ocrx_word' id='word_1_31' title='bbox 803 485 845 542; x_wconf 92' lang='lat' dir='ltr'><strong>sio</strong></span> <span class='ocrx_word' id='word_1_32' title='bbox 881 490 911 543; x_wconf 93' lang='lat' dir='ltr'><strong>et</strong></span> <span class='ocrx_word' id='word_1_33' title='bbox 940 483 1119 553; x_wconf 87' lang='lat' dir='ltr'><strong>animalium.</strong></span> 
     </span>
    </p>

    <p class='ocr_par' dir='ltr' id='par_1_5' title="bbox 107 568 1120 650">
     <span class='ocr_line' id='line_1_5' title="bbox 107 568 1120 650; baseline 0.005 -22"><span class='ocrx_word' id='word_1_34' title='bbox 107 586 168 630; x_wconf 90' lang='lat' dir='ltr'><strong>non</strong></span> <span class='ocrx_word' id='word_1_35' title='bbox 191 571 273 630; x_wconf 91' lang='lat' dir='ltr'><strong>nasci</strong></span> <span class='ocrx_word' id='word_1_36' title='bbox 300 568 492 650; x_wconf 75' lang='lat' dir='ltr'><strong>tralaticium,</strong></span> <span class='ocrx_word' id='word_1_37' title='bbox 515 571 635 630; x_wconf 87' lang='lat' dir='ltr'><strong>invecta</strong></span> <span class='ocrx_word' id='word_1_38' title='bbox 663 573 757 631; x_wconf 91' lang='lat' dir='ltr'><strong>emori</strong></span> <span class='ocrx_word' id='word_1_39' title='bbox 784 573 902 632; x_wconf 89' lang='lat' dir='ltr'><strong>mirum.</strong></span> <span class='ocrx_word' id='word_1_40' title='bbox 948 573 1020 650; x_wconf 94' lang='lat' dir='ltr'><strong>quid</strong></span> <span class='ocrx_word' id='word_1_41' title='bbox 1047 571 1120 634; x_wconf 90' lang='lat' dir='ltr'><strong>illud</strong></span> 
     </span>
    </p>

    <p class='ocr_par' dir='ltr' id='par_1_6' title="bbox 4 658 1119 741">
     <span class='ocr_line' id='line_1_6' title="bbox 4 658 1119 741; baseline 0.003 -24"><span class='ocrx_word' id='word_1_42' title='bbox 4 669 5 674; x_wconf 75' lang='grc'>’</span> <span class='ocrx_word' id='word_1_43' title='bbox 77 665 153 718; x_wconf 66' lang='lat' dir='ltr'><strong>aest</strong></span> <span class='ocrx_word' id='word_1_44' title='bbox 171 659 260 718; x_wconf 94' lang='lat' dir='ltr'><strong>unius</strong></span> <span class='ocrx_word' id='word_1_45' title='bbox 278 660 397 736; x_wconf 85' lang='lat' dir='ltr'><strong>generis</strong></span> <span class='ocrx_word' id='word_1_46' title='bbox 415 658 502 718; x_wconf 91' lang='lat' dir='ltr'><strong>saluti</strong></span> <span class='ocrx_word' id='word_1_47' title='bbox 525 659 694 741; x_wconf 90' lang='lat' dir='ltr'><strong>adversum,</strong></span> <span class='ocrx_word' id='word_1_48' title='bbox 717 677 827 738; x_wconf 90' lang='lat' dir='ltr'><strong>quaeve</strong></span> <span class='ocrx_word' id='word_1_49' title='bbox 851 661 908 722; x_wconf 91' lang='lat' dir='ltr'><strong>ista</strong></span> <span class='ocrx_word' id='word_1_50' title='bbox 930 667 1053 722; x_wconf 88' lang='lat' dir='ltr'><strong>naturae</strong></span> <span class='ocrx_word' id='word_1_51' title='bbox 1075 662 1119 720; x_wconf 91' lang='lat' dir='ltr'><strong>in·</strong></span> 
     </span>
    </p>

    <p class='ocr_par' dir='ltr' id='par_1_7' title="bbox 4 744 1119 827">
     <span class='ocr_line' id='line_1_7' title="bbox 4 744 1119 827; baseline 0.004 -21"><span class='ocrx_word' id='word_1_52' title='bbox 4 759 5 764; x_wconf 74' lang='grc'>’</span> <span class='ocrx_word' id='word_1_53' title='bbox 107 746 192 827; x_wconf 85' lang='lat' dir='ltr'><strong>vidia,</strong></span> <span class='ocrx_word' id='word_1_54' title='bbox 211 753 262 806; x_wconf 89' lang='lat' dir='ltr'><strong>aut</strong></span> <span class='ocrx_word' id='word_1_55' title='bbox 280 748 332 825; x_wconf 92' lang='lat' dir='ltr'><strong>qui</strong></span> <span class='ocrx_word' id='word_1_56' title='bbox 350 755 498 808; x_wconf 91' lang='lat' dir='ltr'><strong>terrarum</strong></span> <span class='ocrx_word' id='word_1_57' title='bbox 516 746 588 808; x_wconf 89' lang='lat' dir='ltr'><strong>dicti</strong></span> <span class='ocrx_word' id='word_1_58' title='bbox 606 746 708 808; x_wconf 90' lang='lat' dir='ltr'><strong>avibus</strong></span> <span class='ocrx_word' id='word_1_59' title='bbox 726 744 868 809; x_wconf 79' lang='lat' dir='ltr'><strong>termini?</strong></span> <span class='ocrx_word' id='word_1_60' title='bbox 899 748 1019 810; x_wconf 74' lang='lat' dir='ltr'><strong>Rhodos</strong></span> <span class='ocrx_word' id='word_1_61' title='bbox 1037 751 1119 826; x_wconf 91' lang='lat' dir='ltr'><strong>aqui·</strong></span> 
     </span>
    </p>

    <p class='ocr_par' dir='ltr' id='par_1_8' title="bbox 4 833 1172 1094">
     <span class='ocr_line' id='line_1_8' title="bbox 4 833 1172 916; baseline 0.006 -23"><span class='ocrx_word' id='word_1_62' title='bbox 4 835 5 872; x_wconf 66' lang='grc'><strong>1</strong></span> <span class='ocrx_word' id='word_1_63' title='bbox 106 833 165 894; x_wconf 90' lang='lat' dir='ltr'><strong>lam</strong></span> <span class='ocrx_word' id='word_1_64' title='bbox 195 853 254 894; x_wconf 91' lang='lat' dir='ltr'><strong>non</strong></span> <span class='ocrx_word' id='word_1_65' title='bbox 284 833 405 899; x_wconf 77' lang='lat' dir='ltr'><strong>hahet,</strong></span> <span class='ocrx_word' id='word_1_66' title='bbox 426 835 635 914; x_wconf 83' lang='lat' dir='ltr'><strong>Transpadana</strong></span> <span class='ocrx_word' id='word_1_67' title='bbox 661 836 744 897; x_wconf 87' lang='lat' dir='ltr'><strong>ltalia</strong></span> <span class='ocrx_word' id='word_1_68' title='bbox 774 840 854 898; x_wconf 85' lang='lat' dir='ltr'><strong>iuxta</strong></span> <span class='ocrx_word' id='word_1_69' title='bbox 881 837 970 916; x_wconf 82' lang='lat' dir='ltr'>Alpes</span> <span class='ocrx_word' id='word_1_70' title='bbox 996 835 1119 900; x_wconf 90' lang='lat' dir='ltr'><strong>Larium</strong></span> <span class='ocrx_word' id='word_1_71' title='bbox 1138 842 1172 891; x_wconf 77' lang='grc'><strong>77</strong></span> 
     </span>
     <span class='ocr_line' id='line_1_9' title="bbox 107 921 1119 1005; baseline 0.005 -24"><span class='ocrx_word' id='word_1_72' title='bbox 107 921 205 984; x_wconf 90' lang='lat' dir='ltr'><strong>lacum</strong></span> <span class='ocrx_word' id='word_1_73' title='bbox 227 923 353 1002; x_wconf 88' lang='lat' dir='ltr'><strong>appellat</strong></span> <span class='ocrx_word' id='word_1_74' title='bbox 376 941 533 986; x_wconf 90' lang='lat' dir='ltr'><strong>amoenum</strong></span> <span class='ocrx_word' id='word_1_75' title='bbox 560 923 681 986; x_wconf 89' lang='lat' dir='ltr'><strong>arbusto</strong></span> <span class='ocrx_word' id='word_1_76' title='bbox 708 923 780 1004; x_wconf 86' lang='lat' dir='ltr'><strong>¹agro</strong></span> <span class='ocrx_word' id='word_1_77' title='bbox 808 925 844 986; x_wconf 91' lang='lat' dir='ltr'><strong>ad</strong></span> <span class='ocrx_word' id='word_1_78' title='bbox 872 945 962 1005; x_wconf 91' lang='lat' dir='ltr'><strong>quem</strong></span> <span class='ocrx_word' id='word_1_79' title='bbox 989 927 1119 986; x_wconf 87' lang='lat' dir='ltr'><strong>ciconiae</strong></span> 
     </span>
     <span class='ocr_line' id='line_1_10' title="bbox 107 1012 1119 1094; baseline 0.004 -24"><span class='ocrx_word' id='word_1_80' title='bbox 107 1029 168 1071; x_wconf 92' lang='lat' dir='ltr'><strong>non</strong></span> <span class='ocrx_word' id='word_1_81' title='bbox 191 1019 353 1092; x_wconf 80' lang='lat' dir='ltr'><strong>permeant,</strong></span> <span class='ocrx_word' id='word_1_82' title='bbox 377 1014 465 1074; x_wconf 91' lang='lat' dir='ltr'><strong>sieuti</strong></span> <span class='ocrx_word' id='word_1_83' title='bbox 487 1030 545 1073; x_wconf 88' lang='lat' dir='ltr'><strong>neo</strong></span> <span class='ocrx_word' id='word_1_84' title='bbox 567 1017 704 1074; x_wconf 86' lang='lat' dir='ltr'><strong>octavum</strong></span> <span class='ocrx_word' id='word_1_85' title='bbox 727 1016 801 1082; x_wconf 81' lang='lat' dir='ltr'><strong>citra</strong></span> <span class='ocrx_word' id='word_1_86' title='bbox 819 1013 946 1094; x_wconf 83' lang='lat' dir='ltr'><strong>lapidem</strong></span> <span class='ocrx_word' id='word_1_87' title='bbox 965 1012 1001 1074; x_wconf 90' lang='lat' dir='ltr'><strong>ab</strong></span> <span class='ocrx_word' id='word_1_88' title='bbox 1021 1033 1056 1074; x_wconf 92' lang='lat' dir='ltr'><strong>eo</strong></span> <span class='ocrx_word' id='word_1_89' title='bbox 1075 1016 1119 1074; x_wconf 91' lang='lat' dir='ltr'><strong>in·</strong></span> 
     </span>
    </p>

    <p class='ocr_par' dir='ltr' id='par_1_9' title="bbox 63 1098 1172 1535">
     <span class='ocr_line' id='line_1_11' title="bbox 63 1098 1119 1180; baseline 0.005 -21"><span class='ocrx_word' id='word_1_90' title='bbox 63 1117 214 1160; x_wconf 73' lang='lat' dir='ltr'><strong>romense</strong></span> <span class='ocrx_word' id='word_1_91' title='bbox 241 1098 351 1179; x_wconf 90' lang='lat' dir='ltr'><strong>alioqui</strong></span> <span class='ocrx_word' id='word_1_92' title='bbox 381 1101 505 1162; x_wconf 86' lang='lat' dir='ltr'><strong>finitimo</strong></span> <span class='ocrx_word' id='word_1_93' title='bbox 535 1101 695 1162; x_wconf 90' lang='lat' dir='ltr'><strong>lusubrum</strong></span> <span class='ocrx_word' id='word_1_94' title='bbox 725 1109 822 1162; x_wconf 88' lang='lat' dir='ltr'><strong>tractu</strong></span> <span class='ocrx_word' id='word_1_95' title='bbox 853 1105 986 1164; x_wconf 82' lang='lat' dir='ltr'><strong>examina</strong></span> <span class='ocrx_word' id='word_1_96' title='bbox 1015 1120 1119 1180; x_wconf 83' lang='lat' dir='ltr'><strong>gracu-</strong></span> 
     </span>
     <span class='ocr_line' id='line_1_12' title="bbox 106 1187 1120 1270; baseline 0.002 -22"><span class='ocrx_word' id='word_1_97' title='bbox 106 1187 203 1248; x_wconf 89' lang='lat' dir='ltr'><strong>lorum</strong></span> <span class='ocrx_word' id='word_1_98' title='bbox 223 1188 457 1270; x_wconf 89' lang='lat' dir='ltr'><strong>mouedularum,</strong></span> <span class='ocrx_word' id='word_1_99' title='bbox 480 1191 529 1250; x_wconf 91' lang='lat' dir='ltr'><strong>cui</strong></span> <span class='ocrx_word' id='word_1_100' title='bbox 553 1189 608 1252; x_wconf 90' lang='lat' dir='ltr'><strong>soli</strong></span> <span class='ocrx_word' id='word_1_101' title='bbox 630 1192 676 1250; x_wconf 83' lang='lat' dir='ltr'><strong>ari</strong></span> <span class='ocrx_word' id='word_1_102' title='bbox 694 1191 834 1252; x_wconf 79' lang='lat' dir='ltr'><strong>furacitas</strong></span> <span class='ocrx_word' id='word_1_103' title='bbox 857 1193 972 1270; x_wconf 82' lang='lat' dir='ltr'><strong>argenti</strong></span> <span class='ocrx_word' id='word_1_104' title='bbox 995 1193 1120 1270; x_wconf 87' lang='lat' dir='ltr'><strong>aurique</strong></span> 
     </span>
     <span class='ocr_line' id='line_1_13' title="bbox 107 1278 1117 1358; baseline 0.002 -22"><span class='ocrx_word' id='word_1_105' title='bbox 107 1279 267 1356; x_wconf 80' lang='lat' dir='ltr'><strong>praecipue</strong></span> <span class='ocrx_word' id='word_1_106' title='bbox 290 1279 364 1338; x_wconf 90' lang='lat' dir='ltr'><strong>mira</strong></span> <span class='ocrx_word' id='word_1_107' title='bbox 388 1285 442 1338; x_wconf 88' lang='lat' dir='ltr'><strong>est.</strong></span> <span class='ocrx_word' id='word_1_108' title='bbox 478 1280 564 1357; x_wconf 88' lang='lat' dir='ltr'><strong>picus</strong></span> <span class='ocrx_word' id='word_1_109' title='bbox 586 1278 710 1340; x_wconf 85' lang='lat' dir='ltr'><strong>Martius</strong></span> <span class='ocrx_word' id='word_1_110' title='bbox 733 1281 764 1338; x_wconf 91' lang='lat' dir='ltr'><strong>in</strong></span> <span class='ocrx_word' id='word_1_111' title='bbox 787 1279 950 1340; x_wconf 83' lang='lat' dir='ltr'><strong>Tarentino</strong></span> <span class='ocrx_word' id='word_1_112' title='bbox 973 1297 1043 1358; x_wconf 83' lang='lat' dir='ltr'><strong>agro</strong></span> <span class='ocrx_word' id='word_1_113' title='bbox 1066 1297 1117 1338; x_wconf 88' lang='lat' dir='ltr'><strong>ne·</strong></span> 
     </span>
     <span class='ocr_line' id='line_1_14' title="bbox 107 1366 1172 1446; baseline 0 -22"><span class='ocrx_word' id='word_1_114' title='bbox 107 1373 194 1443; x_wconf 78' lang='lat' dir='ltr'><strong>gatur</strong></span> <span class='ocrx_word' id='word_1_115' title='bbox 217 1384 292 1426; x_wconf 91' lang='lat' dir='ltr'><strong>esse.</strong></span> <span class='ocrx_word' id='word_1_116' title='bbox 324 1384 420 1445; x_wconf 89' lang='lat' dir='ltr'><strong>nuper</strong></span> <span class='ocrx_word' id='word_1_117' title='bbox 443 1376 472 1426; x_wconf 88' lang='lat' dir='ltr'><strong>et</strong></span> <span class='ocrx_word' id='word_1_118' title='bbox 495 1366 591 1426; x_wconf 90' lang='lat' dir='ltr'><strong>adhuc</strong></span> <span class='ocrx_word' id='word_1_119' title='bbox 614 1375 713 1428; x_wconf 90' lang='lat' dir='ltr'><strong>tamen</strong></span> <span class='ocrx_word' id='word_1_120' title='bbox 736 1385 803 1428; x_wconf 89' lang='lat' dir='ltr'><strong>rara</strong></span> <span class='ocrx_word' id='word_1_121' title='bbox 826 1367 862 1428; x_wconf 91' lang='lat' dir='ltr'><strong>ab</strong></span> <span class='ocrx_word' id='word_1_122' title='bbox 885 1368 1060 1446; x_wconf 83' lang='lat' dir='ltr'><strong>Appennino</strong></span> <span class='ocrx_word' id='word_1_123' title='bbox 1083 1366 1120 1427; x_wconf 90' lang='lat' dir='ltr'><strong>ad</strong></span> <span class='ocrx_word' id='word_1_124' title='bbox 1140 1371 1172 1422; x_wconf 80' lang='grc'><strong>78</strong></span> 
     </span>
     <span class='ocr_line' id='line_1_15' title="bbox 108 1452 1120 1535; baseline 0.002 -21"><span class='ocrx_word' id='word_1_125' title='bbox 108 1452 215 1514; x_wconf 88' lang='lat' dir='ltr'><strong>urbem</strong></span> <span class='ocrx_word' id='word_1_126' title='bbox 238 1471 342 1514; x_wconf 89' lang='lat' dir='ltr'><strong>versus</strong></span> <span class='ocrx_word' id='word_1_127' title='bbox 366 1457 448 1518; x_wconf 89' lang='lat' dir='ltr'><strong>cerni</strong></span> <span class='ocrx_word' id='word_1_128' title='bbox 476 1473 602 1534; x_wconf 87' lang='lat' dir='ltr'><strong>coepere</strong></span> <span class='ocrx_word' id='word_1_129' title='bbox 629 1458 764 1534; x_wconf 88' lang='lat' dir='ltr'><strong>picarum</strong></span> <span class='ocrx_word' id='word_1_130' title='bbox 793 1474 903 1535; x_wconf 78' lang='lat' dir='ltr'><strong>genera</strong></span> <span class='ocrx_word' id='word_1_131' title='bbox 930 1474 1005 1535; x_wconf 86' lang='lat' dir='ltr'><strong>quae</strong></span> <span class='ocrx_word' id='word_1_132' title='bbox 1032 1456 1120 1534; x_wconf 78' lang='lat' dir='ltr'><strong>longa</strong></span> 
     </span>
    </p>

    <p class='ocr_par' dir='ltr' id='par_1_10' title="bbox 63 1542 1193 1712">
     <span class='ocr_line' id='line_1_16' title="bbox 63 1542 1193 1624; baseline 0.004 -24"><span class='ocrx_word' id='word_1_133' title='bbox 63 1561 93 1602; x_wconf 80' lang='grc'><strong>11</strong></span> <span class='ocrx_word' id='word_1_134' title='bbox 107 1543 240 1620; x_wconf 80' lang='lat' dir='ltr'><strong>insignes</strong></span> <span class='ocrx_word' id='word_1_135' title='bbox 259 1542 352 1603; x_wconf 89' lang='lat' dir='ltr'><strong>cauda</strong></span> <span class='ocrx_word' id='word_1_136' title='bbox 369 1545 467 1604; x_wconf 88' lang='lat' dir='ltr'><strong>variae</strong></span> <span class='ocrx_word' id='word_1_137' title='bbox 485 1543 678 1623; x_wconf 88' lang='lat' dir='ltr'><strong>appellantur.</strong></span> <span class='ocrx_word' id='word_1_138' title='bbox 705 1547 861 1624; x_wconf 92' lang='lat' dir='ltr'><strong>proprium</strong></span> <span class='ocrx_word' id='word_1_139' title='bbox 883 1544 932 1606; x_wconf 90' lang='lat' dir='ltr'><strong>his</strong></span> <span class='ocrx_word' id='word_1_140' title='bbox 953 1544 1119 1604; x_wconf 87' lang='lat' dir='ltr'><strong>calvescere</strong></span> <span class='ocrx_word' id='word_1_141' title='bbox 1189 1577 1193 1585; x_wconf 95' lang='lat'>·</span> 
     </span>
     <span class='ocr_line' id='line_1_17' title="bbox 108 1629 1120 1712; baseline 0.002 -22"><span class='ocrx_word' id='word_1_142' title='bbox 108 1629 246 1691; x_wconf 90' lang='lat' dir='ltr'><strong>omnibus</strong></span> <span class='ocrx_word' id='word_1_143' title='bbox 268 1633 366 1712; x_wconf 84' lang='lat' dir='ltr'><strong>annis,</strong></span> <span class='ocrx_word' id='word_1_144' title='bbox 394 1649 463 1694; x_wconf 92' lang='lat' dir='ltr'><strong>cum</strong></span> <span class='ocrx_word' id='word_1_145' title='bbox 490 1640 627 1696; x_wconf 88' lang='lat' dir='ltr'><strong>serantur</strong></span> <span class='ocrx_word' id='word_1_146' title='bbox 654 1651 732 1712; x_wconf 89' lang='lat' dir='ltr'><strong>rapa.</strong></span> <span class='ocrx_word' id='word_1_147' title='bbox 777 1633 915 1712; x_wconf 85' lang='lat' dir='ltr'><strong>perdices</strong></span> <span class='ocrx_word' id='word_1_148' title='bbox 936 1651 997 1692; x_wconf 89' lang='lat' dir='ltr'><strong>non</strong></span> <span class='ocrx_word' id='word_1_149' title='bbox 1023 1641 1120 1695; x_wconf 86' lang='lat' dir='ltr'><strong>traus-</strong></span> 
     </span>
    </p>

    <p class='ocr_par' dir='ltr' id='par_1_11' title="bbox 85 1717 1121 1977">
     <span class='ocr_line' id='line_1_18' title="bbox 85 1717 1120 1802; baseline 0.006 -26"><span class='ocrx_word' id='word_1_150' title='bbox 85 1718 206 1778; x_wconf 88' lang='lat' dir='ltr'><strong>·volant</strong></span> <span class='ocrx_word' id='word_1_151' title='bbox 235 1717 375 1780; x_wconf 89' lang='lat' dir='ltr'><strong>Boeotiae</strong></span> <span class='ocrx_word' id='word_1_152' title='bbox 405 1721 478 1781; x_wconf 82' lang='lat' dir='ltr'><strong>lines</strong></span> <span class='ocrx_word' id='word_1_153' title='bbox 509 1723 540 1788; x_wconf 92' lang='lat' dir='ltr'><strong>in</strong></span> <span class='ocrx_word' id='word_1_154' title='bbox 570 1721 679 1802; x_wconf 79' lang='lat' dir='ltr'><strong>Attica,</strong></span> <span class='ocrx_word' id='word_1_155' title='bbox 709 1739 764 1781; x_wconf 89' lang='lat' dir='ltr'><strong>nec</strong></span> <span class='ocrx_word' id='word_1_156' title='bbox 792 1721 851 1782; x_wconf 89' lang='lat' dir='ltr'><strong>ulla</strong></span> <span class='ocrx_word' id='word_1_157' title='bbox 878 1723 939 1781; x_wconf 89' lang='lat' dir='ltr'><strong>avis</strong></span> <span class='ocrx_word' id='word_1_158' title='bbox 965 1723 997 1782; x_wconf 93' lang='lat' dir='ltr'><strong>in</strong></span> <span class='ocrx_word' id='word_1_159' title='bbox 1024 1720 1120 1789; x_wconf 84' lang='lat' dir='ltr'><strong>Ponto</strong></span> 
     </span>
     <span class='ocr_line' id='line_1_19' title="bbox 107 1807 1121 1887; baseline 0.002 -21"><span class='ocrx_word' id='word_1_160' title='bbox 107 1807 204 1868; x_wconf 90' lang='lat' dir='ltr'><strong>insula</strong></span> <span class='ocrx_word' id='word_1_161' title='bbox 232 1826 289 1886; x_wconf 88' lang='lat' dir='ltr'><strong>qua</strong></span> <span class='ocrx_word' id='word_1_162' title='bbox 317 1808 452 1887; x_wconf 90' lang='lat' dir='ltr'><strong>sepultus</strong></span> <span class='ocrx_word' id='word_1_163' title='bbox 479 1817 526 1870; x_wconf 87' lang='lat' dir='ltr'><strong>est</strong></span> <span class='ocrx_word' id='word_1_164' title='bbox 551 1808 680 1869; x_wconf 79' lang='lat' dir='ltr'><strong>Achilles</strong></span> <span class='ocrx_word' id='word_1_165' title='bbox 706 1818 851 1873; x_wconf 86' lang='lat' dir='ltr'><strong>sacratam</strong></span> <span class='ocrx_word' id='word_1_166' title='bbox 878 1811 906 1870; x_wconf 91' lang='lat' dir='ltr'><strong>ei</strong></span> <span class='ocrx_word' id='word_1_167' title='bbox 933 1809 1045 1876; x_wconf 89' lang='lat' dir='ltr'><strong>aedem.</strong></span> <span class='ocrx_word' id='word_1_168' title='bbox 1089 1810 1121 1868; x_wconf 89' lang='lat' dir='ltr'><strong>in</strong></span> 
     </span>
     <span class='ocr_line' id='line_1_20' title="bbox 107 1894 1120 1977; baseline 0.002 -21"><span class='ocrx_word' id='word_1_169' title='bbox 107 1894 248 1956; x_wconf 87' lang='lat' dir='ltr'><strong>Fidenate</strong></span> <span class='ocrx_word' id='word_1_170' title='bbox 268 1915 338 1976; x_wconf 85' lang='lat' dir='ltr'><strong>agro</strong></span> <span class='ocrx_word' id='word_1_171' title='bbox 357 1900 439 1958; x_wconf 85' lang='lat' dir='ltr'><strong>iuxta</strong></span> <span class='ocrx_word' id='word_1_172' title='bbox 457 1897 563 1960; x_wconf 89' lang='lat' dir='ltr'><strong>urbem</strong></span> <span class='ocrx_word' id='word_1_173' title='bbox 586 1899 717 1960; x_wconf 89' lang='lat' dir='ltr'><strong>ciconiae</strong></span> <span class='ocrx_word' id='word_1_174' title='bbox 741 1916 796 1960; x_wconf 88' lang='lat' dir='ltr'><strong>neo</strong></span> <span class='ocrx_word' id='word_1_175' title='bbox 819 1897 916 1977; x_wconf 91' lang='lat' dir='ltr'><strong>pullos</strong></span> <span class='ocrx_word' id='word_1_176' title='bbox 938 1915 996 1962; x_wconf 90' lang='lat' dir='ltr'><strong>neo</strong></span> <span class='ocrx_word' id='word_1_177' title='bbox 1017 1896 1120 1958; x_wconf 90' lang='lat' dir='ltr'><strong>nidum</strong></span> 
     </span>
    </p>

    <p class='ocr_par' dir='ltr' id='par_1_12' title="bbox 64 1984 1172 2420">
     <span class='ocr_line' id='line_1_21' title="bbox 64 1984 1121 2066; baseline -0.001 -21"><span class='ocrx_word' id='word_1_178' title='bbox 64 2005 94 2046; x_wconf 83' lang='lat' dir='ltr'><strong>so</strong></span> <span class='ocrx_word' id='word_1_179' title='bbox 109 1985 230 2046; x_wconf 85' lang='lat' dir='ltr'><strong>iaciunt.</strong></span> <span class='ocrx_word' id='word_1_180' title='bbox 272 1994 301 2046; x_wconf 88' lang='lat' dir='ltr'><strong>at</strong></span> <span class='ocrx_word' id='word_1_181' title='bbox 319 1988 350 2046; x_wconf 90' lang='lat' dir='ltr'><strong>in</strong></span> <span class='ocrx_word' id='word_1_182' title='bbox 369 2005 472 2065; x_wconf 67' lang='lat' dir='ltr'><strong>agruim</strong></span> <span class='ocrx_word' id='word_1_183' title='bbox 486 1984 711 2051; x_wconf 86' lang='lat' dir='ltr'><strong>Volaterranum</strong></span> <span class='ocrx_word' id='word_1_184' title='bbox 733 1986 917 2066; x_wconf 88' lang='lat' dir='ltr'><strong>palumbium</strong></span> <span class='ocrx_word' id='word_1_185' title='bbox 938 1988 982 2046; x_wconf 84' lang='lat' dir='ltr'><strong>vis</strong></span> <span class='ocrx_word' id='word_1_186' title='bbox 1006 2004 1022 2044; x_wconf 90' lang='lat' dir='ltr'><strong>e</strong></span> <span class='ocrx_word' id='word_1_187' title='bbox 1046 1985 1121 2046; x_wconf 88' lang='lat' dir='ltr'><strong>mari</strong></span> 
     </span>
     <span class='ocr_line' id='line_1_22' title="bbox 109 2074 1172 2152; baseline -0.008 -16"><span class='ocrx_word' id='word_1_188' title='bbox 109 2076 267 2152; x_wconf 86' lang='lat' dir='ltr'><strong>quotannis</strong></span> <span class='ocrx_word' id='word_1_189' title='bbox 299 2074 422 2136; x_wconf 88' lang='lat' dir='ltr'><strong>advolat.</strong></span> <span class='ocrx_word' id='word_1_190' title='bbox 477 2074 603 2136; x_wconf 81' lang='lat' dir='ltr'><strong>Romae</strong></span> <span class='ocrx_word' id='word_1_191' title='bbox 623 2077 655 2136; x_wconf 89' lang='lat' dir='ltr'><strong>iu</strong></span> <span class='ocrx_word' id='word_1_192' title='bbox 687 2074 789 2136; x_wconf 89' lang='lat' dir='ltr'><strong>aedem</strong></span> <span class='ocrx_word' id='word_1_193' title='bbox 821 2074 958 2136; x_wconf 89' lang='lat' dir='ltr'><strong>Herculis</strong></span> <span class='ocrx_word' id='word_1_194' title='bbox 990 2077 1029 2136; x_wconf 92' lang='lat' dir='ltr'><strong>in</strong></span> <span class='ocrx_word' id='word_1_195' title='bbox 1053 2075 1118 2134; x_wconf 88' lang='lat' dir='ltr'><strong>loro</strong></span> <span class='ocrx_word' id='word_1_196' title='bbox 1139 2079 1172 2128; x_wconf 77' lang='grc'><strong>79</strong></span> 
     </span>
     <span class='ocr_line' id='line_1_23' title="bbox 108 2161 1120 2241; baseline 0 -20"><span class='ocrx_word' id='word_1_197' title='bbox 108 2161 215 2222; x_wconf 90' lang='lat' dir='ltr'><strong>Boario</strong></span> <span class='ocrx_word' id='word_1_198' title='bbox 242 2181 298 2224; x_wconf 88' lang='lat' dir='ltr'><strong>nec</strong></span> <span class='ocrx_word' id='word_1_199' title='bbox 326 2182 445 2226; x_wconf 87' lang='lat' dir='ltr'><strong>muscae</strong></span> <span class='ocrx_word' id='word_1_200' title='bbox 473 2181 529 2224; x_wconf 89' lang='lat' dir='ltr'><strong>neo</strong></span> <span class='ocrx_word' id='word_1_201' title='bbox 560 2182 649 2228; x_wconf 88' lang='lat' dir='ltr'><strong>canes</strong></span> <span class='ocrx_word' id='word_1_202' title='bbox 679 2165 800 2224; x_wconf 87' lang='lat' dir='ltr'><strong>intrant.</strong></span> <span class='ocrx_word' id='word_1_203' title='bbox 845 2163 938 2225; x_wconf 91' lang='lat' dir='ltr'><strong>multa</strong></span> <span class='ocrx_word' id='word_1_204' title='bbox 966 2169 1120 2241; x_wconf 77' lang='lat' dir='ltr'><strong>praeterea</strong></span> 
     </span>
     <span class='ocr_line' id='line_1_24' title="bbox 108 2249 1122 2331; baseline 0.003 -22"><span class='ocrx_word' id='word_1_205' title='bbox 108 2249 224 2331; x_wconf 85' lang='lat' dir='ltr'><strong>siurilia,</strong></span> <span class='ocrx_word' id='word_1_206' title='bbox 246 2269 321 2330; x_wconf 91' lang='lat' dir='ltr'><strong>quae</strong></span> <span class='ocrx_word' id='word_1_207' title='bbox 341 2253 473 2330; x_wconf 89' lang='lat' dir='ltr'><strong>prudens</strong></span> <span class='ocrx_word' id='word_1_208' title='bbox 492 2251 617 2312; x_wconf 91' lang='lat' dir='ltr'><strong>subinde</strong></span> <span class='ocrx_word' id='word_1_209' title='bbox 636 2254 740 2314; x_wconf 89' lang='lat' dir='ltr'><strong>omitto</strong></span> <span class='ocrx_word' id='word_1_210' title='bbox 758 2254 790 2312; x_wconf 93' lang='lat' dir='ltr'><strong>iu</strong></span> <span class='ocrx_word' id='word_1_211' title='bbox 809 2251 935 2331; x_wconf 76' lang='lat' dir='ltr'><strong>singulis</strong></span> <span class='ocrx_word' id='word_1_212' title='bbox 952 2249 1122 2330; x_wconf 78' lang='lat' dir='ltr'><strong>generibus,</strong></span> 
     </span>
     <span class='ocr_line' id='line_1_25' title="bbox 109 2338 1120 2420; baseline 0.001 -23"><span class='ocrx_word' id='word_1_213' title='bbox 109 2338 226 2400; x_wconf 75' lang='lat' dir='ltr'><strong>fastidio</strong></span> <span class='ocrx_word' id='word_1_214' title='bbox 249 2357 391 2420; x_wconf 86' lang='lat' dir='ltr'><strong>parcens,</strong></span> <span class='ocrx_word' id='word_1_215' title='bbox 425 2342 535 2419; x_wconf 89' lang='lat' dir='ltr'><strong>qnippe</strong></span> <span class='ocrx_word' id='word_1_216' title='bbox 565 2358 634 2402; x_wconf 89' lang='lat' dir='ltr'><strong>oum</strong></span> <span class='ocrx_word' id='word_1_217' title='bbox 656 2339 927 2420; x_wconf 85' lang='lat' dir='ltr'><strong>Theophrastus</strong></span> <span class='ocrx_word' id='word_1_218' title='bbox 956 2339 1062 2402; x_wconf 82' lang='lat' dir='ltr'><strong>tradat</strong></span> <span class='ocrx_word' id='word_1_219' title='bbox 1076 2340 1120 2398; x_wconf 78' lang='lat' dir='ltr'><strong>in-</strong></span> 
     </span>
    </p>

    <p class='ocr_par' dir='ltr' id='par_1_13' title="bbox 65 2427 1121 2594">
     <span class='ocr_line' id='line_1_26' title="bbox 65 2427 1121 2506; baseline -0.004 -16"><span class='ocrx_word' id='word_1_220' title='bbox 65 2448 95 2490; x_wconf 80' lang='lat' dir='ltr'><strong>as</strong></span> <span class='ocrx_word' id='word_1_221' title='bbox 109 2428 249 2487; x_wconf 87' lang='lat' dir='ltr'><strong>vectioias</strong></span> <span class='ocrx_word' id='word_1_222' title='bbox 271 2446 337 2488; x_wconf 91' lang='lat' dir='ltr'><strong>esse</strong></span> <span class='ocrx_word' id='word_1_223' title='bbox 365 2430 397 2488; x_wconf 91' lang='lat' dir='ltr'><strong>in</strong></span> <span class='ocrx_word' id='word_1_224' title='bbox 423 2428 493 2490; x_wconf 78' lang='lat' dir='ltr'><strong>Asia</strong></span> <span class='ocrx_word' id='word_1_225' title='bbox 519 2427 670 2490; x_wconf 87' lang='lat' dir='ltr'><strong>columbas</strong></span> <span class='ocrx_word' id='word_1_226' title='bbox 698 2436 728 2489; x_wconf 88' lang='lat' dir='ltr'><strong>et</strong></span> <span class='ocrx_word' id='word_1_227' title='bbox 754 2447 883 2506; x_wconf 85' lang='lat' dir='ltr'><strong>pavones</strong></span> <span class='ocrx_word' id='word_1_228' title='bbox 911 2436 941 2488; x_wconf 90' lang='lat' dir='ltr'><strong>et</strong></span> <span class='ocrx_word' id='word_1_229' title='bbox 964 2445 1070 2488; x_wconf 83' lang='lat' dir='ltr'><strong>ceruos</strong></span> <span class='ocrx_word' id='word_1_230' title='bbox 1091 2435 1121 2486; x_wconf 89' lang='lat' dir='ltr'><strong>et</strong></span> 
     </span>
     <span class='ocr_line' id='line_1_27' title="bbox 109 2513 580 2594; baseline -0.004 -18"><span class='ocrx_word' id='word_1_231' title='bbox 109 2517 141 2576; x_wconf 93' lang='lat' dir='ltr'><strong>in</strong></span> <span class='ocrx_word' id='word_1_232' title='bbox 165 2513 324 2594; x_wconf 81' lang='lat' dir='ltr'><strong>Cyrenaica</strong></span> <span class='ocrx_word' id='word_1_233' title='bbox 349 2516 462 2578; x_wconf 87' lang='lat' dir='ltr'><strong>vocales</strong></span> <span class='ocrx_word' id='word_1_234' title='bbox 485 2533 580 2578; x_wconf 89' lang='lat' dir='ltr'><strong>ranas.</strong></span> 
     </span>
    </p>

    <p class='ocr_par' dir='ltr' id='par_1_14' title="bbox 109 2597 1174 2861">
     <span class='ocr_line' id='line_1_28' title="bbox 177 2597 1174 2685; baseline -0.002 -21"><span class='ocrx_word' id='word_1_235' title='bbox 177 2597 251 2685; x_wconf 83' lang='lat'>(42)</span> <span class='ocrx_word' id='word_1_236' title='bbox 279 2605 341 2664; x_wconf 85' lang='lat' dir='ltr'><strong>Alia</strong></span> <span class='ocrx_word' id='word_1_237' title='bbox 365 2605 518 2666; x_wconf 88' lang='lat' dir='ltr'><strong>admiratio</strong></span> <span class='ocrx_word' id='word_1_238' title='bbox 546 2606 625 2666; x_wconf 83' lang='lat' dir='ltr'><strong>circa</strong></span> <span class='ocrx_word' id='word_1_239' title='bbox 648 2605 773 2664; x_wconf 91' lang='lat' dir='ltr'><strong>oscines.</strong></span> <span class='ocrx_word' id='word_1_240' title='bbox 818 2605 881 2663; x_wconf 91' lang='lat' dir='ltr'><strong>lere</strong></span> <span class='ocrx_word' id='word_1_241' title='bbox 905 2610 1020 2665; x_wconf 88' lang='lat' dir='ltr'><strong>mutant</strong></span> <span class='ocrx_word' id='word_1_242' title='bbox 1043 2602 1120 2664; x_wconf 89' lang='lat' dir='ltr'><strong>eolo·</strong></span> <span class='ocrx_word' id='word_1_243' title='bbox 1140 2607 1174 2656; x_wconf 85' lang='lat'><strong>80</strong></span> 
     </span>
     <span class='ocr_line' id='line_1_29' title="bbox 109 2689 1121 2773; baseline -0.002 -21"><span class='ocrx_word' id='word_1_244' title='bbox 109 2710 174 2773; x_wconf 84' lang='lat' dir='ltr'><strong>rem</strong></span> <span class='ocrx_word' id='word_1_245' title='bbox 193 2711 354 2771; x_wconf 87' lang='lat' dir='ltr'><strong>vocemque</strong></span> <span class='ocrx_word' id='word_1_246' title='bbox 379 2703 511 2772; x_wconf 87' lang='lat' dir='ltr'><strong>tempore</strong></span> <span class='ocrx_word' id='word_1_247' title='bbox 535 2694 604 2752; x_wconf 91' lang='lat' dir='ltr'><strong>anni</strong></span> <span class='ocrx_word' id='word_1_248' title='bbox 627 2709 661 2752; x_wconf 88' lang='lat' dir='ltr'><strong>ac</strong></span> <span class='ocrx_word' id='word_1_249' title='bbox 688 2699 822 2770; x_wconf 82' lang='lat' dir='ltr'><strong>repente</strong></span> <span class='ocrx_word' id='word_1_250' title='bbox 839 2692 915 2754; x_wconf 84' lang='lat' dir='ltr'><strong>siunt</strong></span> <span class='ocrx_word' id='word_1_251' title='bbox 938 2690 1018 2770; x_wconf 89' lang='lat' dir='ltr'><strong>aliae,</strong></span> <span class='ocrx_word' id='word_1_252' title='bbox 1042 2689 1121 2768; x_wconf 93' lang='lat' dir='ltr'><strong>quod</strong></span> 
     </span>
     <span class='ocr_line' id='line_1_30' title="bbox 109 2777 1121 2861; baseline -0.002 -21"><span class='ocrx_word' id='word_1_253' title='bbox 109 2783 141 2842; x_wconf 92' lang='lat' dir='ltr'><strong>iu</strong></span> <span class='ocrx_word' id='word_1_254' title='bbox 164 2781 320 2861; x_wconf 80' lang='lat' dir='ltr'><strong>grandiore</strong></span> <span class='ocrx_word' id='word_1_255' title='bbox 344 2781 446 2842; x_wconf 87' lang='lat' dir='ltr'><strong>alitum</strong></span> <span class='ocrx_word' id='word_1_256' title='bbox 469 2799 578 2860; x_wconf 87' lang='lat' dir='ltr'><strong>genere</strong></span> <span class='ocrx_word' id='word_1_257' title='bbox 602 2797 691 2858; x_wconf 84' lang='lat' dir='ltr'><strong>grues</strong></span> <span class='ocrx_word' id='word_1_258' title='bbox 718 2787 842 2842; x_wconf 83' lang='lat' dir='ltr'><strong>tantum.</strong></span> <span class='ocrx_word' id='word_1_259' title='bbox 886 2777 941 2840; x_wconf 87' lang='lat' dir='ltr'><strong>hae</strong></span> <span class='ocrx_word' id='word_1_260' title='bbox 969 2779 1050 2838; x_wconf 91' lang='lat' dir='ltr'><strong>enim</strong></span> <span class='ocrx_word' id='word_1_261' title='bbox 1076 2795 1121 2838; x_wconf 88' lang='lat' dir='ltr'><strong>se·</strong></span> 
     </span>
    </p>

    <p class='ocr_par' dir='ltr' id='par_1_15' title="bbox 67 2867 1122 3039">
     <span class='ocr_line' id='line_1_31' title="bbox 67 2867 1122 2949; baseline -0.01 -15"><span class='ocrx_word' id='word_1_262' title='bbox 67 2893 96 2934; x_wconf 84' lang='lat' dir='ltr'><strong>eo</strong></span> <span class='ocrx_word' id='word_1_263' title='bbox 110 2879 231 2932; x_wconf 89' lang='lat' dir='ltr'><strong>nectute</strong></span> <span class='ocrx_word' id='word_1_264' title='bbox 250 2873 432 2949; x_wconf 83' lang='lat' dir='ltr'><strong>nigrescunt.</strong></span> <span class='ocrx_word' id='word_1_265' title='bbox 460 2868 573 2933; x_wconf 86' lang='lat' dir='ltr'><strong>merula</strong></span> <span class='ocrx_word' id='word_1_266' title='bbox 592 2887 628 2928; x_wconf 83' lang='lat' dir='ltr'><strong>ex</strong></span> <span class='ocrx_word' id='word_1_267' title='bbox 647 2870 731 2947; x_wconf 83' lang='lat' dir='ltr'><strong>nigra</strong></span> <span class='ocrx_word' id='word_1_268' title='bbox 749 2868 882 2947; x_wconf 80' lang='lat' dir='ltr'><strong>rufescit,</strong></span> <span class='ocrx_word' id='word_1_269' title='bbox 905 2867 985 2927; x_wconf 91' lang='lat' dir='ltr'><strong>cauit</strong></span> <span class='ocrx_word' id='word_1_270' title='bbox 1002 2873 1122 2944; x_wconf 90' lang='lat' dir='ltr'><strong>aestate,</strong></span> 
     </span>
     <span class='ocr_line' id='line_1_32' title="bbox 110 2957 1122 3039; baseline -0.005 -21"><span class='ocrx_word' id='word_1_271' title='bbox 110 2958 210 3020; x_wconf 89' lang='lat' dir='ltr'><strong>hieme</strong></span> <span class='ocrx_word' id='word_1_272' title='bbox 235 2958 375 3039; x_wconf 84' lang='lat' dir='ltr'><strong>balbutit,</strong></span> <span class='ocrx_word' id='word_1_273' title='bbox 408 2960 486 3025; x_wconf 81' lang='lat' dir='ltr'><strong>oitoa</strong></span> <span class='ocrx_word' id='word_1_274' title='bbox 515 2957 675 3021; x_wconf 87' lang='lat' dir='ltr'><strong>solstitium</strong></span> <span class='ocrx_word' id='word_1_275' title='bbox 701 2964 791 3021; x_wconf 90' lang='lat' dir='ltr'><strong>muta.</strong></span> <span class='ocrx_word' id='word_1_276' title='bbox 843 2963 975 3016; x_wconf 90' lang='lat' dir='ltr'><strong>rostrum</strong></span> <span class='ocrx_word' id='word_1_277' title='bbox 1003 2971 1122 3032; x_wconf 90' lang='lat' dir='ltr'><strong>quoque</strong></span> 
     </span>
    </p>
   </div>
   <div class='ocr_carea' id='block_1_3' title="bbox 20 3195 1125 3692">
    <p class='ocr_par' dir='ltr' id='par_1_16' title="bbox 20 3195 1125 3329">
     <span class='ocr_line' id='line_1_33' title="bbox 20 3195 1125 3329; baseline -0.005 -7"><span class='ocrx_word' id='word_1_278' title='bbox 20 3297 23 3304; x_wconf 68' lang='lat'><strong>,</strong></span> <span class='ocrx_word' id='word_1_279' title='bbox 110 3205 197 3324; x_wconf 41' lang='lat'>1²⁸²?</span> <span class='ocrx_word' id='word_1_280' title='bbox 214 3215 352 3329; x_wconf 50' lang='lat' dir='ltr'><strong>323de</strong></span> <span class='ocrx_word' id='word_1_281' title='bbox 369 3201 424 3324; x_wconf 46' lang='grc' dir='ltr'><strong>ξπ</strong></span> <span class='ocrx_word' id='word_1_282' title='bbox 442 3197 671 3324; x_wconf 51' lang='lat' dir='ltr'><strong>ltpRhmpopupd</strong></span> <span class='ocrx_word' id='word_1_283' title='bbox 682 3195 830 3323; x_wconf 40' lang='lat' dir='ltr'><strong>bbdobd&#39;ll&amp;</strong></span> <span class='ocrx_word' id='word_1_284' title='bbox 853 3195 972 3320; x_wconf 59' lang='lat' dir='ltr'><strong>qupdngc</strong></span> <span class='ocrx_word' id='word_1_285' title='bbox 989 3281 1015 3318; x_wconf 86' lang='lat' dir='ltr'><strong>o.</strong></span> <span class='ocrx_word' id='word_1_286' title='bbox 1034 3195 1125 3318; x_wconf 55' lang='grc' dir='ltr'><strong>61111811ι</strong></span> 
     </span>
    </p>

    <p class='ocr_par' dir='ltr' id='par_1_17' title="bbox 112 3338 1125 3692">
     <span class='ocr_line' id='line_1_34' title="bbox 185 3338 1124 3410; baseline -0.007 -16"><span class='ocrx_word' id='word_1_287' title='bbox 185 3346 209 3394; x_wconf 86' lang='grc'><strong>9.</strong></span> <span class='ocrx_word' id='word_1_288' title='bbox 225 3345 259 3394; x_wconf 85' lang='grc'><strong>10</strong></span> <span class='ocrx_word' id='word_1_289' title='bbox 277 3341 512 3410; x_wconf 49' lang='grc' dir='ltr'><strong>1111111111.,·1ο</strong></span> <span class='ocrx_word' id='word_1_290' title='bbox 526 3340 555 3394; x_wconf 93' lang='grc'><strong>11.</strong></span> <span class='ocrx_word' id='word_1_291' title='bbox 628 3345 661 3394; x_wconf 84' lang='grc'><strong>10</strong></span> <span class='ocrx_word' id='word_1_292' title='bbox 679 3340 809 3393; x_wconf 59' lang='lat' dir='ltr'><strong>mactum</strong></span> <span class='ocrx_word' id='word_1_293' title='bbox 835 3338 908 3390; x_wconf 79' lang='lat' dir='ltr'><strong>-ium</strong></span> <span class='ocrx_word' id='word_1_294' title='bbox 921 3353 944 3390; x_wconf 87' lang='lat' dir='ltr'><strong>r.</strong></span> <span class='ocrx_word' id='word_1_295' title='bbox 1017 3340 1051 3388; x_wconf 73' lang='lat'><strong>26</strong></span> <span class='ocrx_word' id='word_1_296' title='bbox 1066 3349 1124 3388; x_wconf 86' lang='lat' dir='ltr'><strong>oer-</strong></span> 
     </span>
     <span class='ocr_line' id='line_1_35' title="bbox 112 3404 1125 3474; baseline -0.009 -6"><span class='ocrx_word' id='word_1_297' title='bbox 112 3428 164 3468; x_wconf 81' lang='lat' dir='ltr'><strong>uos</strong></span> <span class='ocrx_word' id='word_1_298' title='bbox 182 3411 211 3468; x_wconf 90' lang='grc'><strong>11.</strong></span> <span class='ocrx_word' id='word_1_299' title='bbox 238 3411 376 3474; x_wconf 69' lang='grc'><strong>1111111111.</strong></span> <span class='ocrx_word' id='word_1_300' title='bbox 407 3427 504 3466; x_wconf 82' lang='lat' dir='ltr'><strong>corvos</strong></span> <span class='ocrx_word' id='word_1_301' title='bbox 522 3411 562 3465; x_wconf 84' lang='lat' dir='ltr'><strong>ed.</strong></span> <span class='ocrx_word' id='word_1_302' title='bbox 581 3408 649 3466; x_wconf 80' lang='lat' dir='ltr'><strong>Boo.</strong></span> <span class='ocrx_word' id='word_1_303' title='bbox 734 3415 768 3464; x_wconf 75' lang='grc'><strong>17</strong></span> <span class='ocrx_word' id='word_1_304' title='bbox 787 3413 838 3462; x_wconf 80' lang='lat' dir='ltr'><strong>aut</strong></span> <span class='ocrx_word' id='word_1_305' title='bbox 854 3407 966 3462; x_wconf 84' lang='lat' dir='ltr'><strong>mutant</strong></span> <span class='ocrx_word' id='word_1_306' title='bbox 982 3404 1040 3460; x_wconf 83' lang='lat' dir='ltr'><strong>iore</strong></span> <span class='ocrx_word' id='word_1_307' title='bbox 1058 3406 1125 3459; x_wconf 67' lang='lat' dir='ltr'><strong>soa-</strong></span> 
     </span>
     <span class='ocr_line' id='line_1_36' title="bbox 113 3474 1123 3550; baseline -0.01 -12"><span class='ocrx_word' id='word_1_308' title='bbox 113 3481 290 3545; x_wconf 71' lang='lat' dir='ltr'><strong>nonnanes</strong></span> <span class='ocrx_word' id='word_1_309' title='bbox 312 3486 363 3536; x_wconf 81' lang='lat' dir='ltr'><strong>aut</strong></span> <span class='ocrx_word' id='word_1_310' title='bbox 384 3479 514 3545; x_wconf 68' lang='grc'><strong>1111111111</strong></span> <span class='ocrx_word' id='word_1_311' title='bbox 536 3481 644 3550; x_wconf 71' lang='lat' dir='ltr'><strong>aliquid</strong></span> <span class='ocrx_word' id='word_1_312' title='bbox 663 3479 828 3548; x_wconf 67' lang='lat' dir='ltr'><strong>pneuma.</strong></span> <span class='ocrx_word' id='word_1_313' title='bbox 867 3495 905 3533; x_wconf 81' lang='lat' dir='ltr'><strong>ou</strong></span> <span class='ocrx_word' id='word_1_314' title='bbox 923 3474 1042 3532; x_wconf 79' lang='lat' dir='ltr'><strong>omnes?</strong></span> <span class='ocrx_word' id='word_1_315' title='bbox 1074 3475 1123 3542; x_wconf 76' lang='lat' dir='ltr'><strong>ese.</strong></span> 
     </span>
     <span class='ocr_line' id='line_1_37' title="bbox 112 3548 1125 3622; baseline -0.01 -12"><span class='ocrx_word' id='word_1_316' title='bbox 112 3549 201 3618; x_wconf 68' lang='lat' dir='ltr'><strong>Arist⁴</strong></span> <span class='ocrx_word' id='word_1_317' title='bbox 215 3551 282 3608; x_wconf 77' lang='grc'><strong>1.·11.</strong></span> <span class='ocrx_word' id='word_1_318' title='bbox 296 3550 402 3620; x_wconf 72' lang='grc' dir='ltr'><strong>ΙΧ491&gt;</strong></span> <span class='ocrx_word' id='word_1_319' title='bbox 416 3569 446 3622; x_wconf 82' lang='lat' dir='ltr'><strong>p.</strong></span> <span class='ocrx_word' id='word_1_320' title='bbox 457 3551 561 3620; x_wconf 69' lang='grc'><strong>63111,</strong></span> <span class='ocrx_word' id='word_1_321' title='bbox 574 3555 615 3606; x_wconf 74' lang='lat'><strong>14·</strong></span> <span class='ocrx_word' id='word_1_322' title='bbox 627 3555 686 3605; x_wconf 83' lang='grc' dir='ltr'><strong>τῶν</strong></span> <span class='ocrx_word' id='word_1_323' title='bbox 704 3551 730 3605; x_wconf 80' lang='grc' dir='ltr'><strong>δ’</strong></span> <span class='ocrx_word' id='word_1_324' title='bbox 743 3551 850 3618; x_wconf 80' lang='grc' dir='ltr'>ὀρνέων</span> <span class='ocrx_word' id='word_1_325' title='bbox 868 3549 974 3604; x_wconf 82' lang='grc' dir='ltr'>πολλὰ</span> <span class='ocrx_word' id='word_1_326' title='bbox 993 3548 1125 3613; x_wconf 83' lang='grc' dir='ltr'>μεταβάλ-</span> 
     </span>
     <span class='ocr_line' id='line_1_38' title="bbox 112 3625 584 3692; baseline -0.008 -12"><span class='ocrx_word' id='word_1_327' title='bbox 112 3627 196 3680; x_wconf 75' lang='lat' dir='ltr'><strong>louet.</strong></span> <span class='ocrx_word' id='word_1_328' title='bbox 268 3628 302 3678; x_wconf 79' lang='lat'><strong>28</strong></span> <span class='ocrx_word' id='word_1_329' title='bbox 322 3625 353 3677; x_wconf 80' lang='lat' dir='ltr'><strong>ut</strong></span> <span class='ocrx_word' id='word_1_330' title='bbox 370 3625 495 3692; x_wconf 82' lang='lat' dir='ltr'><strong>tempore</strong></span> <span class='ocrx_word' id='word_1_331' title='bbox 513 3626 584 3676; x_wconf 75' lang='lat' dir='ltr'><strong>red.</strong></span> 
     </span>
    </p>
   </div>
   <div class='ocr_carea' id='block_1_4' title="bbox 166 3712 963 3761">
    <p class='ocr_par' dir='ltr' id='par_1_18' title="bbox 166 3712 963 3761">
     <span class='ocr_line' id='line_1_39' title="bbox 166 3712 963 3761; baseline 0.009 -7"><span class='ocrx_word' id='word_1_332' title='bbox 166 3713 233 3754; x_wconf 71' lang='lat' dir='ltr'><strong>hin.</strong></span> <span class='ocrx_word' id='word_1_333' title='bbox 248 3724 305 3754; x_wconf 73' lang='grc'><strong>1111.</strong></span> <span class='ocrx_word' id='word_1_334' title='bbox 318 3723 381 3754; x_wconf 72' lang='lat' dir='ltr'><strong>mse.</strong></span> <span class='ocrx_word' id='word_1_335' title='bbox 407 3713 439 3753; x_wconf 92' lang='lat'><strong>11.</strong></span> <span class='ocrx_word' id='word_1_336' title='bbox 497 3753 498 3758; x_wconf 69' lang='grc'>,</span> <span class='ocrx_word' id='word_1_337' title='bbox 931 3712 963 3761; x_wconf 76' lang='lat'><strong>12</strong></span> 
     </span>
    </p>
   </div>
   <div class='ocr_carea' id='block_1_5' title="bbox 0 0 1297 3936">
    <p class='ocr_par' dir='ltr' id='par_1_19' title="bbox 0 0 1297 3936">
     <span class='ocr_line' id='line_1_40' title="bbox 0 0 1297 3936; baseline 0 0"><span class='ocrx_word' id='word_1_338' title='bbox 0 0 1297 3936; x_wconf 95' lang='lat' dir='ltr'><strong> </strong></span> 
     </span>
    </p>
   </div>
  </div>
 </body>
</html>
