2340 3934
270 166 354 222 ΝΑΤ.
372 167 464 222 HIST.
483 168 602 224 Vssl1o
622 171 747 240 (li—19)
972 170 1014 237 67

12 320 152 400 Scipione,
181 321 252 400 quia
277 319 371 380 ceteri
397 327 479 382 motu
502 337 614 401 poenae
643 321 747 384 similis
775 321 1016 386 absterrerentur

10 409 100 470 cadem
123 427 211 470 noxa.

64 492 138 580 (19)
185 498 281 560 Leoni
308 506 423 560 tantum
450 517 487 560 ex
514 499 586 560 ieris
614 499 772 561 clementia
798 504 830 562 in
858 501 1014 583 supplices.
1034 513 1068 562 48

7 591 153 668 prostratis
181 590 283 668 parcit
305 596 347 670 et,
377 587 429 650 ubi
457 591 561 670 saevit,
592 592 624 650 iu
648 591 727 650 viros
750 587 850 671 petius
874 611 961 672 quam
985 596 1015 653 in

6 679 117 738 seminas
142 678 261 760 fremit,
291 679 323 738 in
345 677 474 739 inientes
496 696 556 738 non
579 681 638 740 nisi
660 696 764 759 magna
787 681 873 742 fame.
921 683 1016 743 credit

4 767 80 847 libya
96 769 264 847 pervenire
282 767 467 828 intellectum
485 768 521 828 ad
540 786 591 830 ees
609 786 742 849 precum.
772 772 914 850 captivam
934 780 1015 832 certe

4 857 145 918 Gaetuliae
164 857 313 918 reducem
335 858 431 918 andivi
449 855 612 920 multorum
635 860 666 918 in
685 857 765 919 silvis
784 861 928 939 impetum
948 879 965 921 a
983 879 1015 922 se

2 949 159 1026 mitigatum
189 947 312 1026 adloqui
340 965 408 1008 ausa
436 954 467 1007 et
489 947 588 1008 dicere
616 967 648 1008 se
672 948 824 1031 feminam,
851 949 1015 1032 profugam,

1 1038 151 1119 infirmam,
187 1036 357 1116 supplicem
379 1036 512 1097 animalis
536 1039 669 1098 omnium
692 1041 913 1117 generosissimi
937 1047 1015 1100 eete-

0 1129 86 1206 ιὀιῃιο
110 1128 337 1208 imperitantis
366 1126 517 1205 indignam
541 1129 605 1187 eius
628 1125 720 1206 gloria
742 1128 890 1208 praedam.
936 1131 1015 1190 varia

11 1217 63 1278 irca
91 1217 154 1278 boe
188 1217 295 1296 opinio
326 1233 362 1276 ex
390 1218 509 1295 iugenio
541 1219 686 1296 cuiusque
718 1217 763 1277 vel
790 1233 860 1278 casu
891 1217 1016 1278 mulceri

0 1307 132 1386 dloquiis
162 1308 265 1388 ieras,
298 1307 407 1386 quippe
435 1308 576 1381 quoniam
603 1313 758 1386 serpentes
786 1305 900 1367 extrahi
927 1315 1015 1367 cantu

9 1400 107 1477 egique
128 1399 166 1458 in
187 1413 323 1476 poenam
341 1413 445 1456 vertrm
463 1395 609 1457 falsumne
629 1399 745 1457 sitnon
764 1399 823 1458 vita
842 1397 1015 1460 decreverit.

1 1485 99 1548 leonum
123 1487 229 1548 animi
254 1485 345 1546 index
367 1485 460 1546 cauda
483 1488 561 1548 sicut
585 1494 615 1548 et
637 1503 783 1566 equorum
806 1505 902 1548 aures.
935 1506 1015 1548 nam·
1034 1497 1069 1545 49

0 1595 41 1636 ιοο
62 1585 92 1638 et
113 1577 175 1638 bas
204 1583 297 1636 notas
318 1577 547 1654 generosissimo
571 1578 680 1655 cuique
703 1583 808 1638 natura
826 1575 940 1638 tribuit.
972 1579 1015 1638 in-

0 1675 57 1726 cola
84 1687 161 1748 ergo
195 1664 335 1746 placido,
367 1665 497 1726 clemens
520 1665 694 1748 blandienti,
726 1665 806 1744 quod
833 1684 935 1727 rarum
962 1676 1017 1748 est,

23 1755 112 1818 brier
137 1758 233 1818 enim
260 1755 426 1836 iracundia,
451 1756 536 1816 ouius
558 1757 590 1815 in
610 1757 757 1834 principio
776 1763 856 1816 terra
881 1755 1015 1816 verbera·

1 1865 37 1928 m,
58 1850 267 1909 incremento
286 1851 370 1922 terga
393 1863 449 1904 ceu
468 1844 595 1924 quodam
613 1846 804 1906 incitamento
822 1844 1016 1925 flagellantur.

6 1937 11 1948 '
48 1956 168 1998 somma
202 1938 240 1996 in
266 1939 391 2012 pectore
515 1953 551 1994 ex
579 1935 659 1994 omni
683 1933 803 1994 vulnere
832 1936 893 1994 sive
917 1953 1016 2014 tingue

0 2045 112 2104 opressa
137 2028 212 2088 sive
235 2023 331 2084 dente
355 2029 418 2082 ater
436 2023 558 2102 profluit
581 2025 700 2102 sanguis
716 2071 722 2082 .
738 2071 744 2083 .
760 2071 787 2084 ..
812 2023 902 2084 iidem
921 2026 1017 2085 satiati

3 2137 86 2178 nom
113 2122 206 2179 sunt.
262 2115 449 2191 generositas
476 2115 507 2172 in
534 2113 676 2192 periculis
704 2113 828 2173 maxime
853 2113 1015 2193 deprehen·
1036 2123 1070 2171 50

2 2207 62 2290 tur,
86 2227 152 2269 non
179 2206 219 2266 in
246 2201 302 2262 illo
326 2202 539 2284 tantummodo,
562 2202 642 2280 qued
666 2219 812 2282 spernens
830 2202 888 2262 tela
912 2203 962 2264 diu
986 2221 1017 2263 se

4 2322 13 2329 ἰ
25 2317 88 2358 rore
113 2296 188 2360 solo
211 2285 328 2356 tuetur
351 2309 384 2350 ae
403 2291 483 2351 velut
502 2293 567 2370 cogi
586 2297 723 2372 testatur,
746 2293 938 2370 cooriturque
958 2310 1018 2356 non

0 2405 124 2466 masuam
154 2380 313 2466 periculo
340 2386 473 2461 cedetne,
506 2380 558 2440 sed
584 2387 733 2459 tamquam
762 2383 889 2441 amentia
915 2383 1018 2442 iratus.

12 2495 24 2535 a
44 2478 183 2538 nobilior
211 2471 315 2534 animi
338 2469 528 2548 significatio:
552 2469 713 2549 quamlibet
731 2487 835 2549 magna
859 2487 965 2530 cauum
989 2479 1020 2530 et

0 2570 147 2629 neudum
182 2565 349 2640 urguente
376 2560 404 2618 vi
431 2561 626 2639 eontfflnptim
654 2561 854 2637 restitansque
883 2559 961 2619 cedit
987 2561 1019 2618 in

5 2677 81 2736 equs
112 2664 147 2718 et
179 2652 245 2714 ubi
278 2649 409 2728 spectari
430 2655 538 2728 petest.
584 2648 663 2710 idem
690 2646 741 2708 ubi
764 2647 890 2726 virgulta
918 2647 1018 2708 silvas-

19 2925 23 2930 ·
43 2909 55 2956 1
74 2905 164 2957 metu
186 2897 224 2951 αἳ
240 2895 278 2948 iae
292 2909 349 2948 ree.
364 2891 435 2947 F²d².
459 2893 536 2946 metu
554 2889 671 2945 eius1t².
695 2889 760 2945 mei
778 2890 822 2944 11¹.
846 2889 935 2944 meins
950 2891 1019 2945 Μ’.

22 2975 74 3029 eius
95 2975 139 3026 4¹.
206 2975 228 3022 4
253 2965 368 3019 saeuire
380 2962 424 3016 12².
448 2963 497 3017 ubi
516 2963 607 3017 saeuit
623 2980 647 3016 r.
664 2963 668 3032 Ι
688 2979 773 3030 quam
790 2967 821 3016 B.
846 2979 930 3031 quam
947 2962 978 3016 in
996 2980 1018 3016 r.

40 3051 55 3100 8
79 3040 237 3112 adloquio
261 3034 385 3089 Ὲῖθᾱο.
416 3036 419 3104 l
449 3051 518 3088 ausa,
536 3037 565 3088 et
582 3033 655 3088 Deil.
684 3050 768 3088 ausae
787 3032 850 3087 1²²2„
880 3051 977 3087 ausam
995 3038 1019 3087 d.

4 3141 8 3164 ι
39 3135 64 3173 se
84 3136 111 3172 r,
222 3115 264 3164 12
287 3106 422 3176 queniam
440 3123 494 3176 epe.
523 3106 573 3173 cfr.
597 3107 704 3158 XXVI
715 3111 779 3160 100.
807 3105 856 3159 ubi
875 3105 959 3159 etiam
977 3105 1020 3157 1¹².

6 3190 82 3245 roiam
102 3207 128 3244 r.
199 3189 241 3238 16
265 3179 392 3235 clemens
411 3179 438 3232 11.
448 3195 473 3232 ο.
502 3179 650 3246 capotius
667 3178 789 3231 bremens
808 3179 849 3232 eei
868 3175 1031 3231 oscillens?

41 3269 72 3318 17
95 3261 188 3317 euius
210 3249 397 3309 DlleTRob.
423 3249 500 3304 cinus
519 3250 543 3302 i.
571 3248 630 3302 eius
647 3253 700 3301 Bo.
774 3253 807 3302 19
828 3249 956 3302 lacunam
974 3263 1021 3316 eqo

13 3336 102 3390 icovc'.
144 3330 301 3386 eicientur
324 3321 493 3375 intercidisse
515 3321 597 3374 rebe
617 3319 709 3374 Solimi
732 3324 827 3386 27,18
850 3319 967 3372 firmitas
990 3318 1021 3371 in
1095 3353 1099 3362 ‚

0 3406 60 3474 pite
79 3402 272 3477 praecipua.
301 3390 852 3460 0111111811.αιΙΧ44Ρ.63οΑ,4.
907 3395 941 3442 20
960 3390 1022 3442 aber

1 3477 157 3532 '²2²l2Rob
195 3471 283 3526 albor
302 3481 326 3519 r.
360 3469 390 3518 ol
407 3465 457 3530 cfr.
476 3463 563 3518 Arioi.
583 3463 600 3516 l.
620 3463 637 3518 l.
656 3479 680 3516 e.
692 3467 717 3516 6.
753 3464 759 3532 1
790 3460 905 3530 profluit
922 3458 1020 3513 1¹¹²e²d

9 3549 36 3603 Ι1
58 3569 81 3606 r,
120 3551 125 3618 1
166 3548 320 3601 lammam
345 3551 392 3605 eqo
416 3535 548 3589 indicaui.
585 3534 670 3602 periit
694 3533 827 3586 sortientia
850 3531 935 3586 Arist.
960 3531 978 3584 1.
1003 3531 1020 3584 l.

1 3623 160 3689 *.629B,8:
195 3613 321 3670 ὁλέων
340 3609 370 3662 ἑν
389 3613 424 3677 τῇ
445 3608 541 3676 βρώεει
560 3607 610 3673 μὲν
627 3604 824 3671 χαλεπώτατός
842 3603 904 3656 scu.
986 3607 1020 3655 26

1 3695 50 3750 tii.
77 3694 111 3750 ui
130 3709 159 3748 r.
846 3761 861 3794 *
