2340 3934
140 135 184 198 44
433 199 440 212 ,
488 129 517 185 o.
536 129 636 184 Poma
655 125 812 181 succum

141 285 229 346 modo
257 285 383 364 accipio,
414 297 542 361 puerum
569 286 654 338 aestu
682 285 712 337 et
734 277 842 335 itincre
866 274 980 334 sessum
1005 275 1036 332 in
1066 291 1150 350 sporn

142 383 257 454 septem
279 382 309 432 et
328 370 540 452 quinquaginta
563 367 708 428 dormisse
732 367 826 446 anniS,
849 381 950 423 rernm
970 363 1078 422 faciem
1096 379 1151 420 mu-

141 466 342 540 tationemque
366 462 524 520 mirantem
541 457 622 517 velut
640 461 760 535 postero
779 454 827 514 die
849 459 1068 533 experrectum,
1090 451 1151 510 binr

143 555 207 631 pari
231 569 357 611 numero
381 548 498 610 dierum
525 549 608 607 senio
631 547 803 624 ingruente,
835 551 991 604 attamen
1014 543 1046 602 in
1071 543 1152 620 septi·

143 659 225 701 nnnn
248 649 278 700 et
301 639 580 718 quinquagesimum
605 642 693 714 atque
718 635 915 694 centesimum
937 633 1014 692 vitae
1038 630 1168 691 duraret:

143 747 261 790 annum.
307 730 486 790 feminarum
508 745 597 787 sexus
620 725 689 786 huic
712 723 789 784 malo
812 723 930 782 videtur
958 723 1087 782 maxime
1110 739 1153 799 op·

142 827 290 900 portunus
313 816 506 878 conversione
530 815 644 896 volvae,
675 832 750 894 quae
774 815 799 874 si
823 815 1004 893 corrigatur,
1038 812 1154 892 spiritns

142 905 320 968 restituitur.
370 906 429 967 buc
459 907 590 986 pertinet
622 902 720 964 nobile
753 901 831 982 apud
860 901 991 962 Graecos
1020 900 1154 960 volumen

142 996 346 1057 Heraclidis
369 1003 484 1076 septem
502 993 607 1056 diebus
628 994 755 1054 feminae
779 993 922 1053 exanimis
946 991 1095 1052 advitam
1116 1008 1154 1048 re·

91 1093 279 1147 1torocatae.
316 1084 421 1145 Varro
446 1103 564 1165 quoque
588 1091 692 1144 auctor
715 1091 761 1146 est
783 1084 897 1144 xxviro
921 1099 953 1142 se
977 1099 1069 1160 agros
1092 1080 1154 1140 diri·

143 1175 231 1236 dente
247 1173 361 1255 Capuae
382 1175 529 1254 quendam
548 1175 600 1252 qui
618 1173 777 1234 efferretur
791 1173 856 1232 loro
870 1171 993 1232 domum
1010 1187 1155 1231 remeasse

142 1264 277 1344 pedibus.
313 1265 370 1324 hoc
393 1265 472 1325 idem
494 1264 604 1344 Aquini
626 1263 778 1324 accidisse.
810 1261 920 1322 Romae
945 1279 1069 1341 qnoque
1094 1257 1155 1319 Cor·

143 1355 246 1415 lidinm
269 1361 445 1414 materterae
467 1371 537 1414 suae
562 1354 702 1412 maritum
720 1353 825 1413 funere
844 1351 940 1412 locato
963 1351 1111 1411 revixisse
1133 1359 1154 1407 ot

93 1452 141 1501 177
153 1443 314 1504 locatorem
333 1444 447 1504 lunaris
470 1442 506 1502 ab
526 1460 561 1502 eo
584 1442 703 1502 elatum.
736 1441 826 1502 adicit
843 1439 986 1500 miracula
1005 1457 1085 1519 quae
1104 1447 1157 1499 tota

60 1557 68 1581 ι
143 1532 290 1592 indicasse
316 1533 486 1593 conveniat:
523 1550 539 1592 c
563 1531 681 1592 duobus
704 1530 846 1593 iratribus
874 1531 1025 1609 equestris
1050 1529 1168 1589 ordinis}

144 1621 269 1682 Confidis
288 1623 393 1681 maiori
412 1621 554 1682 accidisse
573 1628 608 1682 ut
625 1621 778 1682 rideretur
796 1622 973 1702 exspirasse,
996 1617 1168 1699 apertoqu'

143 1718 320 1772 testamento
351 1713 508 1771 recitatum
535 1710 677 1771 heredem
707 1714 854 1773 minorem
881 1711 981 1771 funeri
1007 1699 1168 1786 institisse?

143 1801 264 1861 interim
287 1819 356 1861 eum
375 1802 426 1880 qui
444 1798 600 1860 videbatur
624 1805 789 1863 exstinctus
806 1799 974 1879 plaudendo
996 1795 1168 1860 concisius*

144 1892 308 1951 ministeria
336 1898 366 1950 et
388 1907 525 1950 narrasse
552 1909 568 1950 a
591 1891 682 1952 fratre
711 1891 896 1970 sevenisse,
926 1887 1168 1948 commendatam

144 1978 201 2039 sibi
224 1980 312 2039 filiam
335 1978 371 2038 ab
395 1998 439 2061 eo,
463 1979 700 2042 demonstratum
717 1986 873 2058 praeterea
893 1996 952 2057 quo
976 1978 1007 2038 in
1026 1977 1096 2037 loco
1114 1977 1154 2036 dr·

144 2067 268 2128 fodisset
291 2087 397 2128 aurum
420 2068 500 2129 nullo
524 2071 653 2150 conscio,
676 2077 707 2130 et
729 2087 850 2149 rogasse
873 2076 908 2128 ut
927 2069 964 2127 iis
983 2065 1155 2128 funebriis<

144 2175 219 2236 quae
243 2165 444 2237 comparasset
467 2159 632 2219 efferretur.
678 2158 735 2218 hoc
759 2177 794 2218 eo
818 2164 956 2218 narrante
985 2157 1091 2218 fratris
1114 2157 1154 2215 do·

143 2248 260 2307 mestici
282 2264 411 2327 propere
434 2248 645 2308 adnuntiavere
669 2249 868 2310 exanimatum
889 2246 981 2329 illum,
1005 2254 1038 2307 et
1058 2263 1156 2307 aurum

91 2334 205 2395 178ubi
232 2335 347 2396 dixerat
373 2346 527 2417 repertum
554 2345 608 2398 cst.
658 2337 745 2417 plena
772 2344 927 2417 praeterea
953 2338 1013 2397 vita
1043 2344 1090 2396 est
1118 2336 1167 2412 bis}

143 2427 301 2508 vaticiniis,
334 2426 386 2487 sed
418 2445 480 2487 non
511 2427 704 2508 conserenda,
736 2445 806 2488 cnm
838 2428 956 2507 saepius
986 2424 1061 2486 falsa
1093 2419 1167 2497 sintl

144 2515 222 2576 sicut
250 2517 364 2596 ingenti
392 2516 526 2596 exemplo
554 2514 735 2578 docebimus.
780 2515 861 2577 Bello
886 2513 986 2578 Siculo
1009 2513 1155 2576 Gabienus

144 2603 278 2666 Caesaris
296 2606 435 2667 classium
453 2603 633 2666 fortissimus
652 2614 756 2685 captus
774 2624 792 2666 a
811 2605 901 2667 Sexto
914 2605 1060 2685 Pompeio
1077 2607 1153 2666 iusso

144 2697 209 2755 eius
231 2697 326 2756 incisa
348 2697 463 2755 cervice
492 2703 521 2755 et
543 2697 591 2754 rix
615 2694 793 2756 cohaerente
816 2697 907 2756 iacuit
931 2697 962 2756 in
985 2694 1076 2755 litore
1100 2703 1154 2755 too·

145 2783 200 2845 die.
231 2784 346 2865 deinde,
369 2802 438 2844 cum
457 2785 717 2864 advesperavisset,
740 2787 852 2864 gemitu
870 2783 1074 2864 precibusque
1093 2803 1152 2845 corr·

144 2880 263 2950 gregata
287 2873 475 2933 multitudine
499 2875 584 2952 petiit
606 2876 650 2935 uti
673 2873 833 2954 Pompeius
857 2874 892 2934 ad
916 2893 947 2934 se
971 2876 1090 2934 veniret
1111 2884 1152 2933 aut

145 2960 274 3040 aliquem
297 2980 333 3020 ex
357 2964 473 3022 arcanis
496 2965 641 3045 mitteret,
665 2983 696 3024 se
721 2966 800 3024 enim
824 2963 859 3024 ab
878 2964 982 3023 inieris
1000 2965 1152 3024 remissum

92 3055 142 3105 179
152 3048 263 3110 habere
287 3068 362 3128 quae
385 3053 544 3112 nuntiaret.
578 3054 658 3113 misit
680 3053 782 3132 plures
806 3053 964 3132 Pompeius
988 3071 1025 3112 ex
1051 3055 1152 3114 amicis.

144 3138 253 3218 quibus
272 3137 421 3201 Gabienus
443 3140 516 3200 dixit
534 3142 638 3203 inieris
661 3141 707 3203 dis
725 3143 842 3224 placere
860 3141 983 3221 Pompei
1007 3160 1111 3204 causas
1127 3152 1149 3198 ot

143 3235 244 3309 partes
267 3230 343 3311 pias,
366 3227 490 3309 proinde
515 3239 654 3292 eventum
677 3232 812 3294 futurum
836 3250 924 3312 quem
947 3239 1080 3314 optaret,
1103 3231 1149 3291 bor

215 3423 249 3472 10
268 3434 297 3472 se
316 3435 399 3488 agros
417 3418 486 3474 noo.
516 3435 546 3472 se
565 3437 634 3491 agro
652 3424 731 3478 3¹2².
760 3425 940 3496 saegrore1.
966 3439 1052 3496 segre
1070 3441 1091 3480 r.

144 3493 177 3541 15
197 3505 281 3572 eona
300 3494 352 3571 Bt,
433 3496 467 3545 16
485 3490 600 3545 maioris
618 3499 649 3546 12.
731 3503 762 3551 17
781 3497 867 3552 fuerit
884 3497 951 3552 B¹d.
978 3496 1094 3552 fratrem
1110 3493 1145 3548 ΕΞ.

142 3555 233 3639 brnen
251 3577 274 3616 r.
305 3563 309 3628 Ι
339 3561 493 3615 matituisse
511 3561 556 3616 13².
638 3570 671 3618 tt
696 3566 826 3623 classiom
843 3570 888 3624 12¹.
968 3575 1004 3624 29
1028 3586 1091 3626 cum
1107 3583 1144 3636 ge·

143 3631 214 3682 nutu
232 3637 284 3686 lto.
357 3639 391 3688 30
409 3634 442 3686 ut
458 3633 503 3687 ΙΨ.
576 3640 610 3689 32
629 3634 801 3707 haberetque
820 3641 895 3708 quod
913 3646 936 3695 d.
