2544 3942
320 161 404 217 nnn.
423 161 516 218 fflsn.
535 161 575 217 XI
593 169 698 218 er-ee
719 165 846 234 (ee-es)
1027 162 1100 228 263·

62 311 207 394 pudore,
228 313 287 394 ira,
308 321 406 395 mein,
428 311 549 392 palloris
572 311 708 392 pluribus
731 313 840 396 modis,
866 315 940 376 item
961 312 1095 376 ruboris:
1126 374 1127 378 ,

63 401 152 464 alins
176 403 256 463 enim
277 403 343 463 irae
362 409 416 484 est,
439 401 514 463 alius
536 401 742 464 verecundiae.
787 421 856 464 nam
878 405 910 464 in
932 410 1015 465 meto
1037 421 1084 466 re·
1095 410 1148 460 225

63 491 182 572 sugere
204 499 234 554 et
255 509 404 571 nusquam
426 508 493 555 esse
520 498 637 554 certium
664 499 723 574 est,
751 491 911 572 multisque
939 510 999 554 non
1027 511 1094 572 pro-

16 624 22 632 -
65 580 172 645 liuere
190 581 373 663 transfossis,
395 581 476 660 prod
493 580 606 646 bomini
624 589 740 643 tantum
763 583 869 644 evenit.
905 597 974 644 nam
997 576 1148 663 quaeigii²

30 677 195 732 emutare
215 670 343 732 diximus
361 670 493 745 colorem
515 669 646 734 alienum
667 673 818 751 ascipiunt
841 671 970 750 quodam
991 689 1093 752 reper-

68 778 184 842 oossn,
210 759 300 822 bomo
323 759 404 824 solus
426 762 468 822 in·
487 779 519 821 se
547 768 650 822 mutet.
695 759 794 824 morbi
821 779 925 824 omnes
951 779 1093 842 morsque

70 851 255 930 sangninem
277 848 446 912 absumunt.

122 933 205 1010 ‚39.
234 932 309 1022 (92)
342 938 419 1002 Sunt
441 941 494 1020 qui
519 939 715 1020 suptilitatem
744 941 835 1002 enimi
858 947 995 1004 constare
1022 944 1146 1002 ueniti

67 1030 221 1093 tenuitate
244 1031 396 1109 sanguinis
422 1036 542 1111 potent,
569 1029 623 1090 sed
651 1037 719 1092 ente
748 1031 1004 1110 operimentisque
1027 1048 1093 1092 eor-

14 1134 51 1175 ιο
67 1135 184 1198 porum
197 1120 291 1198 magis
305 1126 356 1183 aut
374 1120 473 1183 minus
487 1117 578 1187 bruta¹
594 1137 670 1200 esse,
688 1126 722 1180 nt
740 1125 855 1182 ostreas
874 1126 905 1180 et
917 1119 1093 1182 testudines.

68 1207 167 1269 boum
189 1215 287 1289 terga,
310 1215 405 1271 saetas
428 1227 518 1272 soum
540 1207 660 1271 ensem
682 1209 822 1284 tenuitati
842 1209 1011 1272 immeantis
1034 1211 1092 1289 spi-

69 1299 162 1380 ritus,
184 1315 240 1358 nee
262 1316 373 1377 purum
391 1297 597 1378 liquidumque
620 1299 754 1363 tramitti.
790 1299 834 1360 sio
857 1305 888 1360 et
909 1299 941 1361 in
963 1297 1092 1380 bomine,

71 1403 145 1448 oum
164 1389 293 1448 crassior
312 1387 484 1451 callosiorve
504 1387 641 1453 excludat
659 1389 746 1468 eutis,
769 1405 825 1452 eeu
848 1405 919 1448 vero
942 1405 1004 1450 non
1027 1405 1091 1449 oro·

72 1475 184 1539 oodibs
204 1483 234 1538 et
257 1475 366 1538 duritia
388 1479 516 1556 tergoris
539 1475 690 1542 tribuetur
713 1485 743 1543 et
764 1476 905 1538 sollertis.

20 1581 55 1624 ss
143 1558 218 1648 (93)
236 1563 445 1646 Hippopotami
464 1568 546 1628 eorio
563 1566 731 1634 crassitudo
745 1565 813 1631 talis
830 1574 865 1628 ut
878 1566 947 1636 inde
961 1574 1082 1631 tornen-
1093 1571 1144 1622 227

72 1663 125 1715 tur
148 1654 263 1737 bastae,
295 1663 326 1716 et
353 1663 453 1718 temen
476 1655 619 1736 praedem
642 1657 761 1736 ingenio
785 1655 899 1718 medina
930 1655 1091 1735 diligentia.

74 1742 302 1824 elephantorum
320 1763 439 1824 quoque
458 1753 578 1826 tergora
594 1743 827 1828 inpenetrabiles
846 1751 943 1812 ostres
962 1743 1144 1826 habentem

75 1851 146 1894 oum
174 1839 275 1900 tamen
304 1836 438 1906 omnium
467 1834 684 1915 quadripedum
714 1834 861 1915 suptilitas
890 1836 980 1896 enimi
1006 1852 1091 1914 prae·

74 1925 163 2002 oipna
175 1922 373 2003 perhibeatur
384 1923 452 2006 illis.
480 1943 551 2004 ergo
570 1927 647 1986 ontis
665 1926 729 2004 ipsa
748 1943 839 1998 sensu
857 1931 947 2006 earet,
965 1925 1091 1986 maxime

24 2029 59 2070 so
74 2014 106 2072 in
125 2015 228 2093 cupite.
269 2013 450 2094 ubicumque
468 2033 523 2094 per
547 2033 579 2076 se
602 2032 636 2076 ao
660 2015 724 2077 sine
748 2031 836 2077 earne
861 2021 915 2094 est,
937 2011 1092 2074 vulnerata
1130 2047 1134 2056 ·

75 2120 135 2164 non
158 2103 232 2184 enit,
250 2110 288 2164 nt
309 2105 341 2168 in
363 2101 458 2166 bneee
481 2103 618 2183 eilioque.

142 2185 216 2275 (94)
240 2191 322 2264 erae
345 2193 453 2254 animal
470 2195 591 2274 pariunt
608 2191 685 2272 pilos
702 2190 826 2273 hebent,
850 2209 925 2272 quae
944 2209 999 2252 ova
1016 2193 1080 2271 pin·
1091 2195 1144 2246 228

77 2299 130 2342 nas
156 2289 208 2342 aot
234 2297 372 2360 squamos
398 2291 451 2344 ent
477 2284 620 2344 eortieem
646 2289 682 2344 ut
703 2281 883 2363 testudines,
910 2288 962 2342 aut
989 2287 1090 2342 entem

79 2387 184 2449 puram
200 2377 237 2432 ut
254 2378 418 2449 serpentes.
444 2373 604 2450 pinnarum
622 2369 722 2432 caules
745 2373 878 2432 omnium
902 2372 973 2432 cavi
1004 2388 1089 2450 pree·

29 2461 154 2520 secisse
172 2477 233 2519 non
251 2467 405 2541 creseunt,
423 2459 541 2521 evulsae
560 2467 767 2520 renaseuntur.
793 2458 974 2520 membranis
991 2459 1092 2520 volant

79 2547 230 2628 fragilibus
257 2549 383 2632 inserta,
415 2545 586 2612 umentibus
615 2547 791 2610 hirundines
820 2551 852 2608 in
881 2550 969 2630 mari,
1002 2549 1089 2608 sioeis

149 2819 162 2868 1
181 2811 299 2882 palloris
316 2811 415 2874 nied.
426 2810 501 2866 Vere.
526 2825 582 2864 -ees
595 2814 627 2865 B.
650 2808 738 2864 nibus
756 2808 938 2864 nseddeett.
1011 2813 1028 2862 2
1048 2810 1091 2862 est

79 2885 148 2944 netz.
171 2885 338 2943 albineio.
367 2887 462 2943 σιω.
535 2888 783 2950 3nusqunmesse
797 2881 855 2934 lte.
874 2896 913 2935 on
930 2879 1090 2936 memet

81 2955 178 3014 seimus
195 2955 251 3010 nisi
271 2953 425 3022 intestinis,
453 2953 503 3011 sed
520 2955 550 3008 ei
566 2952 769 3008 dormientibus
792 2951 844 3006 sub
866 2953 930 3014 oute
952 2949 1090 3006 minorem

81 3026 157 3082 esse?
181 3028 232 3095 cfr.
251 3027 340 3082 Arist.
358 3027 384 3080 b.
403 3044 429 3081 a.
448 3028 543 3080 [1119
559 3042 589 3094 p,
599 3029 654 3080 521
665 3024 702 3092 A,
711 3028 748 3082 15
756 3041 810 3094 sqq.
836 3025 841 3092 l
865 3040 923 3078 non
940 3039 990 3081 oen.
1005 3041 1030 3077 ι.·
1057 3023 1089 3078 ie

80 3099 115 3152 lt¹
130 3115 183 3156 roe.
255 3105 308 3154 3.4
325 3097 464 3168 profluere
481 3102 516 3151 1.
539 3095 620 3167 prefl-
638 3101 670 3152 n.
692 3095 802 3152 transfl-
820 3099 865 3150 do.
887 3093 1044 3153 transiuere
1058 3101 1088 3152 1).

82 3169 183 3239 -fugere
197 3187 221 3227 ι.
293 3175 346 3226 ὁ.6
364 3172 580 3240 repercussusd
608 3184 739 3238 percurro
753 3173 784 3224 n.
858 3172 892 3221 10
910 3168 973 3222 tute
985 3172 1017 3224 n.
1098 3231 1102 3242 ι

84 3246 115 3296 13
133 3256 181 3296 eeu
197 3240 322 3296 millii.
346 3258 377 3296 ee
390 3241 434 3299 iti
458 3256 530 3309 quse
549 3241 708 3303 reddente
718 3239 776 3296 (iel.
850 3241 988 3296 licetres
1002 3238 1104 3293 aedd·

83 3311 136 3369 ee.
167 3314 274 3368 oeeues
291 3313 361 3370 Isi
390 3315 512 3370 senatres
530 3310 595 3365 Μ.
624 3311 767 3384 eerssltrss
785 3315 817 3365 B.
891 3316 923 3366 19
941 3309 1088 3380 perhibea-

81 3387 159 3442 tme.
187 3383 280 3438 -betus
291 3389 323 3442 B.
352 3385 446 3442 -beiu
463 3389 518 3440 Ie.
609 3388 651 3440 23.
666 3388 702 3438 24
720 3384 813 3438 eutem
831 3399 931 3452 puram
948 3385 1016 3438 ode.
1045 3398 1089 3436 -ra

82 3463 110 3516 Il.
139 3471 290 3526 purpuram
308 3457 402 3512 eutem
419 3461 450 3512 n.
483 3455 571 3510 Arist.
590 3455 616 3509 b.
635 3472 662 3510 o.
676 3456 756 3510 1117
773 3471 802 3524 p.
813 3459 868 3510 508
877 3453 914 3522 A,
927 3458 961 3508 11
981 3458 1006 3508 et
1024 3453 1089 3508 allis

83 3527 144 3584 loeis
160 3527 253 3582 multas
270 3528 430 3596 φολιδωτὸν
448 3527 531 3584 dieti:
548 3527 613 3582 tede
631 3525 777 3582 castere-ie
793 3524 963 3582 furfurosem
981 3527 1089 3580 eutem:

83 3599 130 3667 cfr.
145 3600 206 3672 XII
213 3602 271 3656 125
289 3603 315 3654 et
336 3601 395 3652 XX
406 3603 474 3656 224.
497 3601 575 3653 XXI
583 3602 650 3656 126.
672 3599 766 3650 XXII
774 3601 818 3652 64.
845 3599 953 3650 XXIII
962 3601 1006 3654 55.
1025 3601 1087 3654 144.

87 3673 184 3726 XXIV
188 3675 233 3728 31.
251 3675 316 3728 185.
334 3675 391 3728 187
405 3672 441 3727 al.
514 3676 549 3727 24
568 3669 632 3726 caui
648 3674 701 3725 nd.
730 3685 812 3725 onnes
830 3675 861 3727 B.
890 3667 986 3726 auium
1004 3687 1028 3728 s.
