2414 3936
127 253 169 316 84
509 252 604 300 amru
626 245 776 298 scaurum

131 435 190 500 qno
205 433 289 477 nemo
305 413 396 490 magis
412 408 618 489 adprobaverit
634 402 836 480 cognationem
848 415 913 457 cum
925 393 1047 455 homine
1060 389 1132 452 side·

129 523 191 566 rum
207 503 374 578 animasque
389 505 503 554 nostras
519 501 629 571 partem
651 505 718 548 esse
736 483 828 560 caeli,
850 498 958 540 novam
975 475 1094 536 stellam
1108 482 1134 533 et

130 589 215 650 aliam
234 587 262 644 in
278 600 352 644 aevo
374 597 426 640 suo
447 579 572 656 genitam
594 569 802 651 deprehendit,
830 567 954 645 eiusque
978 570 1061 620 motu
1082 575 1135 638 qna

26 745 27 748 Ἴ
131 674 179 734 die
201 670 281 730 inlsit
302 667 339 728 ad
362 664 567 726 dubitationem
591 667 636 718 est
657 656 813 729 adductus,
841 669 916 711 anne
938 647 999 706 hoc
1019 643 1137 722 saepius

132 759 217 817 lieret
233 759 477 826 moverenturque
499 755 529 805 et
549 762 603 803 eac
619 759 691 822 quas
708 748 838 818 putamus
856 734 980 802 adfixas.
1010 729 1155 806 ideoquet

133 857 220 901 ausus
235 855 297 899 rem
313 837 398 894 etiam
414 832 470 892 deo
486 827 654 908 inprobam,
682 825 870 884 adnumerare
888 811 1142 896 posteris-stellas

133 943 169 985 ac
185 923 283 984 sidera
299 920 335 980 ad
350 935 456 978 nomen
471 929 642 993 expungere
660 909 776 986 organis
792 903 980 982 excogitatis·
992 917 1052 979 per
1069 912 1143 978 quae

133 1006 308 1084 singularum
331 1003 398 1062 loca
421 1010 510 1080 atque
529 994 738 1074 magnitudines
754 993 898 1069 signaret,
924 995 955 1046 ut
973 982 1068 1050 facile
1088 979 1145 1040 dis·

135 1093 215 1153 cerni
238 1097 338 1168 posset
361 1105 400 1146 ex
421 1103 476 1158 eo,
499 1101 556 1142 non
575 1080 661 1140 modo
682 1097 718 1138 an
738 1075 852 1137 obirent
880 1091 916 1132 ac
936 1075 1147 1139 nascerentur,

135 1177 189 1236 sed
204 1193 239 1236 an
255 1173 368 1234 omuino
378 1167 657 1250 aliquaetransirent
664 1169 921 1237 moverenturque,
938 1157 1011 1214 item
1029 1169 1068 1211 an
1085 1160 1176 1208 cre-a

135 1268 252 1322 soereut
266 1258 535 1332 minuerenturque‚
560 1249 644 1310 caelo
667 1249 694 1306 in
711 1245 874 1306 hereditate
893 1240 1010 1301 cunctis
1026 1233 1148 1307 relicto,

136 1347 161 1404 si
175 1345 327 1424 quisquam
342 1341 392 1419 qui
406 1339 564 1398 cretionem
580 1351 644 1393 eam
662 1339 783 1410 caperet
799 1329 933 1387 inventus
950 1330 1048 1383 esset.

94 1446 129 1502 96
199 1427 283 1506 (25.)
296 1423 427 1486 Emioant
439 1421 562 1481 etiaces
574 1435 631 1476 non
642 1417 697 1476 nisi
708 1433 772 1474 cum
784 1412 921 1473 decidunt
932 1409 1032 1482 visae,
1053 1401 1150 1482 qualis

137 1511 308 1574 Germanico
327 1504 456 1567 (laesere
473 1503 662 1582 gladiatorum
680 1497 879 1577 spectaculum
895 1493 1008 1554 edente
1026 1496 1152 1568 praeter

138 1614 189 1656 ora
206 1592 307 1673 populi
320 1585 709 1650 meridianotranscucurrit.
736 1581 801 1641 Duo
817 1595 930 1659 genera
945 1593 1061 1636 earum.
1079 1572 1151 1632 lam·
1162 1581 1178 1622 b

130 1679 230 1766 'padas
242 1685 347 1738 vocant
360 1675 446 1754 plane
456 1671 676 1746 iaces,alterum
688 1666 812 1741 bolidas,
829 1663 917 1743 quale
931 1655 1154 1720 Mutinensibus

137 1763 221 1824 malis
242 1763 333 1822 visurn
355 1767 409 1820 est.
441 1757 545 1821 distant
567 1753 645 1832 quod
668 1752 751 1812 laces
775 1749 901 1826 vestigia
924 1745 1018 1822 longa
1041 1741 1156 1802 faciunt

139 1849 238 1928 priore
254 1845 373 1906 ardente
383 1851 490 1922 -parte,
514 1839 590 1899 bolis
604 1844 836 1914 veroperpetua
851 1832 961 1894 ardens
980 1827 1156 1905 longiorem

138 1931 224 1992 trahit
238 1931 365 1990 limitem.
686 1919 689 1924 “

200 2014 283 2091 (26.)
300 2011 430 2070 Emicant
447 2017 476 2067 et
491 2006 590 2066 trabes
607 2005 692 2065 simili
706 2003 803 2080 modo,
820 2019 893 2082 quas
906 1991 1017 2070 δοκοὺς
1032 2002 1181 2066 vocantu

138 2097 234 2184 qualis
249 2115 311 2154 cum
325 2091 660 2155 hacedaemouihclasse
671 2091 739 2149 victi
750 2087 904 2166 imperinm
916 2083 1069 2146 Graeciae
1082 2079 1155 2139 ami·

141 2199 220 2240 sere.
253 2179 298 2238 Fit
316 2187 344 2237 et
360 2176 437 2237 caeli.
453 2175 543 2251 ipsius
558 2173 660 2246 hiatus,
677 2173 755 2252 quod
770 2180 878 2231 vocant
896 2169 1029 2229 chasma.

100 2270 133 2325 97
202 2261 251 2323 27.
276 2257 356 2340 (at.)
375 2260 418 2320 Fit
439 2267 468 2318 et
484 2263 641 2337 sanguinea
656 2259 883 2335 speciosaque
898 2252 970 2313 nihil
989 2247 1157 2310 terribilius

142 2346 303 2406 mortalium
318 2345 411 2404 timori
427 2351 482 2417 est,
504 2342 664 2402 incendium
680 2342 716 2400 ad
731 2351 825 2400 terras
843 2338 955 2398 cadens
970 2335 1063 2409 inde,
1080 2333 1157 2393 sieut

145 2429 323 2508 Olympiadis
339 2425 426 2487 dvii.
446 2443 519 2488 anno
537 2427 634 2500 tertio,
649 2443 736 2503 quum
752 2443 805 2484 rex
814 2421 977 2500 'Philippus
994 2416 1185 2480 Graeciamli

145 2522 285 2594 quateret.
308 2511 404 2590 Atque
418 2526 477 2586 ego
492 2509 564 2568 haec
583 2511 663 2568 statis
678 2507 858 2586 temporibus
870 2515 994 2564 naturae
1007 2513 1040 2562 ut
1054 2511 1160 2562 cetera

145 2597 269 2657 arbitror
301 2597 446 2668 existere,
469 2610 542 2667 non,
566 2601 595 2650 ut
617 2593 765 2671 plerique,
787 2591 876 2650 uariis
900 2587 938 2650 de
963 2589 1068 2648 causis
1084 2602 1160 2665 quas

145 2682 323 2758 ingeniorum
344 2696 465 2739 acumen
492 2677 648 2754 excogitat.
682 2677 792 2755 quippe
820 2675 983 2751 ingentium
1010 2671 1159 2732 malorum

145 2765 228 2824 luere
240 2764 422 2840 praenuntia,
439 2761 492 2820 sed
510 2779 545 2818 ea
563 2760 779 2819 accidisse-non
800 2760 869 2838 quia
890 2758 968 2818 haec
991 2757 1160 2816 factasunt

146 2847 286 2921 arbitror,
307 2864 407 2906 uerum
424 2845 497 2904 haec
512 2843 579 2903 ideo
595 2843 670 2904 iacta
686 2845 752 2922 qnia
768 2845 903 2902 incasura
920 2851 1006 2900 erant
1022 2839 1088 2900 illa.
1114 2853 1186 2898 ran

146 2931 230 2988 ritate
244 2939 337 2988 antem
348 2929 490 2988 occultam
502 2945 601 2986 eorum
613 2945 680 2986 esse
694 2929 844 3000 rationem,
861 2925 994 3004 ideoque
1007 2941 1073 2982 non
1084 2923 1161 2982 siout

145 3021 285 3078 exortans
302 3028 389 3088 supra
406 3009 499 3069 dictos
516 3007 727 3086 delectuusqne
743 3017 774 3068 et
789 3008 878 3068 multa
892 3007 951 3068 alia
970 3007 1072 3070 nosci.

105 3109 140 3164 93
207 3094 258 3154 28.
271 3093 529 3174 (canceraremur
540 3101 569 3150 et
584 3091 687 3152 stellae
705 3109 768 3150 cum
784 3091 849 3150 sole
865 3092 936 3151 totis
952 3091 1078 3166 dicbus,
1095 3090 1161 3170 ple-

147 3195 265 3256 rumque
289 3187 320 3242 et
343 3179 421 3236 oirca
443 3175 516 3234 solis
537 3175 639 3234 orbem
655 3193 709 3236 ceu
724 3177 845 3252 spiceae
863 3193 998 3235 coronae
1015 3185 1048 3234 et
1064 3176 1162 3235 uersi·

148 3261 265 3320 oolores
288 3260 404 3333 circuli,
429 3257 697 3336 qualitarhugusto
714 3257 844 3318 Caesare
869 3261 898 3317 in
924 3260 1021 3337 prima
1039 3261 1188 3319 inventast

148 3345 247 3404 urbem
263 3347 383 3404 intrante
400 3351 466 3419 post
481 3341 587 3402 obitum
603 3344 691 3419 patris
706 3342 742 3402 ad
754 3359 859 3400 nomen
871 3345 979 3420 ingens
992 3359 1163 3420 capessen-

149 3428 222 3487 dum.
245 3427 294 3488 29.
323 3427 454 3486 Existunt
469 3427 591 3485 eaedem
607 3442 734 3486 coronae
750 3427 828 3486 circa
843 3426 941 3488 lunam
958 3437 990 3488 et
1007 3427 1095 3493 circa
1111 3445 1162 3488 mo·

149 3510 217 3572 bilia
232 3520 307 3572 astra
325 3509 467 3592 caeloque
484 3509 670 3574 inhaerentia.
