2302 3938
183 235 242 298 154
301 246 331 295 c.
347 246 444 295 rusus
461 242 611 293 succuum
624 243 704 292 uus.
723 243 814 290 usur.
831 243 882 290 111.
900 239 942 294 ts.
959 223 1093 310 (ss-eu.)

179 419 295 462 versum
311 407 405 461 autem
421 400 513 460 sinum
528 397 629 459 ltaliae
652 405 682 458 et
695 397 805 472 lllyrici
826 396 931 458 ambitu
939 397 1018 476 iiu'uiuil
1029 411 1137 474 passuum

137 485 214 548 ccolu
225 501 262 546 eu
280 485 336 546 dno
351 485 441 544 maria
456 500 513 563 quc
529 483 707 543 distinximus
723 481 797 557 line,
815 479 925 542 lonium
935 483 964 541 in
978 483 1063 561 prima
1075 487 1137 558 partu

180 570 302 630 interius
316 567 510 629 Hadriaticum
525 567 602 647 quod
618 584 754 646 superum
768 573 884 625 vocant.

138 664 188 718 151
247 653 330 733 (30.)
348 651 463 714 Insulae
478 652 507 710 iu
521 649 651 710 Ausonio
666 651 737 710 muri
752 657 870 729 praeter
885 650 939 710 iam
960 651 1047 714 dictas
1065 665 1132 708 nem

180 746 243 798 ratu
259 737 364 814 dignae
379 735 487 811 nullae,
502 735 532 794 in
542 733 623 797 lunio
636 752 757 814 paucae.
781 730 1137 797 circumspiceremus

181 823 292 882 dusiuun
307 837 426 898 quarum
440 819 557 880 obiectu
573 829 674 898 portus
695 819 835 894 eflicitur,
860 827 958 880 contra
973 817 1088 897 Apulum
1099 815 1134 874 litu

180 904 335 966 Diomedia
358 905 516 983 conspicua
538 912 721 964 monumento
744 903 895 964 Diomedis
918 911 948 964 et
970 903 1056 964 altera
1070 900 1136 958 ende

180 991 297 1049 nomine
311 1007 328 1049 a
343 989 514 1068 quibusdam
526 986 643 1049 Teutria
660 987 817 1067 appellata.
845 985 953 1063 lllyrici
969 1005 1020 1048 ora
1030 984 1097 1046 mille
1107 1003 1133 1044 au

179 1072 256 1152 plius
273 1073 373 1133 insulis
391 1073 605 1153 frequentatur,
627 1079 727 1134 matura
744 1072 855 1134 vadoso
877 1073 948 1132 unani
971 1069 1134 1146 aestuariisqu

179 1157 259 1218 tenui
280 1157 366 1218 alveo
384 1156 650 1219 intercursantibus.
682 1156 780 1218 clarae
802 1163 868 1216 ante
891 1157 966 1218 cutia
988 1151 1138 1216 Timauicul'

180 1240 282 1303 (lorum
297 1241 417 1303 fontium
433 1260 497 1302 cum
512 1251 595 1304 aestu
609 1241 696 1304 muris
712 1239 916 1303 crescentium.
932 1237 1137 1302 iuxta-Histrum

181 1342 281 1404 agrum
304 1323 408 1402 Cissa,
431 1325 556 1388 Pullaria
579 1334 608 1386 et
632 1324 806 1401 Absyrtides
832 1321 915 1389 Grais
936 1323 1031 1386 dictae
1052 1341 1066 1381 a
1085 1321 1136 1380 lustr

139 1419 191 1470 152
201 1409 326 1472 lledeac
341 1409 382 1469 ibi
403 1409 559 1470 interiecto
575 1409 715 1486 Absyrto.
745 1411 824 1471 iuxta
849 1425 901 1470 eas
915 1407 1076 1470 Electridas
1087 1423 1116 1463 uc
1133 1436 1139 1451 -κ

181 1512 253 1553 vere
270 1494 299 1553 in
315 1493 420 1572 quibus
436 1495 605 1573 proveniret
620 1495 749 1556 sucinum
765 1491 843 1574 quod
859 1493 901 1554 illi
925 1493 1063 1554 eleutrum
1076 1505 1133 1567 appe

182 1577 251 1654 lunt,
264 1578 399 1639 vanitatis
411 1576 541 1640 Graecae
556 1579 746 1639 certissimum
758 1578 970 1653 documentum,
983 1575 1055 1638 adeo
1065 1583 1134 1651 utpu

183 1681 281 1724 earum
297 1662 450 1741 designent
471 1662 540 1724 haut
560 1681 693 1744 umquam
713 1663 884 1724 constiterit.
915 1670 1016 1722 contra
1036 1658 1108 1718 lader
1121 1674 1139 1714 c:

139 1745 281 1825 retussa,
304 1757 333 1808 et
353 1765 428 1827 quae
446 1747 626 1826 appellatae,
654 1755 755 1808 contra
769 1745 910 1808 Liburnos
928 1743 1051 1806 crateae
1070 1741 1139 1818 aliqu

183 1851 239 1893 uec
260 1833 417 1912 pauciores
439 1831 622 1908 Liburnicae,
642 1827 831 1904 Celadussae.
860 1840 960 1892 contra
978 1824 1138 1892 Suriumllas

184 1925 212 1976 et
240 1919 337 1996 capris
359 1916 473 1978 laudata
490 1917 614 1992 Brattia,
638 1914 701 1976 lssu
725 1916 830 1976 civium
851 1913 1045 1976 Romanorum
1065 1919 1090 1971 et
1108 1925 1139 1966 cu

184 1999 423 2144 illidi?
438 2001 490 2144 dl
507 1997 1139 2147 istdttt²d⁰ltl³d⁰ttttlttl

182 2165 329 2242 Illyricum
349 2102 468 2244 melle,
491 2169 566 2230 unde
590 2167 702 2230 catulos
716 2101 871 2230 treuguam
893 2127 1036 2246 appellari
1048 2099 1112 2224 (ὲαίΙί
1136 2200 1139 2209 ,

184 2249 256 2312 clius
276 2259 377 2311 auctor
398 2261 453 2312 est.
479 2247 534 2315 XV
556 2251 587 2314 ll
607 2270 743 2333 passuum
766 2251 803 2318 ab
827 2269 862 2312 eu
883 2251 938 2312 Vll
955 2248 1111 2328 'Elaphites
1138 2274 1139 2277 ¹

183 2334 264 2396 lunio
285 2343 381 2396 autem
402 2337 473 2400 mari
495 2337 530 2398 ab
547 2335 694 2400 Oricullll
707 2335 909 2415 lllllpassuum
924 2335 1043 2396 Susoms
1062 2327 1139 2412 picati

182 2419 308 2480 statione
324 2427 401 2482 nata.
