2572 3936
323 213 412 266 NAT.¹
426 211 519 266 HIST.
539 213 578 266 IX
598 219 703 268 19-—24
723 215 848 283 (sa-40)
1031 209 1091 279 131

71 372 156 426 mate
179 363 255 446 lacu,
277 362 418 424 fluctibus
441 362 620 442 glomeratae
638 363 798 424 volvuntur
820 365 986 425 intantum
1005 367 1093 424 mira·

71 452 129 513 bili
147 452 337 514 madtitudine
356 455 439 514 utin
459 451 603 532 excipulis
622 454 687 513 eius
706 453 837 514 fluminis
861 452 899 513 ob
918 453 974 512 hec
993 455 1092 533 ipsum

71 541 226 602 fabricatis
250 542 436 622 singulorum
458 541 573 602 milium
595 544 785 622 reperiantur
808 542 895 622 globi.

138 625 202 693 23.
227 623 301 714 (39)
325 631 448 692 Murena
467 649 657 711 quecumque
675 649 778 692 mense
797 635 884 714 parit,
907 649 976 693 cum
998 635 1090 693 ceteri
1110 638 1143 689 76

42 719 174 799 spisces
199 729 276 782 state
295 723 419 800 pariant.
457 739 510 780 ava
530 723 594 780 eius
614 722 756 781 citissime
769 730 925 782 crescunt.
962 723 993 780 in
1012 723 1091 798 sicca

70 809 161 869 litera
185 810 299 889 elapsas
318 810 424 888 vulgus
443 811 524 870 cuitu
544 812 729 888 serpentium
747 811 855 890 inpleri
873 818 967 890 putat.
1013 811 1089 871 Ari·

71 898 228 959 steteles
243 918 376 979 zmyrum
391 907 475 959 vocat
489 917 601 958 marem
616 900 668 978 qui
682 907 818 980 generet3
838 901 999 961 discrimen
1014 919 1089 982 esse,

71 987 154 1065 quod
177 1005 301 1048 murena
325 991 404 1048 varia
427 995 458 1048 et
480 987 597 1048 infirma
620 990 668 1069 sit,
691 1007 809 1068 zmyrus
829 989 965 1050 unicolor
988 997 1018 1049 et
1040 1007 1088 1050 ro-

69 1075 180 1137 bustus
204 1078 369 1157 dentesque
393 1085 423 1138 ct
446 1084 529 1138 extra
547 1095 581 1137 os
600 1075 715 1138 haheat.
751 1080 783 1137 in
800 1076 892 1139 Gallia
911 1081 1088 1158 septentrio·

23 1181 55 1220 ιο
69 1166 131 1226 nali
154 1169 287 1229 murenis
311 1165 449 1227 omnibus
468 1167 590 1226 dextera
612 1168 644 1226 in
662 1166 778 1227 maxilla
798 1175 937 1246 septenae
956 1167 1088 1228 maculae

70 1255 107 1316 ad
136 1255 262 1316 sormam
290 1257 502 1335 septentrionis
530 1274 620 1316 aureo
650 1255 749 1316 colore
778 1256 906 1338 fulgent
937 1257 1089 1317 dumtaxat

68 1344 251 1427 virentibuS,
280 1347 451 1424 pariterque
476 1363 545 1406 cum
568 1346 665 1406 anima
688 1353 754 1406 exst
755 1347 882 1424 inguunt
883 1364 928 1407 ur
974 1347 1087 1406 invenit
1107 1349 1139 1400 77

68 1436 101 1493 in
132 1433 188 1494 hcc
219 1434 337 1494 animali
367 1429 544 1495 documenta
575 1435 713 1494 saevitiae
736 1433 846 1495 Vedius
873 1435 966 1495 Pallia
995 1453 1087 1514 eques

69 1507 237 1584 Romanus
246 1542 282 1584 ex
303 1525 405 1583 arnicis
424 1523 484 1584 divi
502 1524 627 1603 Augusti
645 1525 764 1584 vivariis
788 1542 891 1584 earum
916 1527 1087 1604 inmergens

23 1625 54 1666 ιι
69 1612 206 1673 damnata
232 1615 392 1694 mancipia,
422 1632 482 1674 nun
508 1621 659 1718 tamquam
689 1612 724 1672 ad
752 1612 809 1673 hec
837 1614 909 1674 ieris
937 1621 1087 1676 terrarum

69 1719 131 1761 non
154 1701 385 1784 sufficientibus,
415 1703 466 1762 sed
491 1704 559 1780 quia
586 1705 619 1762 in
642 1701 697 1762 alic
721 1721 830 1781 genere
854 1710 951 1764 totum
972 1705 1086 1782 pariter

68 1790 220 1852 hominem
239 1791 363 1853 distrahi
382 1799 516 1870 spectare
535 1810 596 1856 nen
614 1799 739 1870 peterat.
781 1792 883 1853 ierunt
901 1794 977 1854 aceti
995 1800 1085 1872 gustu

68 1882 229 1960 praecipue
262 1899 311 1941 eas
343 1883 375 1941 in
406 1879 519 1941 rabiem
551 1883 605 1960 agi.
662 1883 870 1942 tenuissimum
899 1881 946 1941 his
973 1889 1086 1964 tergus,

63 1977 172 2036 ‚contra
203 1970 340 2049 anguillis
370 1973 513 2051 crassius,
548 1975 643 2048 eoque
674 1969 826 2030 verberari
860 1970 963 2031 salites
996 1971 1086 2032 tradit

25 2071 56 2110 20
71 2055 219 2120 Verrius
247 2067 461 2142 praetextatus,
492 2066 522 2121 et
545 2058 583 2120 ob
607 2060 637 2120 id
660 2057 783 2120 multam
806 2059 853 2120 his
876 2059 934 2120 dici
957 2077 1017 2120 nen
1040 2062 1084 2120 in-

70 2149 215 2209 stitutum.

137 2231 195 2299 24.
220 2231 294 2320 (40)
326 2237 487 2298 Planorum
509 2239 638 2316 piscium
661 2237 787 2298 alterum
811 2247 857 2298 est
885 2256 978 2316 genus
1003 2239 1082 2316 quod
1102 2243 1135 2292 78

68 2345 123 2405 pre
147 2329 231 2404 spina
254 2327 457 2406 cartilaginem
478 2325 581 2409 hahet,
604 2335 638 2386 ut
661 2330 749 2408 raiae,
772 2329 949 2409 pastinacae,
973 2330 1082 2406 squati

68 2433 123 2474 nae
127 2415 285 2504 ,torpedo
310 2423 339 2475 et
363 2434 438 2494 ques
460 2415 557 2497 bovis,
580 2414 696 2496 lamiae,
720 2415 849 2496 aquilae,
877 2433 965 2476 ranae
988 2419 1082 2476 nemi-

22 2515 53 2558 25
68 2502 156 2564 nibus
180 2495 285 2564 Graeci
308 2505 464 2584 appellant
511 2522 569 2583 que
592 2507 623 2564 in
647 2522 772 2564 numero
799 2512 869 2564 sunt
892 2505 987 2584 squali
1010 2523 1081 2584 quc-

68 2612 138 2675 que,
157 2595 290 2672 quamvis
305 2611 365 2653 non
378 2593 467 2674 plani.
503 2592 576 2653 haec
592 2591 729 2653 Graece
721 2611 753 2652 m
771 2595 945 2654 universum
964 2590 1081 2669 εελάχη

67 2682 223 2762 appellavit
252 2682 470 2744 Aristoteles
499 2685 596 2761 primo
626 2681 683 2744 hoc
713 2683 832 2742 nomine
867 2684 910 2742 eis
942 2684 1081 2761 inposito

67 2790 121 2832 nos
144 2772 327 2852 distinguere
347 2790 407 2832 non
425 2789 585 2875 possumus
606 2773 662 2831 nisi
682 2773 707 2831 si
726 2771 915 2867 cartilaginea
934 2770 1080 2874 appellare

67 2860 162 2923 libeat.
209 2863 307 2922 emnia
335 2869 434 2922 autem
463 2863 616 2922 carnivora
643 2868 712 2921 sunt
739 2859 808 2920 talia
843 2868 872 2920 et
900 2861 1005 2940 supina
1033 2879 1080 2921 ve-

9 2964 53 3036 ιιιι
68 2958 257 3032 scuntur,t
223 2959 257 3012 ut
275 2953 306 3012 in
326 2950 474 3030 delphinis
493 2951 630 3032 diximus,
654 2958 684 3010 et
705 2968 773 3010 cum
797 2951 890 3010 ceteri
908 2951 1006 3029 pisces
1026 2968 1079 3010 uva
1093 2969 1121 3009 aa

137 3139 248 3193 bsicea
265 3126 357 3195 Dl'vd.
385 3157 429 3196 -co
448 3158 471 3195 r.
546 3139 665 3194 dlitora
681 3144 734 3193 nu.
763 3156 804 3193 -re
822 3157 845 3194 r.
881 3141 885 3208 l
919 3139 1030 3210 elapsas
1048 3146 1079 3195 1).

67 3212 160 3280 lapsus
178 3215 209 3263 R.
237 3209 332 3282 lapsas
350 3231 373 3268 r.
435 3211 581 3266 8infirma
599 3210 674 3265 1⁹2².
700 3211 731 3264 in
748 3210 841 3266 forma
858 3228 881 3265 r.
941 3212 1006 3266 tet
1023 3227 1078 3281 ego.

67 3299 115 3338 cm.
130 3282 157 3336 ll.
172 3298 197 3335 a,
217 3282 267 3347 cfr.
281 3283 368 3339 Arist.
382 3285 408 3338 la.
423 3302 449 3340 a.
469 3285 498 3336 V
501 3289 538 3338 10
547 3300 578 3352 p.
590 3282 686 3350 54371,
694 3286 734 3339 27
753 3283 872 3338 ὀδόντα(
885 3283 941 3349 ἔχει
955 3285 1000 3336 καὶ
1014 3283 1079 3336 tcut-

66 3359 113 3409 θεν
131 3355 176 3408 καί
195 3353 305 3408 ἔξωθεν.
370 3359 403 3408 15
421 3372 479 3409 non
495 3355 641 3424 tamquam
659 3359 711 3408 Bc.
738 3354 871 3422 amq-n
935 3353 1080 3410 tamuda

64 3427 135 3480 ind
162 3424 254 3480 multa
271 3430 302 3478 lt.
337 3428 341 3495 Ι
374 3426 534 3481 institutum
552 3425 644 3481 Haud
673 3427 744 3480 tam
761 3431 793 3478 Β
822 3427 904 3479 ’.1577
995 3429 1029 3478 23
1046 3426 1081 3480 ut

65 3497 139 3553 raiae
156 3497 244 3552 Barb.
278 3498 324 3552 tra
324 3501 403 3572 p.p‹t
437 3499 471 3551 ut
489 3512 616 3566 rapaer.
707 3501 741 3551 27
760 3496 852 3579 primo
870 3494 907 3551 ι’.
942 3513 1015 3550 -mus
1033 3512 1079 3554 rc.

66 3575 106 3625 27.
113 3575 146 3624 28
156 3568 291 3652 imposito
305 3587 356 3626 nos
371 3569 430 3623 ι’
419 3585 518 3624 auras.
537 3568 672 3638 inposito
685 3585 738 3622 nus
755 3569 824 3622 121¹.
843 3567 1079 3638 inposaitonuslt.

4 3659 6 3668 ’
65 3642 186 3770 grangen)
204 3639 427 3769 impoenitenda
446 3645 494 3695 (17.
572 3644 606 3695 78
625 3656 739 3710 possum
756 3640 853 3694 177177.
871 3639 1079 3710 lcartilaginea

93 3729 148 3770 ur.
176 3729 225 3767 -ua
266 3756 271 3767 .

880 3801 917 3856 9*
