2308 3936
356 219 438 266 aar.
460 220 551 268 rursu.
575 219 597 266 r.
620 209 716 283 (uxr.)
999 205 1041 273 37

53 373 111 452 laps.
136 370 199 451 (38.
216 370 273 452 39)
289 370 355 444 Quo
377 374 478 434 ordine
495 383 656 454 temporum
669 375 758 436 hores
771 383 936 438 nascantur.
963 375 1042 438 Aue·

51 476 119 518 none
133 459 284 516 coronaria
298 458 364 518 sire
379 457 522 537 phrenion
539 455 612 545 (94.
628 460 790 521 medicinae
805 455 873 550 X),
896 461 1042 522 oenanthe

52 541 122 601 herba
133 535 202 628 (95.
213 541 375 604 medicinae
385 539 460 630 Vl),
472 543 667 620 melanthium,
680 543 884 622 heliochrysos
898 539 971 628 (96.
982 563 1041 604 me·

51 627 141 686 diuinae
152 620 226 773 449,
238 625 396 704 gladiolus,
408 627 578 704 hyacinthus
591 623 662 714 (97.
675 629 835 690 medicinae
848 623 953 773 Vlllp,
969 626 1043 708 (39)

39 703 177 792 uyehnis(
200 710 231 772 8.
247 711 410 772 medicinae
427 711 515 791 Vll),
531 713 663 792 tiphyon,
685 713 766 792 pothi
782 713 921 792 general
942 755 953 790 ,
970 715 1043 772 orsi-

49 813 89 855 nae
109 813 217 873 genera
239 795 282 872 ll,
309 797 493 873 vicapervica
516 796 579 855 sive
612 797 844 877 chamaedaphne
863 791 937 884 (99.
954 797 1044 858 medi·

49 881 111 940 cinae
130 877 227 968 ΠΗ),
251 897 326 958 quae
348 898 466 959 semper
485 881 579 941 vireat
602 881 702 942 herba.
749 879 821 961 (40)
844 880 935 954 Quam
954 881 1043 958 longa

49 965 131 1042 cuique
148 965 209 1024 vita
231 963 345 1024 tiorum.
385 963 457 1046 (41)
480 961 562 1036 Quae
583 975 707 1046 propter
729 984 801 1046 apes
820 966 945 1028 serenda
965 966 1043 1025 inter

48 1048 124 1108 dores.
148 1048 293 1110 cerintha.
322 1047 388 1128 (42.
405 1046 460 1127 43)
476 1049 512 1110 de
527 1050 635 1129 pabulo
648 1052 754 1130 apium,
770 1051 807 1112 de
822 1051 931 1111 morbis
944 1067 1043 1110 earum

31 1140 69 1192 net
80 1133 219 1194 remediis,
252 1130 326 1212 (44)
344 1134 380 1194 de
396 1142 542 1194 venenato
556 1134 646 1196 melle
667 1143 698 1194 et
712 1134 850 1196 remediis
865 1135 946 1210 eius,
969 1131 1042 1212 (45)

47 1217 162 1278 lemelle
178 1219 297 1294 insano,
322 1216 395 1298 (46)
418 1219 455 1278 de
470 1218 558 1278 melle
580 1219 658 1299 quod
680 1237 797 1280 muscae
814 1236 873 1278 noo
888 1220 1040 1294 attingunt.

47 1300 102 1380 (ll)
121 1302 155 1362 de
176 1303 316 1378 alvariis,
346 1303 383 1363 de
408 1302 481 1362 alvis
505 1312 536 1363 et
557 1322 626 1364 cura
647 1322 757 1365 eorum.
801 1299 876 1383 (48)
898 1303 923 1362 si
938 1302 1042 1362 famem

9 1431 10 1438 .
46 1404 99 1464 apes
113 1387 251 1449 sentiant.
282 1383 356 1466 (49)
379 1388 415 1448 de
430 1405 499 1447 cera
513 1387 652 1448 facienda.
686 1407 761 1468 quae
784 1389 892 1466 optima
912 1387 1042 1462 eiusge·

9 1521 11 1530 .
47 1489 106 1530 nera.
134 1471 171 1533 de
192 1489 265 1532 cera
287 1471 403 1532 Punica.
441 1468 632 1552 (oo-108)
652 1473 764 1552 Sponte
781 1473 960 1532 nascentium
975 1469 1042 1530 her·

29 1553 124 1614 ulam
145 1557 176 1616 in
198 1555 431 1636 quibuscumque
458 1556 596 1632 gentibus
619 1575 704 1634 usus,
730 1566 866 1634 naturae,
894 1553 1040 1616 miracula.

9 1699 11 1708 ,
46 1639 123 1716 haga,
147 1648 293 1716 tamnum,
316 1659 430 1702 ruscum
452 1635 547 1786 8100.
569 1641 729 1701 medicinae
750 1636 837 1728 llll).
871 1640 958 1702 batis.
990 1657 1041 1716 ga·

9 1733 10 1736 ’
46 1739 98 1784 nera
110 1723 136 1784 ll
157 1719 257 1810 [101.
280 1724 442 1786 medicinae
514 1767 524 1800 ,
546 1727 695 1803 pastinaca
710 1727 874 1804 pratensis,
895 1724 980 1802 lupus
997 1739 1041 1782 sa·

46 1807 171 1886 lictorius,
204 1806 281 1888 (51)
307 1809 455 1870 colocasia
505 1807 573 1872 102.
601 1809 761 1871 medicinae
785 1805 853 1954 113,
885 1805 959 1888 (52)
989 1805 1041 1886 [do

46 1891 177 1974 cichorio]
205 1892 363 1954 anthalium
384 1896 449 1954 sive
472 1893 650 1955 antioellium
674 1895 738 1955 sive
762 1902 811 1954 ant
830 1893 920 1970 yllum
946 1885 1041 1976 [103.

27 1977 183 2038 anedicinae
210 1972 297 2063 Vl),
328 1986 435 2039 oetum.
477 1997 552 2058 quae
577 1977 692 2040 radices
720 1978 791 2039 nihil
821 1995 908 2057 supra
934 1983 1043 2036 terram

47 2063 150 2137 gignant.
182 2062 352 2140 arachidne,
373 2079 487 2126 aracos.
517 2062 689 2141 candryala,
711 2063 925 2142 hypoohoeris,
943 2077 1043 2121 cauca-

9 2139 10 2208 ]
47 2144 84 2222 lis,
111 2145 307 2224 antbrisccm,
334 2147 470 2224 scandix,
499 2147 600 2209 eadem
627 2157 831 2226 tragopogon,
859 2145 1042 2225 parthenium

9 2269 10 2272 ,
47 2230 93 2288 sive
109 2230 283 2292 leucanthes
308 2233 373 2292 sive
395 2249 542 2292 amaracus
565 2233 630 2292 sive
656 2232 814 2310 perdicium
838 2232 902 2291 sive
924 2229 1042 2288 muralis

9 2371 10 2388 ,
47 2305 119 2397 [104.
139 2315 306 2376 medicinae
326 2309 439 2400 vill),
460 2315 613 2392 trychnum
627 2317 691 2376 sive
708 2315 874 2392 strychnum
893 2315 957 2374 sive
971 2312 1042 2372 hali·

9 2395 10 2442 ἶ
27 2398 159 2458 caccabum
177 2401 244 2460 sive
260 2398 368 2459 calitha
384 2403 448 2460 sive
464 2400 627 2477 dorycnion
642 2401 707 2460 sive
722 2401 855 2460 manicon
870 2399 933 2458 sive
951 2398 1042 2476 perit·

9 2515 11 2546 ÷
49 2489 85 2540 ton
97 2485 155 2544 sive
172 2502 283 2544 neuras
296 2485 361 2545 sive
375 2486 469 2545 morio
486 2487 549 2545 sive
562 2483 641 2561 moly
658 2479 751 2569 [105.
766 2483 927 2544 medicinae
938 2475 1041 2566 vill),

9 2591 10 2600 ¹
48 2567 185 2628 corchorus
211 2562 307 2654 (106.
329 2569 491 2630 medicinae
505 2565 588 2656 vl),
609 2569 734 2650 aphace,
758 2585 924 2647 aeynopos,
941 2567 1043 2644 epipe-

9 2647 10 2732 J
49 2658 104 2710 tran.
132 2671 207 2730 quae
228 2671 380 2731 numquam
396 2653 533 2731 floreant,
555 2673 629 2732 quae
647 2671 772 2731 semper.
802 2649 876 2732 (53)
892 2652 974 2710 cneci
989 2667 1041 2726 ge·

49 2754 101 2796 uera
111 2735 165 2797 llll
188 2731 285 2824 (107.
307 2739 468 2798 medicinae
484 2733 557 2824 ΙΙΙ).
599 2735 757 2817 (54-58)
773 2735 906 2798 Aculeati
922 2735 1041 2811 generis
1093 2743 1095 2746 ’

31 2818 136 2882 aherbae
151 2819 301 2908 (erynge,
318 2822 514 2901 glycyrrhiza,
533 2820 576 2886 54
593 2831 624 2884 et
639 2821 689 2886 58.
706 2822 841 2898 tribulus,
859 2817 910 2883 58.
928 2819 1042 2894 anonis,

50 2899 84 2964 54
97 2905 184 2984 pheos
200 2908 266 2967 sive
286 2907 411 2984 stoebe,
427 2907 628 2986 hippophaes,
649 2905 699 2969 55.
716 2908 827 2966 urticae
844 2921 956 2982 genera
973 2901 1041 2980 llll,

51 2986 150 3070 lanium,
169 2993 301 3070 scorpio,
321 2989 373 3054 56.
389 3009 496 3052 acorna
511 2994 574 3052 sive
589 2991 716 3072 phonos,
733 2989 949 3066 leucacanthos,
966 2987 1042 3048 chal·

9 3119 10 3122 .
52 3089 117 3152 ceos,
133 3093 258 3154 coecos,
279 3075 504 3155 polyaoanthos,
525 3076 712 3156 onophyeos,
732 3074 862 3151 helxine,
882 3072 1041 3150 scolymos,

53 3154 225 3237 chamaeleon,
241 3160 362 3220 tetralix
378 3155 549 3245 (acanthice
562 3160 715 3238 mastiche,
730 3158 779 3222 57.
792 3167 902 3236 cactus,
919 3159 1041 3232 ternioa,
1143 3231 1144 3236 η

34 3251 163 3323 opappum,
179 3239 319 3331 ascalia).
356 3243 429 3325 (59)
446 3243 607 3306 Herbarum
622 3262 732 3324 genera
748 3263 803 3323 per
818 3243 925 3304 caules.
955 3257 1040 3301 coro·

55 3329 475 3493 ltlrrclmmchla
488 3327 934 3492 lllll'llhtlllalili·
965 3321 1040 3487 illl
1135 3391 1137 3394 ·

57 3497 220 3567 particulatim
232 3497 371 3559 lloreaot..
391 3498 611 3578 heliotropium,
627 3497 779 3578 adiantum,
795 3497 905 3558 herbae
923 3512 1041 3574 quarum
