2396 3940
139 133 205 200 302
488 131 517 188 o.
535 130 636 186 mnu
655 129 813 187 suenum

139 293 170 346 et
186 283 297 346 multos
314 285 448 345 interire.
485 289 588 344 eontra
606 279 753 343 revehunt
769 257 864 342 nitrea
883 289 913 342 et
929 285 1026 362 aeneo,
1042 289 1133 362 restes,

138 373 244 436 libulas
275 385 345 436 eum
377 371 499 436 armillis
531 389 565 432 ae
588 370 759 433 monilibus.
809 388 881 451 ergo
914 371 1067 450 negotiatio
1095 369 1133 431 illa

138 465 318 525 seminarum
339 465 466 524 maxime
489 460 547 524 lde
569 468 694 522 constat.

85 559 119 612 89
205 553 272 634 lpse
304 554 403 614 frutex
433 551 526 614 duum
558 550 729 612 cubitorum
759 549 915 612 altiordine
947 548 1136 630 amplissimus,

137 641 287 724 palmique
305 644 456 725 minimus,
478 647 619 722 quattuor
636 637 798 720 digilonrm
816 639 1031 721 ormsitudinis,
1051 641 1155 700 statiua

138 740 255 793 eterra
273 747 311 794 vt
329 731 429 812 digitis
451 729 636 812 surculosus,
659 729 742 790 arido
766 729 880 813 similis,
903 747 973 791 oum
993 731 1068 790 viret
1086 746 1136 788 oon

138 822 293 904 odoratus,
315 821 385 882 iolio
408 823 537 903 origeni,
559 821 692 881 siccitate
715 819 862 901 gaudens,
891 819 1023 881 sterilior
1046 816 1137 899 imbre,

138 911 267 972 caeduae
290 919 422 972 naturae.
458 911 590 990 gignitur
612 912 644 970 in
666 908 761 989 planis
784 909 914 992 quidem,
936 909 991 970 sed
1013 908 1137 970 densissi-

138 1002 194 1061 mis
217 1002 248 1060 in
271 999 412 1080 vepribus
435 999 588 1082 tubisque,
612 997 741 1060 difficilis
764 998 900 1068 oolleotu.
944 1001 1068 1060 metitur
1088 1016 1136 1058 noo

137 1091 196 1150 nisi
217 1091 388 1170 permiserit
406 1088 489 1151 deus.
526 1089 624 1150 lovem
646 1087 727 1150 buno
749 1087 927 1168 intellegunt
944 1088 1046 1170 aliqui,
1066 1087 1166 1148 issa-1⁰

136 1179 242 1240 binum
264 1178 307 1240 illi
328 1187 444 1240 vocant.
489 1192 593 1240 xnttn
616 1177 707 1239 boum
730 1195 947 1258 caprarumque
974 1187 1005 1240 et
1028 1179 1137 1239 arietum

137 1271 214 1330 extis
231 1271 408 1349 impetratu
425 1269 510 1329 venia
529 1267 680 1350 caedendi,
702 1275 881 1330 nontamen
902 1277 938 1330 ut
961 1276 1032 1330 ante
1054 1277 1138 1328 ortum

139 1357 210 1419 solis
233 1366 285 1420 aut
306 1366 376 1439 post
398 1375 537 1419 oceasum
559 1357 656 1420 liceat.
702 1365 851 1420 sarmenta
873 1356 959 1419 basta
983 1357 1084 1420 dividit
1102 1373 1137 1417 sa·

84 1453 119 1503 90
138 1447 245 1509 cerdos
263 1447 379 1528 deoque
402 1455 517 1528 partem
539 1449 632 1529 pouit,
655 1445 805 1528 reliquum
822 1455 975 1509 mereator
993 1450 1025 1510 in
1043 1463 1137 1508 massas

138 1537 247 1599 condit.
284 1545 331 1599 est
349 1545 380 1598 et
397 1537 453 1598 alia
470 1537 547 1600 fama
570 1555 639 1598 oum
663 1535 731 1598 Sole
755 1536 846 1599 dividi
867 1546 1032 1619 ternasque
1054 1543 1137 1618 partes
1147 1546 1165 1586 ¹⁵

136 1626 216 1708 lieri,
247 1626 316 1687 dein
343 1634 424 1688 sorte
451 1629 567 1707 gentina
594 1626 739 1710 discerni,
770 1628 908 1708 quodque
937 1627 1003 1690 Soli
1030 1627 1137 1689 cessent

83 1721 116 1771 91
136 1715 267 1796 relinqui
289 1734 324 1777 ao
347 1725 452 1796 sponte
476 1715 668 1796 oonllagrare.
713 1719 873 1799 praee'mua
898 1715 1020 1780 beatitas
1046 1714 1137 1796 virgul-

135 1813 236 1866 torum
254 1805 436 1868 tenuissimis
454 1805 589 1886 partibus
612 1805 648 1867 ad
666 1805 882 1887 longitudinem
899 1807 1001 1892 palmi,
1024 1806 1136 1869 secunda

135 1896 279 1974 proximis
301 1895 438 1957 breuiore
461 1913 614 1978 mensura,
641 1904 730 1976 atque
754 1899 794 1958 ita
817 1897 930 1959 ordine.
977 1898 1136 1960 vitissimam

135 1984 216 2064 qued
239 1984 388 2046 radicibus
410 1987 588 2068 proximum,
611 1987 753 2066 quoniam
774 1985 817 2048 ibi
840 1989 999 2050 minimum
1021 1987 1159 2065 coniciet

135 2076 166 2134 in
189 2091 249 2153 quo
272 2093 387 2136 summa
409 2077 516 2158 gratia,
539 2094 633 2156 eaque
656 2076 694 2137 de
716 2095 806 2138 eausa
828 2078 1043 2158 praeferuntur
1064 2093 1135 2137 caeo·

135 2164 234 2252 minas
246 2162 298 2224 ubi
316 2164 462 2244 plurimus
481 2173 597 2228 cortex.
633 2167 733 2246 ipsum
752 2183 822 2228 vero
845 2167 959 2247 lignum
983 2170 1016 2229 in
1034 2165 1135 2228 fastidio

134 2259 258 2332 proptor
272 2255 386 2332 origani
404 2256 604 2338 aeriraoniam,
622 2254 910 2335 xylooiaoaoaomum
928 2266 1059 2319 vocatur
1080 2272 1134 2336 pre-

82 2348 115 2397 at
135 2343 212 2402 tium
230 2345 262 2403 ei
277 2344 309 2402 in
326 2342 417 2404 libras
436 2342 462 2404 ii
480 2359 512 2406 x.
550 2344 669 2424 quidam
693 2346 822 2408 cinnami
845 2346 903 2407 duo
926 2364 1039 2426 genera
1060 2344 1134 2407 tradi·

134 2431 215 2514 dere,
234 2431 388 2494 candidius
406 2435 589 2515 nimiusque,
613 2442 644 2495 et
661 2433 810 2520 quondam
832 2435 1058 2516 praeferebatur
1078 2443 1160 2496 ean-2⁵

134 2521 250 2605 didum,
272 2540 353 2584 nune
376 2531 479 2584 oontra
502 2525 623 2604 nigrum
640 2523 786 2608 laudatur,
809 2533 898 2606 atque
921 2527 1013 2587 otiam
1033 2526 1132 2586 radon

133 2611 307 2690 praeierunt
333 2613 466 2674 oanbdo.
517 2615 684 2676 certissima
712 2622 811 2676 tornen
838 2617 1017 2698 aestimatio,
1042 2631 1078 2676 ne
1102 2615 1132 2672 sit

134 2700 272 2764 scabrum
296 2710 385 2783 atque
407 2711 442 2764 ut
463 2705 542 2764 inter
564 2721 631 2764 sese
655 2705 760 2764 tritanu
782 2704 867 2766 tarde
889 2706 1006 2767 immor.
1029 2703 1132 2766 damna·

80 2796 113 2846 93
133 2798 184 2851 tur
213 2793 245 2851 in
275 2794 381 2872 primis
410 2789 497 2853 mode
528 2801 579 2854 aut
608 2795 657 2854 eui
687 2792 767 2855 labet
796 2803 907 2856 nomen
958 2797 1006 2856 ius
1035 2796 1095 2856 eius
1112 2809 1131 2852 -a

133 2877 365 2941 Gebbanitarum
392 2899 466 2960 rege
491 2881 553 2942 solo
580 2884 790 2962 proiieiseitur.
835 2886 861 2945 is
889 2885 986 2947 edicto
1012 2889 1158 2946 mereatu!

204 3069 577 3128 1aeneaa²eooaoteoet
606 3089 713 3130 aanor.
742 3075 833 3132 ahena
847 3075 905 3132 θεῖ.
977 3071 1129 3146 ainpunis

129 3141 186 3197 tt²o
199 3141 259 3210 (sed
271 3142 330 3198 odd.
345 3148 410 3198 oete
423 3143 480 3199 Gel.
494 3148 560 3213 poet
572 3145 705 3216 quidem).
718 3145 775 3202 om.
788 3165 813 3203 r.
895 3151 929 3203 ta
941 3147 1099 3220 impanatur
1109 3161 1127 3198 t·

131 3215 238 3269 -eralur
256 3213 284 3270 ll.
310 3215 315 3282 Ι
338 3217 372 3270 ut
389 3215 417 3270 ll.
446 3213 496 3269 aul
512 3233 537 3270 o.
625 3223 657 3272 13
676 3217 763 3274 liceat
778 3218 822 3274 bl.
850 3221 909 3275 oab
924 3236 968 3276 ro.
1046 3221 1077 3273 tt
1093 3217 1128 3269 eal

114 3287 160 3360 ¹el
176 3301 202 3340 o.
230 3287 275 3339 est
290 3283 334 3340 Ψ.
363 3289 392 3342 at
409 3303 432 3342 r.
470 3285 474 3292 ’
522 3293 555 3342 et
579 3289 674 3360 gratio
689 3305 779 3359 eoque
796 3289 840 3346 θ’.
867 3291 980 3362 -iuequo
994 3291 1057 3345 Νι
1081 3287 1126 3341 iao

131 3369 187 3421 qua
204 3358 250 3409 do.
324 3361 357 3411 22
396 3357 512 3412 lurimua
527 3361 623 3414 eortex
636 3377 661 3417 v.
690 3361 764 3416 ibus
781 3363 917 3434 torpebit.
988 3368 1023 3418 24
1039 3357 1124 3417 eidtll

131 3425 201 3504 etti.
225 3427 307 3480 esto.
332 3428 337 3494 Ι
401 3427 537 3485 XHord.
564 3430 617 3486 XX
631 3433 659 3488 ll.
732 3438 767 3490 28
786 3450 846 3490 sese
860 3434 1015 3490 iritumdo.
1041 3433 1125 3490 maier

129 3494 241 3574 trumo.
344 3503 384 3581 '29
407 3499 485 3554 labet
506 3516 554 3571 ego
576 3519 637 3560 ooo.
656 3505 709 3562 loo.
723 3523 755 3577 p.
769 3512 812 3563 41.
845 3507 901 3563 -bit
915 3501 1123 3568 summitti·

129 3560 210 3615 babit
227 3565 264 3618 ιι.
293 3565 398 3622 labatur
411 3570 536 3628 ‹trBeot
565 3573 636 3632 libet
647 3577 761 3635 ΝΜ.
788 3579 974 3638 labatHord.
991 3578 1065 3636 albet
1074 3572 1122 3632 edd·

130 3635 193 3682 onte
206 3631 298 3688 Hord.
371 3644 554 3712 doregele.
583 3662 624 3701 -ea
642 3665 664 3704 r.
