2544 3942
289 151 485 223 rinh'fflsr.
504 167 557 224 xri
575 172 679 224 er-as
700 169 826 238 (ro-st)
1002 169 1066 236 307

55 321 178 382 suavitas
210 316 364 399 quaedam.
415 317 492 380 hane
524 337 591 380 esse
623 318 727 382 dicunt
758 315 896 382 arborem
928 337 1004 400 quae
1035 323 1083 382 in

55 409 133 472 ltalia
154 408 314 490 ligustrum
336 415 478 472 vocetur..

119 493 193 582 (52)
214 498 249 562 ln
272 499 378 561 eodem
400 506 498 560 tractu
522 497 687 578 aspalathos
711 501 858 584 nascitur,
881 502 966 581 spina
988 507 1119 564 can-110

55 589 119 652 dida
141 589 342 670 magnitudine
366 587 483 650 arhorls
505 588 647 671 modicae,
668 589 742 652 llere
765 608 859 652 rosae.
906 591 989 654 radix
1012 611 1065 654 un·

28 681 168 760 sgoentts
187 681 345 760 expetitur.
382 678 505 741 tradunt
526 680 557 739 in
579 697 769 760 quocumque
792 681 901 744 frutice
925 690 1066 748 curretur

5 803 6 828 t
53 788 137 831 arcus
156 768 293 832 caelestis
312 767 435 832 eandem
454 786 529 848 quae
549 769 588 830 sit
605 769 749 849 aspalathi
766 773 942 832 suavitatem
965 772 1065 833 odoris

5 885 6 906 r
53 862 208 942 exsistere,
241 859 294 920 sed
327 861 352 920 si
383 860 415 922 in
446 857 615 942 aspalatho,
640 859 876 922 vinenarrabilem
907 861 1064 941 quandam.

53 949 172 1029 quidam
190 965 259 1010 eum
278 950 511 1029 erysisceptrum
529 956 644 1032 vocant,
663 947 713 1012 alii
732 957 893 1032 sceptrum.
929 951 1065 1032 prohatio

5 1081 6 1088 κ
53 1041 115 1100 eius
138 1041 170 1100 in
196 1037 298 1100 colore
325 1039 393 1100 rulo
423 1038 470 1101 rel
498 1041 588 1118 igneo
617 1045 757 1118 tactuque
787 1041 886 1120 spisso
914 1049 945 1102 et
974 1041 1065 1104 odoro

5 1143 39 1182 ,πο
54 1130 187 1190 castorei.
233 1135 421 1209 permutatur
443 1131 475 1190 in
497 1127 587 1190 lihras
611 1127 637 1190 ll
660 1143 692 1190 v.

5 1279 6 1306 ,
117 1211 192 1302 (53)
224 1218 258 1280 ln
281 1219 413 1300 Aegypto
436 1219 569 1280 nascitur
592 1225 623 1280 et
645 1235 749 1280 maron
776 1221 862 1299 peius
890 1237 979 1299 quam
1000 1219 1117 1300 Ly-111

52 1309 145 1390 dium,
173 1307 335 1372 maioribus
357 1308 435 1371 ioliis
458 1326 492 1370 ae
515 1310 612 1370 variis.
648 1307 697 1369 illa
720 1307 820 1371 brevia
843 1327 878 1372 ac
900 1311 1013 1372 nunuta
1037 1318 1067 1372 et

52 1399 180 1459 odorata.
237 1417 240 1425 ¹

118 1481 177 1551 25.
202 1480 277 1570 (54)
301 1487 359 1548 Sed
379 1487 516 1550 omnihus
535 1487 678 1550 odoribus
701 1489 870 1568 praefertur
893 1487 1065 1570 balsamum,

5 1591 37 1648 215
52 1579 103 1638 uni
136 1586 285 1638 terrarum
317 1575 442 1638 Iudaeae
475 1593 665 1660 concessum,
703 1577 853 1658 quondam
884 1580 915 1640 in
947 1577 1065 1642 duohus

51 1676 167 1730 tantum
189 1665 298 1748 hortis,
326 1673 455 1746 utroque
477 1669 575 1750 regio,
602 1667 694 1728 altero
718 1671 856 1748 iugerum
878 1669 983 1748 viginti
1005 1687 1065 1730 non

51 1757 185 1838 amplius,
208 1757 301 1818 altero
323 1759 507 1836 pauciorum.
551 1756 710 1819 ostendere
733 1757 876 1820 arborum
898 1757 974 1820 hanc
997 1757 1066 1820 urhi

50 1849 247 1926 imperatores
260 1844 440 1928 Vespasiani,
464 1846 636 1927 clarumque
655 1847 747 1930 dictu,
765 1866 781 1907 a
799 1847 941 1928 Pompeio
960 1847 1065 1928 Magno

50 1939 82 1996 in
105 1935 256 2016 triumpho
279 1934 402 1998 arbores
425 1954 544 2017 quoque
568 1936 715 2000 clusinam.
761 1939 853 1998 servit
875 1955 957 2000 nunc
984 1937 1057 1999 haec
1068 1942 1118 1992 112

10 2039 36 2080 20
51 2045 84 2087 ao
111 2025 224 2091 tributo
251 2026 354 2105 pendit
381 2041 450 2088 cum
478 2045 531 2089 sua
558 2033 660 2108 gente,
692 2029 724 2088 in
751 2034 848 2090 tottrm
873 2026 931 2088 alia
961 2035 1066 2088 natura

51 2134 140 2196 quam
161 2117 258 2178 nostri
281 2118 456 2196 externique
478 2115 678 2197 prodiderant
724 2117 834 2198 quippe
861 2118 914 2178 riti
942 2116 1085 2178 similior

51 2215 96 2268 est
124 2224 214 2285 quarn
241 2213 345 2286 myrto.
396 2205 538 2270 malleolis
566 2207 626 2268 seri
653 2205 756 2268 didicit
783 2224 880 2288 nuper
907 2208 1005 2268 vincta
1032 2214 1066 2268 ut

50 2299 128 2376 vitis,
151 2304 182 2356 et
204 2295 299 2375 inplet
320 2295 414 2358 eolles
435 2298 589 2357 vinearum
611 2297 708 2358 modo.
755 2315 830 2376 quae
854 2298 919 2358 sine
942 2295 1065 2358 admini-

51 2385 127 2446 culis
147 2403 179 2444 se
198 2386 262 2464 ipsa
281 2385 410 2446 sustinet
427 2385 569 2446 tondetur
588 2385 725 2446 similiter
744 2385 890 2448 lruticans
908 2404 943 2446 ae
961 2387 1066 2447 rastris

8 2476 172 2536 renitescit
189 2481 389 2554 properatque
413 2475 504 2556 nasci,
526 2475 605 2536 intra
623 2474 747 2534 tertium
769 2491 881 2536 annum
903 2475 1065 2536 fructifera.

49 2563 155 2626 lolium
185 2551 355 2644 proximum
384 2561 503 2646 tuburi,
537 2569 683 2644 perpetua
716 2579 808 2624 coma.
862 2565 993 2624 saeviere
1023 2565 1055 2625 in
1065 2569 1116 2619 113

49 2673 116 2716 eam
134 2653 234 2716 ludaei
253 2654 333 2714 sicut
354 2654 385 2714 in
408 2654 497 2716 vitam
519 2670 639 2732 quoque
663 2669 759 2734 suam3
782 2659 887 2713 contra
905 2650 1065 2714 defendere

48 2744 184 2826 Romani,
208 2751 238 2804 et
256 2741 428 2803 dimicatum
445 2761 500 2822 pro
523 2743 632 2803 frutice
656 2749 709 2802 est.
738 2743 870 2820 seritque
893 2759 974 2802 nunc
997 2760 1066 2803 eum

48 2836 150 2917 riscus,
173 2851 230 2894 nec
248 2849 389 2912 umquam
406 2831 466 2893 luit
484 2833 679 2894 numerosior.
716 2831 882 2911 proceritas
900 2832 979 2892 intra
997 2829 1066 2893 hina

6 2935 34 2978 ³⁰
48 2924 151 2986 cubita
174 2922 319 2986 subsistit.
367 2982 371 2990 .

123 3114 223 3170 rator.
239 3113 341 3170 Ionos.
433 3119 448 3169 7
472 3113 496 3170 si
515 3117 619 3170 orm.
708 3116 726 3167 8
749 3111 864 3181 quidam
886 3125 953 3167 enm
968 3110 1064 3182 B(?)o.

47 3186 165 3256 quidam
189 3201 235 3240 em
258 3190 333 3242 had.
365 3202 450 3256 quam
470 3184 588 3255 quidam
604 3189 640 3238 Ι.
674 3200 712 3239 ao
734 3199 818 3253 quem
840 3181 977 3252 quiman?
1049 3189 1066 3238 9

46 3261 129 3314 tactu
146 3263 177 3312 lt
265 3263 298 3313 17
316 3273 470 3328 paucorum
488 3262 523 3312 Ι.
549 3259 554 3326 Ι
579 3255 711 3312 arborum
727 3271 783 3326 apo.
812 3255 943 3311 arbelam
961 3259 1069 3310 lineat

48 3334 122 3386 -tum
140 3334 173 3384 Β.
201 3329 380 3386 arbusculam
397 3345 421 3386 o.
517 3333 552 3385 ra
570 3327 670 3384 didicit
685 3326 797 3383 lPr'ot.
825 3325 895 3382 dicit
911 3326 997 3382 lm
1025 3326 1067 3381 di-

48 3404 124 3458 citnr
136 3399 270 3471 imile.
288 3403 292 3470 Ι
308 3400 405 3458 rdnete
417 3401 512 3458 ΠΝ
521 3401 561 3457 ed.
571 3400 640 3458 Bae.
668 3399 753 3455 ducta
766 3399 804 3454 di.
826 3397 904 3454 dicte
915 3415 939 3456 r.
971 3399 1067 3454 iuncta

47 3475 108 3531 edd.
118 3473 254 3531 osteBoa.
328 3478 363 3531 26
380 3471 607 3530 lolium-coma
623 3472 752 3528 rideatur
765 3471 797 3526 iar
810 3486 834 3525 o.
845 3475 884 3528 29
893 3475 958 3541 post
971 3487 1067 3526 nume·

46 3547 140 3603 rosior
153 3547 367 3616 hoomoseedo.
389 3549 393 3614 Ι
413 3546 572 3617 proximum
589 3549 674 3602 no.
702 3559 777 3600 mse
794 3549 846 3597 le
880 3559 936 3598 ·me
955 3547 979 3598 d
1000 3544 1004 3612 1
1023 3545 1066 3598 tu·

46 3619 112 3674 buri
130 3623 194 3673 ΠΒ.
223 3618 294 3674 -heri
313 3618 397 3676 redd.
406 3624 466 3676 vett.
493 3621 574 3674 rutse
591 3617 678 3674 Baro.
707 3615 757 3684 afr.
771 3630 832 3672 aar.
847 3615 899 3670 laec.
911 3631 941 3684 p.
951 3619 996 3670 16.

47 3699 85 3746 Ἃ
102 3691 257 3761 proceritas
276 3695 338 3747 lut.
367 3695 449 3748 acteo
459 3693 530 3749 odd.
548 3689 691 3762 procerior
708 3694 763 3758 lta,
781 3688 832 3743 sut
849 3687 990 3758 procerior
1007 3690 1053 3744 ao.

851 3774 906 3831 20*
