2392 3946
177 183 244 249 382
531 185 560 238 (7.
579 183 679 238 PLINI
698 179 855 238 SECUNDI

175 334 328 415 probatur.
374 333 487 394 rubens
510 335 596 394 triste
620 335 739 413 suniam
762 341 822 414 cst,
850 335 956 402 sinon
979 333 1004 390 is
1024 332 1077 392 uni
1096 331 1155 391 colos

176 426 224 505 sit,
246 426 319 484 item
342 441 409 484 vasa
433 421 644 484 incalescentia
666 421 843 503 operculave
867 421 1008 482 sudantia.
1037 419 1105 500 quod
1122 439 1155 480 ce·

174 512 279 574 leritcr
296 512 405 574 llorere
428 513 562 592 coeperit
584 511 769 592 odoremque
790 510 911 572 trahere
933 527 993 570 non
1014 509 1072 569 lore
1091 510 1156 570 diui·

173 617 257 663 num.
301 603 366 682 ipsa
388 617 508 681 quoque
531 600 649 662 defruta
672 619 707 661 ac
730 619 814 682 sapa,
835 619 906 662 cum
928 601 968 660 sit
989 597 1093 660 caelum
1111 601 1157 659 sine

175 778 299 862 debent,
321 787 476 860 praeterea
499 779 647 859 plumbeis
671 781 761 862 vasis,
784 797 844 840 non
868 781 977 860 aereis,
1004 777 1159 856 nucibusque

174 868 363 948 iuglandibus
381 868 502 948 additis3
526 887 583 929 eas·
600 871 681 930 enim
703 869 819 930 lunium
841 870 988 948 excipere.
1016 865 1159 948 Campaniae

175 957 357 1018 nobilissima
376 959 510 1037 exposita
529 957 585 1018 suh
611 958 662 1018 diu
685 960 717 1018 in
741 957 823 1019 cadis
844 956 998 1018 verberari
1020 955 1084 1038 sole,
1103 955 1159 1036 luna,

174 1045 279 1128 imbre,
302 1048 399 1108 venus
422 1049 609 1126 aptissimum
632 1047 759 1108 videtur.

121 1141 189 1191 toa·
241 1129 298 1197 22.
323 1129 398 1218 (28)
421 1137 463 1196 Ac
481 1139 507 1197 si
526 1139 594 1215 quis
612 1136 783 1217 diligentius
801 1144 930 1217 reputet,
953 1139 986 1196 in
1007 1134 1081 1196 nulla
1099 1143 1177 1214 pariat

173 1223 339 1304 operosior
358 1227 423 1286 vita·
449 1233 495 1286 est
524 1257 568 1270 -—
597 1243 653 1287 ceu
683 1243 744 1287 non
775 1225 1005 1288 saluberrimum
1036 1224 1068 1286 ad
1095 1233 1160 1304 potus

173 1331 266 1392 aquae
289 1313 436 1393 liquorem
459 1323 565 1376 natura
588 1315 713 1397 dederit,
736 1333 796 1395 quo
819 1323 919 1377 cetera
937 1317 1037 1376 omnia
1057 1312 1160 1374 animalia

172 1411 316 1484 utuntnr3
348 1411 379 1464 at
406 1421 463 1465 nos
492 1406 594 1466 vinnm
623 1404 728 1466 bibere
759 1413 789 1466 et
820 1407 954 1466 iumenta
987 1405 1108 1484 cop'nuu
1130 1435 1158 1444 -

172 1501 317 1572 tantoque
345 1511 449 1574 opere,
480 1501 563 1555 tanto
591 1493 692 1556 labore
721 1503 752 1556 ot
779 1494 920 1574 inpendio
950 1501 1077 1574 praestat
1103 1489 1159 1570 quod

173 1581 302 1643 hominis
325 1591 456 1643 mentem
479 1591 575 1644 mutet
597 1603 631 1645 ac
654 1579 789 1646 furorem
811 1585 925 1666 gignat,
954 1582 1071 1644 milibus
1094 1579 1177 1642 sceler

174 1689 242 1731 runt
260 1670 298 1730 ob
317 1672 347 1731 id
367 1671 463 1753 editis,
486 1679 567 1732 tanta
585 1672 743 1734 dulcedine
761 1682 796 1735 ut
814 1689 919 1752 magua
937 1689 1010 1753 pars
1031 1689 1086 1732 non
1105 1667 1158 1730 aliud

122 1761 259 1820 tetvitre
278 1762 445 1839 praemium
462 1760 622 1841 intellegat.
669 1765 742 1842 quin
764 1765 864 1844 immo,
887 1771 922 1824 ut
944 1763 1014 1842 plus
1037 1761 1157 1842 capiamus,

174 1865 260 1908 sacco
285 1849 448 1929 frangimus
471 1852 562 1932 vires,
586 1859 617 1912 et
639 1851 694 1912 alia
717 1854 907 1914 inritamenta
931 1853 1121 1931 excogitantur
1135 1864 1177 1958 ³⁶1

175 1933 297 1998 bibendi
327 1957 416 2000 causa
448 1941 546 2002 etiam.
568 1957 680 2002 venena
713 1943 937 2023 concipiuntur,
971 1941 1036 2002 aliis
1066 1941 1153 2000 cincun

174 2027 436 2105 praesumentibus
454 2037 488 2090 ut
505 2027 608 2090 bibere
626 2047 709 2091 mors
729 2041 823 2114 cogat,
841 2031 907 2092 aliis
923 2032 1053 2111 pumicis
1069 2017 1176 2096 ladonll

123 2121 216 2174 rotet
243 2133 318 2194 qnae
347 2117 507 2178 relerendo
532 2119 626 2198 pudet
653 2119 771 2182 docere.
818 2122 1008 2182 cautissimos
1036 2138 1069 2180 ex
1093 2115 1152 2178 isit

174 2200 300 2264 balineis
319 2209 408 2284 coqui
427 2207 560 2270 videmus
580 2211 790 2290 exanimesque
815 2211 925 2292 efferri,
947 2212 1007 2272 iant
1026 2227 1090 2271 vero
1108 2204 1153 2266 dc

173 2290 284 2352 lectum
314 2293 489 2374 exspectare
520 2315 581 2357 non
609 2315 712 2381 posse,
744 2302 835 2362 immo
865 2317 935 2361 vero
967 2319 1024 2361 nec
1052 2289 1174 2372 annoni

172 2380 329 2460 nudosque
353 2382 395 2444 ibi
417 2387 555 2464 protinus
580 2393 610 2447 et
632 2387 755 2450 anhelos
777 2391 909 2470 ingentia
935 2408 1005 2451 vasa
1032 2388 1154 2465 corripere,

172 2467 253 2532 velut
284 2470 319 2532 ad
350 2476 578 2536 ostentationem
611 2479 735 2560 vinum,
768 2497 801 2540 ac
834 2479 921 2560 plena
953 2477 1113 2556 minodoro,
1135 2423 1173 2532 ut³

172 2561 272 2620 statim
296 2570 414 2622 vomant
436 2563 778 2650 marsusquehauriant,
806 2568 895 2648 idque
923 2569 1034 2630 iterum
1054 2565 1172 2648 tendum-q

172 2664 240 2728 qtae,
259 2657 408 2729 umquam
427 2651 463 2714 ad
481 2652 634 2732 perdenda
652 2657 720 2718 vina
738 2659 840 2739 geniti,
864 2665 894 2718 et
912 2665 1058 2736 tamquam
1075 2647 1171 2714 cllttnd¹

118 2739 170 2790 140
182 2734 231 2795 illa
249 2751 311 2797 non
327 2740 444 2818 possint
463 2743 520 2802 nisi
543 2761 598 2824 per
622 2761 732 2825 corpus
750 2745 921 2807 humanum.
958 2745 1017 2808 huc
1038 2699 1171 2825 pcrtinenl

243 2960 332 3016 odiu
349 2963 476 3034 letali).
508 2966 576 3023 dluo
596 2970 899 3027 aeddoetlchLScll.
932 2971 979 3027 dio
997 2967 1095 3026 edos.
1168 2977 1169 3064 l

171 3032 203 3082 11
223 3031 322 3098 potum
340 3035 424 3089 cedd.
436 3037 572 3093 mensu.
661 3047 693 3096 ta
717 3042 904 3099 animumn.
932 3043 1021 3098 -antis
1036 3057 1076 3096 ru.
1131 3037 1150 3088 ll

169 3102 296 3166 praestat
312 3107 347 3156 Ι.
381 3107 492 3161 coastat
509 3125 553 3164 ru.
663 3117 706 3169 to.
723 3118 757 3168 to
781 3113 916 3168 scelerum
935 3113 1068 3168 wado.
1095 3106 1122 3163 ob
1133 3102 1168 3157 id'

171 3169 277 3226 scelera
294 3172 338 3226 θ’.
417 3181 450 3230 16
469 3178 507 3232 ob
525 3179 555 3233 id
574 3182 659 3240 edim
676 3189 711 3240 lt.
744 3185 794 3240 ubi
812 3185 916 3240 deditis
933 3190 958 3241 d
989 3185 1034 3240 -iti
1049 3190 1076 3238 ll.
1102 3175 1148 3232 diff?

168 3255 206 3318 c.¹
221 3241 287 3296 huic
305 3241 409 3328 deditis
427 3263 451 3301 o.
527 3257 561 3306 to
584 3251 782 3328 codcipiunbur
798 3257 933 3313 wdall.
947 3256 1086 3312 catuPt‘ol·
1108 3263 1148 3304 0⁰¹³·
1166 3245 1167 3340 l

167 3315 436 3452 illabili&
449 3322 664 3467 'albidulis
681 3327 1100 3458 alblbbltutll
1113 3407 1144 3444 a·

166 3445 218 3499 dus
235 3465 260 3502 a.
292 3453 381 3508 nudos
400 3458 528 3518 aduolet
554 3467 559 3530 Ι
584 3467 615 3522 eb
632 3470 873 3528 Reddootdcht.
893 3469 1094 3529 onerati-0⁶1·

167 3517 200 3565 ab
219 3517 303 3583 plena
320 3527 356 3575 tt
389 3526 474 3594 plano
493 3535 518 3586 d
549 3535 635 3604 plene
654 3557 699 3596 ru.
795 3549 830 3600 27
853 3545 1035 3616 uuqum-
1073 3531 1144 3593 ΠΜ

166 3589 261 3705 ⁰135
263 3627 269 3639 '
284 3657 321 3710 ,d
339 3597 411 3718 hag?
428 3598 631 3734 ὣθαῦἕωθᾶζὶ
647 3613 699 3680 cfr.
718 3616 746 3666 X
759 3618 821 3670 131.
854 3615 910 3672 hoc
926 3621 987 3670 llll.
1070 3611 1112 3666 boc
1123 3601 1145 3654 al
