2340 3934
174 143 237 205 110
522 114 551 194 o.
570 139 669 194 rurur
688 136 845 194 saeuum

172 294 270 352 lacere
290 297 466 370 temptatum
484 297 539 370 est,
562 297 643 350 taotu
667 307 726 349 non
745 286 868 368 perinde
892 284 981 366 molli,
1005 291 1043 344 ut
1062 285 1094 343 in
1111 291 1167 342 cute

119 391 171 440 ιιο
180 389 304 461 propter
326 379 501 440 brevitatem
527 378 579 458 pili
603 377 753 438 dilabidas.
805 370 862 438 bb.
887 367 961 458 (82)
991 373 1027 432 bi
1055 389 1165 432 mansue

172 479 260 532 seunt
282 489 360 551 raro,
382 487 451 529 oum
470 469 527 528 leri
545 467 604 528 dici
622 469 689 528 iure
709 485 769 527 non
787 467 912 546 possint,
934 462 1095 542 complura
1111 481 1162 521 nan

172 579 229 640 que
251 568 322 620 suut
345 577 399 620 neo
418 557 531 637 placida
554 575 609 617 nec
628 558 701 638 iera,
724 556 776 617 sed
795 553 909 616 mediae
928 557 1010 614 inter
1029 559 1170 630 utrumqu

171 657 310 730 naturae,
341 657 374 708 nt
396 650 427 708 in
451 645 622 707 volueribus
644 645 833 726 hirundines,
861 663 945 725 apes,
974 644 1009 702 in
1034 643 1110 702 mari
1130 639 1166 700 del

172 935 259 978 suere
283 933 398 996 mures,
420 915 498 976 haud
522 915 724 995 spernendmn
747 915 778 974 in
799 915 927 974 ostentis
942 913 1048 972 *etiam
1068 909 1162 990 publir'

172 1005 287 1066 animal.
332 1006 447 1066 adrosis
476 1004 589 1066 Lanuvi
619 1003 722 1084 clipeis
752 1004 899 1084 argenteis
929 1001 1099 1062 Marsicum
1125 1017 1169 1078 por

172 1096 295 1156 tendere
319 1094 442 1176 bellum,
472 1093 601 1154 Carboni
623 1095 796 1173 imperatori
823 1091 901 1172 apud
924 1090 1068 1152 Clusium
1090 1091 1165 1149 lase'

173 1185 281 1264 quibus
304 1187 335 1245 in
359 1183 482 1245 calciatu
506 1182 646 1244 utebatur
669 1184 800 1244 exitium.
841 1181 926 1262 plura
950 1197 1065 1241 eorum
1089 1195 1154 1258 gene

172 1277 202 1334 in
226 1273 386 1354 Cyrenaica
409 1275 544 1354 regione,
567 1273 617 1333 alii
638 1272 696 1334 lata
719 1273 831 1352 lronte,
859 1271 907 1332 alii
929 1277 1040 1352 acuta,
1069 1269 1144 1329 aliii

119 1375 170 1422 ιιι
182 1381 342 1424 naoeorum
355 1381 465 1441 genere
480 1361 682 1442 pungentibus
695 1361 772 1442 pilis.
795 1360 1079 1441 Theophrastus
1094 1367 1162 1419 auct

172 1459 218 1513 est
240 1455 271 1513 in
290 1452 383 1532 Gyara
402 1452 498 1512 insula
519 1469 588 1512 eum
605 1451 718 1512 incolas
736 1453 910 1531 fugaverint,
933 1451 1060 1511 lerrum
1079 1467 1161 1528 quoq

172 1543 282 1602 rosisse
306 1559 367 1622 eoS,
389 1542 419 1602 id
438 1542 518 1620 quod
541 1549 646 1602 natura
665 1541 791 1620 quadarn
814 1549 844 1602 et
867 1540 902 1600 ad
921 1538 1079 1620 Chalybas
1101 1540 1154 1598 lace

171 1634 203 1692 in
226 1631 359 1692 ferrariis
383 1631 517 1692 officinis.
563 1633 689 1694 arrrariis
717 1629 838 1710 quidem
864 1632 895 1691 iu
917 1629 1056 1691 metallis
1082 1629 1119 1689 ob
1144 1654 1164 1681 ιι

172 1721 251 1782 alvos
274 1739 380 1781 eorum
402 1719 498 1781 excidi
522 1737 699 1800 semperque
718 1720 832 1781 lurtum
855 1720 885 1781 id
905 1719 1113 1799 deprebeudi3
1148 1742 1166 1767 ,f

172 1820 233 1870 tam
255 1829 321 1871 esse
345 1809 533 1871 dulcedinem
555 1809 682 1870 iurandi.
715 1811 833 1870 venisse
856 1827 972 1870 murem
996 1821 1046 1870 cc
1071 1809 1134 1870 deu

172 1898 334 1960 Casilinum
370 1898 525 1959 obsidente
557 1897 734 1980 Hannibale,
771 1915 898 1978 eumque
931 1900 986 1978 qui
1023 1897 1143 1959 vendide

118 1989 256 2049 astlame
279 1991 432 2068 interisse,
454 1995 620 2067 emptorem
647 1989 755 2049 vixisse
783 1987 929 2049 annales
956 1989 1101 2052 tradunt.
1129 2001 1169 2068 ear

172 2078 288 2138 candidi
310 2096 485 2159 provenere,
508 2077 617 2138 laetum
640 2078 753 2138 iaciunt
775 2085 934 2139 ostentum.
964 2095 1044 2138 nam
1068 2069 1169 2150 sorren}

172 2174 298 2227 occentu
321 2168 421 2228 dirimi
449 2169 579 2248 auspicia
602 2167 749 2228 annales
772 2167 900 2228 refertos
922 2165 1088 2229 habemus.
1131 2183 1157 2224 sa

172 2257 250 2316 riees
279 2265 309 2317 et
335 2259 418 2336 ipsos
444 2257 542 2317 hieme
572 2257 660 2318 eorrdi
690 2263 795 2318 auctor
824 2265 870 2318 est
897 2256 1090 2338 Nigidius,
1121 2259 1156 2316 sir

171 2344 274 2426 glisco,
307 2363 382 2424 quos
410 2348 563 2408 censoriae
593 2345 674 2426 leges
701 2349 901 2427 princepsque
928 2345 964 2407 ll.
998 2346 1135 2408 Scaurus
1160 2345 1165 2356 '

172 2434 327 2497 consulatu
350 2453 410 2496 non
433 2435 491 2495 alio
513 2435 602 2496 modo
625 2437 707 2496 cenis
730 2436 868 2496 ademere
896 2454 935 2498 oc
957 2436 1121 2517 conchylia

119 2532 216 2584 atter
240 2524 295 2585 alio
319 2524 391 2586 orbe
415 2531 573 2585 convectas
596 2542 673 2585 ares.
701 2526 874 2586 semiferum
897 2533 927 2586 et
949 2527 1059 2606 ipsum
1083 2527 1128 2585 an'

118 2626 156 2668 211
172 2615 221 2674 cui
243 2616 350 2674 vivaria
378 2616 409 2674 in
432 2613 518 2673 doliis
540 2613 621 2674 idem
648 2615 700 2693 qui
727 2616 807 2694 apris
834 2615 970 2676 instituit.
1025 2634 1090 2696 qua
1110 2618 1137 2674 in
1157 2631 1167 2672 r

171 2709 389 2764 notatum-non
412 2705 587 2782 congregari
610 2705 668 2763 nisi
690 2703 850 2783 populares
876 2703 1016 2765 eiusdem
1043 2705 1132 2766 silvae
1151 2719 1165 2758 a

172 2795 196 2851 si
220 2795 401 2854 misceantur
423 2791 614 2873 alienigenae,
637 2811 722 2854 amne
745 2793 791 2853 vel
814 2801 914 2854 monte
938 2793 1081 2876 disereti,
1106 2797 1159 2853 intr

1157 2163 1169 2314 a

1121 2355 1168 2606 EQ*

242 3076 259 3124 ι
282 3069 431 3126 dilabidas.
454 3071 486 3125 hi
507 3071 594 3128 adet.
623 3071 726 3127 bidasi
748 3077 805 3127 Dr.
834 3073 880 3128 -bi
901 3071 967 3128 lassi
990 3078 1018 3128 d
1046 3074 1090 3129 -bi

171 3160 194 3194 ι.
223 3141 272 3196 ·bi.
291 3142 398 3197 Damae
417 3143 476 3197 cdd.
495 3148 557 3199 cett.
645 3149 660 3198 '1
683 3143 818 3199 domuum
839 3145 927 3200 anat.
955 3161 1053 3200 mum
1077 3163 1102 3200 r.

169 3213 267 3268 lanuui
289 3220 319 3268 n.
352 3213 441 3268 lauini
463 3231 486 3268 r.
561 3220 595 3269 14
611 3215 783 3285 ingenerant
804 3221 836 3270 B.
926 3221 959 3269 ta
983 3231 1037 3271 eos
1056 3221 1110 3269 rat

127 3313 137 3322 ν
169 3291 199 3338 a.
223 3290 346 3354 quasit.
371 3286 483 3340 constat
496 3287 586 3340 redd.
599 3291 660 3341 oett.
686 3286 691 3355 Ι
714 3287 838 3356 quadam
855 3305 879 3341 a.
905 3285 1085 3356 quedam-B.
1109 3299 1165 3354 quar

170 3356 277 3412 damr.
334 3362 375 3410 1'1.
387 3361 420 3410 18
438 3358 548 3411 tantam
566 3361 590 3410 d.
614 3360 687 3411 -tum
704 3375 728 3412 r.
784 3363 818 3413 18
836 3358 957 3414 denariis
974 3355 1043 3428 d(?)

170 3442 220 3480 oro.
238 3441 262 3481 r.
351 3432 384 3480 21
408 3443 510 3481 uenere
528 3433 559 3482 R.
650 3435 685 3483 ιι
704 3431 824 3486 onosma
840 3447 865 3484 o.
894 3431 971 3484 -necu
989 3428 1037 3483 1².
1067 3433 1161 3483 -uml

171 3496 259 3552 -inotu
277 3497 320 3551 1¹.
346 3513 406 3551 -um
422 3497 488 3551 an.
516 3497 618 3552 inbum
636 3506 689 3554 lla.
756 3506 850 3556 *ΜΒ
873 3501 995 3556 saumana
1018 3505 1054 3555 B.
1082 3499 1140 3555 auri

170 3583 193 3619 r.
269 3572 303 3622 25
323 3567 452 3622 ademere
471 3569 531 3626 llo.
560 3587 598 3624 aa
617 3569 779 3626 admisere?
799 3575 805 3643 1
825 3589 858 3628 ae
875 3573 948 3628 Dect.
975 3588 1029 3626 om.
1055 3573 1121 3639 ttq

170 3651 194 3688 c.
291 3642 325 3692 28
351 3641 515 3708 congregari
541 3645 586 3695 dv.
615 3658 674 3696 -are
692 3659 715 3696 r.
757 3644 809 3710 cfr.
828 3644 929 3715 5188.
