2572 3936
378 142 462 198 unu.
481 141 574 198 HIsT.
592 143 632 198 ix
650 149 756 199 51-53
775 144 902 215 (νο-νο)
1083 143 1146 211 153

130 293 251 372 plurimi
269 294 397 373 piscium
416 291 513 354 tribus
530 291 685 354 mensibus
703 293 804 375 Aprili,
823 292 908 376 Maio,
930 292 1025 373 lunio,
1048 292 1146 372 salpae

130 390 282 463 autumno,
305 384 393 464 sergi,
416 383 550 462 torpedo,
573 382 669 462 squali
687 385 767 444 circa
782 384 1016 464 aequinoctium,
1042 380 1146 442 molles

129 488 209 553 vere,
232 472 331 551 saepia
344 470 484 533 omnibus
497 471 659 534 mensibus.
701 490 755 532 ονε
774 474 840 534 eius
857 472 970 552 glutino
990 473 1147 532 atramenti

31 617 37 621 ,
130 561 167 622 ad
190 561 321 640 speciem
343 579 416 622 uvae
441 561 630 622 cohaerentia
647 561 798 623 mascrdus
816 563 1010 642 prosequitur
1028 559 1147 642 adllatu,

102 649 202 712 salias
224 649 425 712 sterilescunt.
462 650 562 732 polypi
584 650 682 712 hieme
705 659 824 733 coeunt,
848 654 969 730 pariunt
991 667 1060 710 vere
1084 658 1200 710 ovaloa

0 749 1 800 l
116 737 224 800 tortili
245 738 359 800 vibrata
382 741 534 822 pampino,
557 746 638 801 tanta
661 740 843 802 fecunditate
868 748 902 801 ut
924 737 1146 801 multitudinem

5 884 10 894 ,
129 845 254 888 ovorum
277 830 369 890 occisi
391 847 451 889 non
474 832 621 910 recipiant
643 848 713 891 cavo
738 831 842 909 capitis
866 846 926 909 quo
948 836 1145 909 praegnantes

129 916 234 978 tulere.
281 936 316 979 ea
339 916 502 999 excludunt
522 932 545 979 1,
569 919 630 1000 die,
658 937 674 979 e
699 917 807 998 quihus
831 919 923 980 multa
945 925 1069 999 propter
1091 936 1145 980 nu-

129 1023 247 1066 merum
269 1007 462 1068 intercidunt.
502 1006 634 1070 locustae
658 1007 825 1086 etreliqua
849 1009 995 1069 tenuioris
1018 1014 1136 1070 crustae
1146 1024 1200 1075 164

87 1117 115 1156 ro
128 1096 245 1174 ponrrnt
267 1113 321 1155 ονε
344 1113 435 1176 super
453 1115 516 1178 ova,
539 1104 628 1176 atque
646 1099 687 1158 ita
705 1095 856 1158 incubant.
891 1097 1018 1178 polypus
1036 1097 1146 1159 lentina

128 1183 217 1244 modo
235 1185 267 1244 in
286 1187 349 1245 ovis
367 1185 461 1266 sedet,
479 1186 567 1247 modo
582 1205 738 1247 cavernam
757 1185 918 1247 cancellato
936 1185 1146 1248 bracchiorum

128 1272 249 1352 inplexu
272 1272 392 1336 claudit.
437 1277 536 1355 saepia
558 1277 591 1336 in
612 1283 748 1337 terreno·
757 1277 836 1354 parit
861 1278 941 1337 inter
963 1274 1146 1336 harundines

129 1369 182 1422 aut
204 1360 300 1423 sicubi
323 1371 408 1424 enata
431 1364 504 1446 alga,
527 1364 659 1426 excludit
681 1367 785 1444 quinto
808 1365 924 1426 decimo
948 1363 1005 1425 die.
1041 1363 1145 1444 lolligi-

129 1468 184 1510 nes
200 1453 238 1511 εἰ]
256 1450 315 1512 alto
339 1461 476 1514 conserta
494 1472 549 1514 ονε
567 1454 660 1516 edunt
682 1461 717 1515 ut
734 1456 859 1534 saepiae.
898 1471 1058 1536 purpurae,
1081 1472 1146 1519 mu=

1 1587 2 1594 ,
87 1559 114 1600 15
129 1541 207 1625 rices
231 1540 424 1620 eiusdemque
447 1545 566 1621 generis
588 1563 659 1604 vere
682 1545 810 1623 pariunt.
853 1543 952 1618 echini
975 1561 1029 1602 ova
1051 1544 1144 1624 pleni-

129 1623 219 1689 luniis
233 1628 343 1691 hahent
356 1630 463 1711 hieme,
487 1639 518 1692 et
536 1631 653 1693 cocleae
672 1631 798 1693 hiberno
817 1641 953 1714 tempore
972 1641 1145 1694 naseuntur.

197 1711 271 1799 (75)
295 1718 433 1799 Torpedo
451 1728 613 1801 octogenos
631 1723 710 1783 letus
727 1721 841 1784 habens
859 1723 1019 1803 invenitur,
1042 1740 1135 1800 eaque
1147 1729 1198 1780 too

129 1808 208 1866 intra
232 1825 263 1868 se
286 1810 365 1887 parit
387 1819 441 1869 ova
462 1809 634 1888 praemollia
656 1813 688 1872 in
712 1811 802 1873 alium
823 1811 924 1872 locum
947 1812 1027 1872 uteri
1049 1819 1144 1871 trans·

130 1895 230 1956 ferens
253 1904 343 1976 atque
365 1895 407 1958 ibi
430 1897 599 1960 excludens.
637 1899 726 1963 simili
748 1900 836 1962 modo
860 1903 959 1962 omnia
982 1917 1058 1979 quae
1082 1917 1144 1960 car-

87 2005 115 2045 eo
129 1984 266 2064 tilaginea
289 1985 507 2066 appellavimus.
552 1990 594 2050 ita
616 1989 650 2050 lit
676 1997 711 2050 ut
737 1987 799 2050 sola
826 1991 964 2070 piscium
981 1997 1012 2050 et
1039 1989 1146 2050 animal
1159 2011 1185 2052 rs
1272 2043 1278 2051 .

128 2076 245 2153 pariant
265 2083 298 2140 ,et
316 2093 370 2136 ονε
388 2078 566 2157 concipiant.
603 2077 714 2140 silurus
732 2097 795 2140 mas
815 2079 896 2141 solus
915 2080 1048 2140 omnium
1067 2079 1145 2140 edita
1209 2151 1213 2160 ¹

129 2163 260 2225 custodit
280 2183 343 2246 ova,
365 2184 453 2246 saepe
473 2174 503 2227 et
521 2169 739 2252 quinquagenis
757 2166 872 2250 diebus,
894 2186 932 2229 ne
951 2165 1146 2230 absumantur

129 2251 166 2312 ab
194 2253 267 2314 aliis.
321 2262 438 2316 ceterae
466 2256 592 2317 laminae
625 2258 657 2317 in
684 2257 784 2318 triduo
816 2257 990 2338 excludunt,
1030 2259 1054 2318 si
1082 2275 1145 2318 mas

129 2343 235 2420 attigit.

88 2448 116 2488 aa
197 2423 271 2514 (76)
295 2431 374 2491 Acus
393 2433 453 2492 sive
468 2431 574 2493 belone
591 2451 670 2494 unus
683 2436 811 2513 piscium
825 2435 998 2496 dehiscente
1012 2443 1136 2515 propter
1146 2443 1198 2494 166

129 2518 352 2581 multitudinem
373 2527 461 2581 utero
484 2523 570 2600 parit.
607 2541 623 2581 a
646 2531 735 2601 partu
758 2523 899 2584 coalescit
921 2523 1042 2605 vulnus,
1065 2525 1145 2603 quod

130 2616 161 2668 et
182 2609 215 2668 in
238 2610 335 2670 caecis
363 2609 553 2689 serpentibus
580 2609 710 2672 tradunt.
755 2629 823 2672 mus
850 2614 983 2673 marinus
1010 2615 1041 2672 in
1065 2622 1145 2673 terra

130 2695 236 2758 scrobe
260 2698 368 2758 ellosso
391 2701 469 2778 parit
491 2717 546 2759 ονε
569 2707 599 2760 et
621 2717 728 2760 rursus
751 2699 852 2762 obruit
874 2708 968 2783 terra,
992 2703 1144 2762 tricesimo

129 2785 177 2848 die
200 2787 316 2848 relossa
338 2789 435 2867 aperit
457 2781 617 2869 letumque
632 2791 664 2849 in
687 2807 794 2868 aquam
816 2788 907 2851 ducit.

89 2893 115 2932 eo
196 2870 255 2938 52.
279 2869 353 2959 (77)
376 2875 513 2956 Erythini
532 2885 563 2939 et
580 2877 711 2939 channae
731 2877 829 2939 volvas
847 2877 958 2939 habere
977 2877 1145 2962 traduntur,

130 2967 182 3044 qui
204 2965 325 3026 trochos
349 2965 513 3046 appellatur
536 2985 552 3026 ε
571 2966 692 3028 Graecis
714 2969 779 3048 ipse
803 2985 834 3028 se
858 2967 943 3028 inire.
981 2967 1059 3029 letus
1083 2986 1147 3029 om²

130 3056 214 3114 nium
235 3053 409 3134 aquatilium
431 3057 510 3116 inter
533 3057 617 3116 initia
638 3058 704 3117 visu
728 3064 839 3118 carent.
1252 3121 1255 3126 ,

198 3137 255 3204 53.
279 3137 353 3226 (78)
377 3144 448 3205 heri
465 3146 593 3224 piscium
607 3145 830 3207 memorandum
848 3162 946 3225 nuper
967 3145 1197 3226 exemplumtst

129 3275 342 3294 ...μμ-,Ἥ

202 3357 218 3404 6
236 3349 445 3406 multitudinem
462 3351 505 3405 1².
533 3367 580 3406 -ce
598 3369 621 3407 r.
695 3357 728 3408 13
748 3353 847 3422 quinto
866 3370 899 3408 ac
918 3353 1028 3409 decimo
1045 3359 1077 3409 a.

130 3427 163 3477 17
183 3421 290 3476 hebens
307 3437 333 3477 o.
352 3421 553 3477 ·entr¹B²ad.
582 3425 624 3478 -et
641 3440 665 3478 r.
742 3429 776 3480 to
795 3423 980 3496 cartilaginea
996 3441 1020 3481 o.
1049 3442 1098 3481 -na
1116 3427 1144 3482 ll.
1188 3428 1192 3436 ’

201 3497 235 3548 ab
254 3492 355 3549 belone
371 3509 397 3549 o.
425 3493 475 3562 cfr.
485 3492 573 3549 Anat.
583 3495 609 3550 b.
620 3512 646 3549 a.
659 3497 703 3548 VI
707 3499 743 3550 13
752 3511 784 3566 p.
794 3500 851 3552 567
859 3495 896 3565 B,
910 3501 958 3554 23.
984 3497 1097 3553 bellone
1115 3499 1143 3553 ll.

201 3571 235 3622 26
255 3564 389 3622 coalescit
407 3563 465 3621 θεῖ.
497 3565 636 3635 qualescit
658 3571 690 3621 lt.
722 3567 806 3636 quale
825 3566 862 3622 sit
878 3585 902 3622 r.
935 3568 1063 3625 callescit
1084 3569 1143 3626 edd.

12 3626 18 3638 “
128 3643 188 3693 cett.
261 3642 295 3693 28
314 3639 390 3697 terra
407 3653 432 3693 c.
461 3654 517 3694 -ras
536 3638 564 3694 ll.
638 3644 672 3694 33
690 3638 902 3695 memorandum
920 3657 944 3696 c.
971 3658 1082 3698 numer·
1099 3642 1128 3698 ll.
