2340 3934
174 178 219 266 50
520 175 549 230 C,
567 175 668 230 PLINI
688 174 846 230 SECUNDI

175 329 256 388 venit
272 325 485 388 Erichthonius
503 325 703 406 Atheniensis,
724 332 758 385 ut
777 323 826 386 alii
839 324 966 405 Aeacus,
988 326 1046 384 ariri
1061 324 1147 384 metalla

175 423 206 477 et
223 416 359 478 ilaturam
378 415 505 477 Cadmus
523 415 657 476 Phoenix
680 413 716 474 ad
730 413 899 493 Pangaeum
921 422 1053 496 montem,
1071 421 1100 474 ut
1116 413 1147 473 dii

175 504 273 566 Thoas
301 513 352 566 aut
374 505 488 566 Aeacus
515 507 547 566 in
571 505 719 566 Panchaia
741 511 793 565 aut
816 503 867 564 Sol
890 503 999 566 Oceani
1019 503 1096 584 fihns,
1116 505 1148 562 cui

176 594 313 655 Gellius
332 595 494 655 medicinae
510 613 629 674 quoque
643 595 845 654 inventionem
859 613 895 654 ex
910 593 1034 654 metallis
1046 595 1148 672 assignat.

175 683 330 764 plumbum
344 702 380 744 ex
395 682 572 744 Cassiteride
586 683 683 744 insula
696 685 812 762 primus
831 683 996 763 adportavit
1008 682 1149 742 Midacritus

123 783 174 831 198
185 773 326 834 fabricam
353 773 481 833 lerream
507 775 686 833 invenerunt
714 771 870 854 CyclopeS,
900 773 1014 852 figlinas
1035 770 1149 832 Coroebus

175 861 378 943 Atheniensis,
403 864 434 922 in
457 864 494 922 iis
517 862 621 923 orhem
644 862 821 922 Anacharsis
845 862 983 945 Scythes,
1004 869 1037 922 ut
1056 861 1096 922 alii
1113 859 1149 938 lly-

175 950 297 1031 perhius
321 949 502 1014 Corinthius,
541 951 683 1012 fabricam
705 952 903 1012 materiariam
925 951 1076 1032 Daedalus,
1094 949 1150 1010 etin

176 1058 211 1100 ea
241 1057 367 1122 serram,
400 1043 521 1122 asciam,
550 1041 811 1123 perpendiculum,
840 1039 1003 1123 terebram,
1034 1040 1151 1120 glutinam,

176 1127 415 1211 ichthy'ocollam,
447 1148 582 1190 normam
609 1137 708 1191 autem
738 1139 768 1190 et
794 1129 923 1191 libellam
953 1139 985 1191 et
1010 1138 1112 1190 tomum
1133 1137 1152 1186 ct

177 1218 288 1278 clavem
313 1218 487 1280 Theodorus
516 1219 646 1301 Samius,
678 1237 833 1280 mensuras
861 1229 891 1281 et
917 1219 1047 1299 pondera
1069 1217 1152 1278 Phidon

177 1308 315 1390 Argivus,
339 1317 389 1369 aut
406 1307 578 1369 Palamedes
601 1317 635 1368 ut
654 1308 758 1370 maluit
776 1309 927 1390 Gellius,
949 1311 1048 1389 ignem
1067 1327 1081 1368 e
1097 1307 1152 1366 silc

177 1395 307 1477 Pyrodes
324 1395 423 1458 Cilicis
441 1397 533 1479 dhus,
552 1398 681 1458 eundem
699 1399 854 1459 adservare
873 1399 969 1460 lenda
982 1397 1152 1458 Prometheus·

124 1495 176 1544 199
185 1485 354 1547 vehiculum
377 1505 446 1547 cum
465 1495 606 1566 quattuor
628 1489 703 1548 rotis
720 1487 866 1569 Phryges,
889 1496 1067 1550 mercaturas
1082 1487 1146 1546 Pou'

177 1575 324 1636 culturam
346 1577 452 1636 vitium
475 1585 505 1637 et
527 1576 669 1638 arborum
687 1576 851 1657 Eumolpus
869 1576 1064 1659 Atheniensis,
1083 1578 1154 1664 viuuuy

177 1683 270 1743 aquae
298 1667 417 1726 misceri
446 1665 604 1746 Staphylus
633 1665 727 1727 Sileni
753 1666 844 1748 filius,
878 1666 978 1728 oleum
1005 1675 1035 1728 et
1058 1673 1154 1744 trapetay

177 1753 330 1815 Aristaeus
348 1755 551 1837 Atheniensis,
573 1756 653 1816 idem
675 1755 776 1837 mella3
798 1755 904 1816 bovem
927 1765 958 1817 et
981 1763 1101 1817 aratrum
1117 1751 1152 1810 lu·

124 1853 273 1922 uoozyges
295 1843 498 1925 Atheniensis,
526 1854 559 1906 ut
587 1845 636 1905 alii
659 1845 872 1926 Triptolemum
904 1848 1017 1925 regiam
1043 1847 1154 1914 civitaten,

178 1932 324 2014 Aegyptii,
344 1932 519 2012 popularem
537 1935 626 1995 Attici
643 1941 712 2014 post
729 1935 886 1996 Theseum.
916 1943 1058 2016 tyrarmus
1074 1934 1154 2028 prmo,

178 2022 233 2082 luit
255 2021 388 2082 Phalaris
411 2022 578 2102 Agraganti.
619 2026 773 2100 servitium
795 2027 936 2085 invenere
960 2021 1154 2112 Lacedaemonii

177 2111 321 2172 iudicium
345 2113 449 2191 capitis
472 2115 504 2172 in
526 2113 679 2193 Areopago
701 2116 831 2193 primum
857 2121 957 2174 actum
980 2122 1035 2175 est.
1153 2159 1154 2186 a

243 2199 395 2262 Pr'oelium
417 2200 481 2261 Afri
508 2209 611 2262 contra
634 2203 793 2282 Aegyptios
820 2205 910 2283 primi
933 2203 1032 2264 iecere
1054 2193 1154 2288 fustibus,

179 2307 254 2367 quos
286 2299 392 2350 vocant
421 2289 587 2370 phalangas.
643 2289 764 2371 clupeos
796 2293 977 2354 invenerunt
1004 2292 1117 2352 Proetus
1138 2297 1154 2394 ‘l

178 2377 311 2440 Acrisius
334 2381 414 2440 inter
437 2397 469 2440 se
493 2379 648 2462 balantes,
672 2383 733 2441 sive
755 2380 882 2442 Chalcus
900 2382 1079 2444 Athamantis
1097 2378 1152 2439 ulus

178 2468 300 2528 loricam
323 2467 426 2528 Midias
449 2467 627 2550 Messenius,
654 2470 779 2552 galeam,
802 2471 944 2553 gladium,
967 2472 1077 2532 hastam
1095 2468 1149 2528 Lace

124 2566 174 2615 201
188 2557 348 2639 daemonii,
385 2576 488 2618 ocreas
519 2567 549 2618 et
578 2561 682 2619 cristas
713 2558 812 2626 Cares,
867 2579 969 2622 arcum
999 2570 1029 2622 et
1057 2560 1126 2638 sagitt

180 2645 309 2727 Scythen
332 2645 408 2708 lovis
431 2647 538 2730 lilium,
562 2646 610 2708 alii
632 2651 753 2728 sagittas
775 2649 889 2711 Persen
907 2651 1011 2711 Persei
1033 2647 1150 2710 flumin

178 2739 295 2797 venisse
326 2736 442 2818 dicunt,
474 2735 591 2798 lanceas
620 2736 753 2822 Aetolos,
784 2729 915 2802 iaculum
946 2759 1015 2801 cum
1044 2743 1145 2801 ammam

179 2825 316 2886 Aetolum
334 2825 436 2886 Martis
455 2826 561 2909 hlium,
584 2826 682 2888 hastas
700 2828 839 2891 velitares
855 2829 1022 2910 Tyrrenum
1044 2837 1072 2890 et
1085 2827 1132 2908 pilu

179 2912 397 2976 Penthesileam
419 2913 596 2978 Amazonem
619 2919 761 2998 securim,
784 2916 922 2981 Pisaeum
943 2918 1081 2980 venahrda
1101 2915 1144 2974 et'

179 3004 336 3068 tormentis
367 3007 568 3087 scorpionem,
601 3005 703 3068 Cretas
733 3009 924 3091 catapultam,
957 3007 1135 3088 Syrophoenic

250 3182 266 3230 3
285 3176 394 3232 Aeacus
414 3178 471 3234 Url.
487 3195 553 3232 ann.
568 3178 637 3246 phil.
653 3181 802 3231 LXXVII
811 3185 916 3247 p.489.
944 3180 1045 3234 aseclis
1062 3183 1109 3232 DF.
1128 3189 1150 3226 et

180 3248 230 3302 elis
248 3265 272 3302 r.
350 3254 420 3304 tex
438 3249 561 3304 metallis
578 3249 651 3303 Detl.
680 3251 709 3302 et
726 3250 856 3305 metellus
874 3251 918 3304 11².
946 3267 980 3306 ex
995 3251 1084 3305 mellis
1099 3261 1145 3302 ct

179 3319 263 3374 melle
282 3337 306 3374 o.
337 3322 342 3387 Ι
371 3321 496 3391 assignat
513 3319 583 3374 Roh.
611 3319 705 3390 signat
723 3322 751 3376 ll.
834 3328 868 3377 10
886 3323 1067 3392 lythocollam
1081 3315 1150 3373 nihl

180 3391 295 3446 -ooliam
309 3391 347 3444 αἳ.
367 3392 480 3446 -caliam
494 3391 536 3445 1².
559 3391 737 3446 lithocollam
751 3387 793 3446 a?
832 3400 865 3449 12
882 3395 975 3466 argius
987 3400 1038 3448 BP.
1056 3392 1131 3462 anglus

252 3467 336 3517 1218
355 3462 479 3533 Buzyges
498 3464 575 3518 codd.
590 3463 647 3518 Get.
672 3464 776 3534 hiziges
794 3470 819 3519 d.
842 3466 958 3537 buxiges
971 3466 1011 3520 Ρ.
1034 3463 1151 3533 bitygesi

179 3533 290 3602 hytiges
309 3552 333 3586 a.
356 3535 474 3604 bytyges
492 3535 534 3588 1¹.
557 3535 659 3605 bitiges
677 3539 708 3589 R.
763 3543 798 3590 24
815 3537 939 3593 Acrisius
956 3556 979 3594 o.
998 3539 1047 3606 cti:
1060 3527 1152 3604 Apollod

181 3605 215 3653 II
228 3609 295 3670 2‚2.
322 3605 426 3660 caritas
444 3606 485 3659 1³².
514 3606 617 3660 accitus
636 3623 658 3660 r.
744 3614 927 3678 thyrrenum
944 3616 975 3665 B.
1003 3612 1008 3679 l
1036 3611 1063 3663 et
1078 3605 1127 3660 cdd.

179 3673 262 3726 verba
280 3675 343 3728 dist.
362 3677 461 3732 Ianus.
