2340 3934
161 207 204 271 30
508 201 537 256 C.
555 201 656 255 PLINI
676 197 833 254 SECUNDI

161 359 312 436 exstitere,
335 353 387 415 sed
405 353 515 413 Romae
534 369 629 411 unum
648 351 698 410 cui
715 349 882 428 comparari
905 353 1013 408 cuncta
1030 363 1090 406 non
1107 365 1159 424 pos·

161 449 229 506 sint.
274 443 394 509 humilis
421 445 452 502 in
479 439 566 521 plebe
597 448 627 500 et
654 438 721 500 ideo
749 436 886 518 ignobilis
914 453 1077 516 puerpera,
1106 455 1159 515 sup-

105 542 110 546 '
160 535 242 615 plioii
260 551 349 594 causa
370 549 489 593 carcere
508 529 623 590 inclusa
643 536 738 589 matre
760 545 829 588 oum
847 529 1039 606 impetrasset
1057 525 1160 601 aditum

161 643 177 684 a
200 625 325 684 ianitore
349 639 468 700 semper
486 621 661 698 exquirente
685 615 814 696 nequid
836 614 1052 695 inferretcibi,
1075 613 1161 694 depre-

161 713 253 773 hensa
277 719 323 772 est
344 709 488 772 uberibus
511 711 574 769 suis
598 707 683 778 alens
704 725 776 768 eam.
824 724 883 786 qno
907 705 1054 766 miraculo
1076 707 1162 763 matrs

162 801 241 862 salus
264 802 371 862 donata
392 801 496 879 pietati
519 806 578 879 est,
601 796 764 876 ambaeque
786 797 940 875 perpetuis
965 794 1154 872 alimentis,e

161 891 245 952 locus
267 889 316 950 ille
340 888 438 950 eidem
465 893 657 948 consecratus
681 885 766 967 deae,
796 881 827 945 C.
852 883 993 954 Quinctio
1017 883 1066 944 Μ’.
1089 883 1162 941 Acilio

162 998 221 1040 cos.
244 977 355 1058 templo
378 976 501 1038 Pietatis
525 982 677 1036 exstructo
701 977 733 1036 in
755 973 835 1035 illius
858 975 988 1034 carceris
1013 973 1099 1052 sede,
1125 971 1162 1031 ubl

110 1084 159 1133 122
171 1085 251 1128 nunc
273 1066 404 1128 Marcelli
427 1067 577 1126 theatrum
603 1073 656 1125 est.
699 1063 901 1124 Gracchorum
923 1070 1010 1142 pater
1035 1061 1159 1140 angrubu.

161 1157 317 1237 prehensis
346 1159 378 1216 in
406 1155 506 1236 domo,
539 1171 607 1215 cum
637 1153 873 1233 responderetur
899 1154 999 1232 ipsum
1031 1153 1126 1212 vietur
1149 1174 1160 1203 ιι

162 1247 284 1308 alterius
312 1264 401 1307 sexus
424 1247 620 1324 interempto:
665 1245 768 1302 immo
796 1259 893 1322 vero,
923 1243 1039 1322 inquit,
1071 1259 1162 1300 meua

163 1344 301 1417 necate,
334 1333 501 1396 Cornelia
528 1335 623 1393 enim
650 1333 790 1393 iuvenis
819 1338 874 1392 est
901 1338 935 1390 et
962 1348 1096 1410 parere
1122 1327 1153 1388 ad

162 1425 230 1486 huc
253 1432 382 1504 potest.
413 1422 471 1482 hoc
495 1429 559 1483 erat
580 1423 668 1482 uxori
686 1439 810 1500 parcere
834 1428 864 1480 et
886 1422 932 1480 rei
948 1418 1090 1500 publicae
1113 1439 1157 1479 eon

163 1513 270 1574 sulere.
302 1512 391 1592 idque
415 1531 484 1572 mox
508 1520 702 1572 consecutum
726 1519 780 1572 est.
812 1509 849 1570 M.
868 1508 998 1589 Lepidus
1020 1507 1154 1590 Appuleia

162 1605 264 1664 uxoris
292 1603 414 1662 caritate
441 1607 511 1680 post
538 1602 697 1680 repudium
724 1599 805 1660 obiit.
854 1598 887 1660 P.
914 1598 1051 1658 Rutilius
1080 1597 1163 1658 morbi

162 1692 219 1753 leri
241 1691 401 1770 impeditus
429 1692 564 1750 nuntiata
587 1691 687 1750 fratris
711 1688 831 1768 repulsa
854 1691 885 1748 in
909 1687 1087 1748 consulatus
1109 1689 1159 1766 peti

162 1785 243 1842 tione
267 1781 334 1842 ilico
358 1781 525 1858 exspiravit.
557 1777 590 1840 P.
609 1777 750 1839 Catienus
767 1777 902 1838 Plotinus
921 1782 1089 1856 patronum
1110 1775 1163 1835 ad«

162 1869 265 1931 dilexit
291 1878 326 1930 ut
347 1869 435 1929 heres
464 1867 601 1928 onmibus
624 1867 710 1928 bonis
738 1869 893 1928 institutus
920 1868 951 1926 in
979 1883 1093 1946 rogum
1118 1883 1163 1925 ιιι,

163 1979 195 2020 se
218 1962 338 2020 iaceret.
650 2029 654 2037 1
965 2000 969 2006 .

110 2063 161 2112 123
230 2043 288 2110 37.
308 2041 382 2130 (37)
414 2045 569 2107 Variarum
590 2048 699 2106 artium
722 2048 846 2106 scientia
863 2043 1102 2106 innumerabiles
1122 2045 1160 2102 eui

163 2146 262 2218 tuere,
277 2155 352 2216 quos
366 2145 466 2198 tamen
480 2137 584 2214 attingi
597 2155 652 2214 par
661 2137 705 2216 ,sit
718 2134 824 2195 llorem
836 2135 991 2194 hominum
1004 2131 1160 2194 libantibus

163 2225 320 2304 astrologia
338 2225 469 2286 Berosus
488 2227 537 2286 cui
555 2223 593 2284 ob
613 2225 726 2286 divinas
744 2223 962 2305 praedictiones
981 2221 1163 2284 Atheniense

163 2313 279 2393 publice
298 2317 329 2374 in
344 2317 495 2394 gymnasio
514 2321 642 2374 statuam
659 2316 794 2375 inaurata
807 2313 907 2393 lingua
923 2319 1070 2394 statuere,
1089 2329 1160 2390 gram

163 2405 269 2464 matica
299 2403 496 2483 Apollodorus
525 2406 574 2464 cui
603 2403 833 2484 Amphictyones
863 2401 1003 2463 Graeciae
1035 2401 1158 2462 honoret

162 2491 302 2575 habuere,
325 2492 520 2573 Hippocrates
543 2492 698 2575 medicina,
726 2493 990 2554 cumvenientem
1012 2490 1053 2550 ab
1077 2489 1158 2569 Illyrii

161 2583 361 2664 pestilentiam
388 2583 534 2662 praedixit
561 2582 781 2662 discipulosque
811 2581 846 2641 ed
870 2579 1077 2641 auxiliandum
1105 2581 1157 2640 e'm

162 2672 253 2734 urbes
277 2671 397 2754 dimisit,
420 2671 499 2752 quod
523 2671 560 2731 ob
584 2674 725 2740 meritum
747 2671 876 2731 honores
898 2669 941 2731 illi
964 2687 1044 2749 quos
1061 2667 1154 2730 Hercu

162 2761 294 2822 decrevit
324 2761 454 2840 Graecia.
501 2760 624 2822 eandem
654 2762 809 2821 seientiam
838 2762 869 2820 in
900 2757 1095 2820 Cleombroto
1121 2757 1148 2816 C.

35 2926 39 2934 Ι
145 2851 350 2911 'Ptolemaeus
368 2869 422 2911 rex
435 2849 652 2930 Megalensibus
672 2851 764 2910 sacris
783 2849 902 2909 donavit
919 2855 1045 2908 eentum
1064 2848 1157 2908 talenti

111 2947 288 3000 124servato
311 2939 457 3000 Antiocho
480 2959 559 3020 rege.
579 2953 581 2957 ·
603 2957 708 3018 magna
731 2945 761 2999 et
784 2936 937 2999 Critobulo
960 2938 1039 2996 lama
1064 2945 1109 2997 est
1131 2955 1159 2992 ιι

234 3135 251 3181 4
270 3129 425 3198 exquirenti
443 3128 487 3182 12².
511 3131 624 3182 currente
644 3147 668 3182 a.
692 3131 841 3182 excurrant
852 3127 945 3180 DR1d.
969 3142 1090 3181 excussa
1102 3125 1155 3178 ΕΓ

162 3216 218 3255 ras.
232 3217 257 3254 e.
282 3201 332 3268 cfr.
346 3216 407 3256 coe.
422 3201 473 3255 lue.
484 3215 516 3268 p.
524 3204 561 3254 60
574 3217 602 3254 ιι.
610 3204 660 3256 22.
734 3207 749 3254 6
769 3199 873 3272 donata
890 3197 965 3253 filiae
984 3214 1001 3253 o
1022 3199 1144 3269 (formasa
1161 3232 1163 3239 ‹

163 3270 255 3327 Setini
271 3276 374 3339 1,125,
392 3287 458 3326 eum
476 3271 503 3324 ll.
522 3283 573 3326 om.
591 3271 685 3340 filiae).
746 3276 832 3325 11.1n
850 3285 1017 3325 meoneoare
1035 3273 1113 3323 m.
1138 3287 1152 3322 ιι

162 3359 208 3398 me
226 3341 348 3398 necate?
425 3348 458 3396 13
476 3341 583 3397 hoc-
603 3347 637 3396 19
657 3358 686 3396 se
704 3341 811 3398 ieoeret
827 3341 904 3396 1²2².
932 3342 988 3396 hoc
1007 3373 1043 3381 —
1063 3347 1096 3394 14
1114 3357 1157 3394 con

163 3416 291 3470 secutum
308 3415 352 3468 est
368 3413 412 3468 12².
440 3429 490 3467 om.
509 3429 532 3466 r.
563 3416 567 3482 l
602 3416 753 3468 consecute
771 3413 847 3467 1²⁸².
939 3419 972 3467 17
993 3412 1117 3482 plotinus
1133 3417 1159 3462 r·

162 3485 286 3540 filotinns
300 3485 337 3539 α’.
361 3486 411 3552 cfr.
422 3485 494 3539 Dect.
508 3500 576 3539 mue.
586 3483 673 3541 Rhea.
687 3489 715 3538 X
720 3488 793 3538 VIII
797 3502 828 3554 p.
838 3489 896 3541 236
911 3488 936 3538 et
950 3483 1009 3539 Uri.
1023 3484 1060 3538 ib.
1069 3501 1100 3554 p.
1110 3489 1157 3537 ὅθι

235 3562 269 3610 22
292 3555 399 3625 estriga
415 3555 481 3608 1¹11.
516 3558 520 3626 l
554 3556 590 3611 ob
609 3555 645 3611 (1².
675 3557 711 3612 ob
728 3557 759 3610 id
776 3574 799 3611 r.
881 3561 914 3610 23
938 3555 1122 3625 grammatica

163 3631 198 3708 tp
212 3627 338 3708 ,habuere
357 3625 394 3681 εἳ.
422 3627 607 3698 grammatica,
625 3627 804 3698 apollodorus
822 3626 866 3681 3⁹.
895 3643 946 3683 orn.
964 3643 989 3682 r.
1067 3632 1099 3680 25
1118 3641 1155 3678 mr

163 3695 268 3764 dromo,
286 3715 352 3752 nem
370 3698 443 3754 Detl.
473 3699 576 3754 -cinam
594 3699 631 3754 αἱ.
660 3698 736 3754 cina
753 3716 797 3754 re.
870 3704 904 3753 30
923 3697 1056 3769 eyrobolo
1073 3702 1102 3750 B.
