2308 3936
115 214 175 280 118
455 225 487 274 c.
508 225 605 273 cmm
626 223 776 274 sueonos

113 385 224 446 coloris
242 400 342 444 omnes
362 380 490 442 ostendit
513 382 628 460 pisces,
650 379 722 439 nihil
745 385 830 439 extra
850 377 929 438 illam
949 395 1051 457 aquam
1070 377 1117 439 dii·

71 477 121 530 232
136 470 276 530 ferentes.
314 466 347 526 lu
367 463 504 526 Comensi
525 467 604 524 iuxta
620 461 732 524 barium
755 463 849 524 lacum
865 465 933 522 lons
950 462 1051 540 largus
1070 461 1116 522 ho-

114 556 155 614 ris
172 551 293 630 singulis
310 569 427 630 semper
441 549 605 609 intumescit
625 565 659 608 ac
676 547 787 608 residit.
824 547 854 606 in
869 543 1010 623 Cydonea
1030 546 1117 606 insuia

115 647 182 699 ante
197 635 323 697 Lesbum
348 636 414 696 lons
431 633 540 698 calidus
557 649 629 692 vere
646 639 753 692 tantum
775 630 845 690 iluit.
884 630 977 692 Lacus
992 631 1116 691 Sannaus

114 722 225 783 inhsia
241 723 319 780 cirea
334 727 473 780 nascente
487 716 632 778 absinthio
644 716 777 776 inlicitur.
803 713 978 796 Colophone
989 717 1021 776 in
1033 715 1135 795 Apol-s

114 807 181 866 linis
199 803 277 864 Glari
300 822 390 883 specu
411 804 511 863 lacuna
531 809 577 862 est
593 801 675 862 cuius
694 809 765 880 potu
786 801 857 862 mira
879 799 1041 862 redduntur
1063 817 1119 860 ora-

115 891 196 966 cula,
215 889 376 950 bibentium
390 887 528 948 breviore
545 887 614 948 vita.
639 885 748 946 Amnes
764 893 846 946 retro
864 885 955 947 liuere
973 893 1004 946 et
1023 893 1119 946 nostra

115 974 186 1035 vidit
202 981 283 1034 aetas
298 971 425 1032 Neronis
448 973 588 1051 principis
612 972 773 1050 supremis,
795 971 870 1031 sicut
892 971 922 1030 in
943 969 1035 1032 rebus
1062 972 1118 1031 eius

72 1066 125 1119 233
140 1057 300 1120 retulimus.
324 1057 382 1118 lam
393 1074 494 1118 omnes
509 1056 608 1118 fontes
624 1063 738 1117 aestate
751 1073 834 1134 quam
848 1053 945 1116 hieme
960 1054 1120 1134 gelidiores

116 1161 183 1204 esse
204 1161 290 1222 quem
310 1139 406 1204 ialliti
444 1143 517 1202 sicut
537 1139 587 1201 illa
608 1141 734 1220 permira
754 1147 875 1202 naturae
894 1157 1003 1219 opera,
1027 1157 1078 1200 aes
1095 1147 1146 1198 eto

115 1227 261 1307 plumbum
273 1229 302 1287 in
315 1244 409 1288 massa
424 1227 528 1304 mergi,
547 1225 695 1286 dilatatum
709 1224 834 1302 fluitare,
849 1225 1041 1304 eiusdemque
1055 1242 1120 1304 pon-

116 1311 195 1372 deris
210 1311 266 1372 alia
287 1310 386 1372 sidere
407 1311 463 1372 elia
477 1308 595 1388 invehi,
618 1327 708 1370 ouera
729 1311 759 1370 iu
780 1327 854 1388 aqua
871 1309 987 1370 facilius
1001 1310 1121 1385 moveri,

71 1463 76 1471 ,
116 1395 230 1473 Syrium
244 1396 369 1474 lapidem
390 1396 518 1474 quamvis
538 1395 676 1473 grandem
692 1395 840 1471 innatare,
858 1393 1044 1473 eundemque
1060 1411 1121 1454 con·

116 1481 253 1540 minutum
274 1481 377 1557 mergi.
413 1482 544 1540 recentia
565 1479 706 1541 cadavera
728 1478 764 1540 ad
780 1478 881 1540 vadum
899 1474 978 1557 labi,
1003 1479 1122 1538 intume-

117 1565 228 1626 scentia
242 1563 352 1642 attolli‚
371 1565 465 1625 inania
478 1582 548 1624 vasa
565 1563 633 1624 haut
650 1563 765 1625 facilius
787 1583 871 1644 quam
890 1563 979 1643 plena
1000 1562 1121 1638 extrahi,
1131 1587 1149 1629 u

20 1652 23 1658 ’
116 1649 228 1728 pluvias
245 1648 344 1710 salinis
362 1667 450 1729 aquas
475 1649 609 1711 utiliores
632 1668 700 1710 esse
718 1667 802 1728 quam
820 1648 969 1728 reliquas,
987 1668 1045 1711 nec
1063 1649 1121 1709 lieri

74 1741 125 1792 234
140 1733 231 1795 salem
241 1734 297 1794 uisi
310 1732 442 1794 admixtis
456 1733 598 1812 dulcibus,
610 1735 733 1794 marinas
750 1733 858 1795 tardius
869 1733 985 1812 gelare,
998 1734 1122 1796 celerius

117 1818 251 1896 accendi,
269 1818 365 1880 hieme
379 1836 458 1880 mare
476 1818 595 1880 calidius
612 1837 697 1896 esse,
718 1818 881 1880 autumnale
896 1818 1024 1898 salsius,
1045 1837 1123 1880 omne

119 1903 187 1964 oleo
203 1903 400 1982 tranquillari,
421 1912 451 1964 et
467 1903 505 1964 ob
522 1903 551 1963 id
571 1903 720 1964 urinantes
744 1921 797 1964 ore
813 1921 975 1984 spargere,
993 1905 1124 1984 quoniam

115 1988 230 2065 mitiget
250 1996 378 2048 naturam
400 2005 533 2066 asperam
554 1987 706 2068 lucemque
725 1987 880 2066 deportet,
903 1989 988 2048 nives
1017 1989 1049 2048 in
1071 1989 1151 2048 altoco

116 2073 186 2130 mari
202 2089 261 2131 non
277 2073 400 2149 cadere,
416 2089 479 2130 cum
502 2073 594 2132 omnis
613 2090 687 2152 aqua
703 2072 841 2134 deorsum
856 2072 987 2149 feratur,
1006 2073 1124 2134 exsilire

1 2219 2 2226 χ
117 2157 234 2233 fontes,
252 2163 339 2234 atque
358 2157 444 2216 etiam
462 2157 492 2214 in
507 2155 623 2218 Aetnae
639 2157 785 2218 radicibus
807 2156 956 2236 flagrantis
972 2158 1003 2218 iu
1022 2165 1126 2218 tantum

1 2287 2 2324 3
93 2248 148 2299 ut
164 2242 383 2320 quinquagena,
409 2247 532 2301 centena
555 2241 633 2302 milia
650 2259 786 2320 passuum
806 2241 930 2303 harenas
953 2239 1125 2302 flammarum

116 2323 208 2402 globo
226 2333 350 2387 eructet.

73 2416 123 2469 235
183 2406 287 2490 (lot.)
304 2410 421 2489 lamque
439 2419 470 2470 et
484 2412 611 2489 ignium,
628 2411 705 2489 quod
722 2420 767 2472 est
782 2418 902 2473 naturae
919 2420 1055 2491 quartum
1072 2412 1143 2473 ele-a

115 2502 258 2571 mentum,
274 2494 426 2555 reddamus
441 2495 536 2574 aliqua
550 2495 703 2573 miracula,
720 2497 773 2558 sed
787 2498 909 2576 primum
924 2515 963 2556 ex
978 2499 1074 2576 aquis.

181 2575 249 2640 104.
267 2576 372 2659 (108.)
392 2578 426 2640 ln
445 2581 519 2640 urbe
535 2578 745 2658 Commagenes
762 2581 911 2642 Samosata
927 2589 1064 2660 stagnum
1086 2591 1127 2642 est

117 2665 252 2725 emittens
267 2663 363 2724 limum
380 2663 527 2744 (maltham
548 2666 670 2745 vocant)
688 2665 864 2744 flagrantem.
898 2683 962 2726 cum
978 2665 1051 2745 quid
1069 2668 1126 2727 atti-

115 2751 159 2828 git
175 2748 278 2827 solidi,
295 2747 451 2827 adhaeret,
473 2759 628 2828 praeterea
648 2757 742 2828 tactu,
767 2759 798 2812 et
819 2751 951 2830 sequitur
967 2751 1126 2828 fugientes.

118 2835 160 2893 sic
177 2833 337 2894 defendere
355 2851 454 2894 muros
473 2842 660 2913 oppugnante
675 2832 808 2913 Lucullo,
824 2834 1027 2915 flagrabatque
1047 2835 1141 2896 miles

117 2919 202 2978 armis
218 2919 289 2978 suis.
313 2920 395 2997 aquis
413 2919 500 2979 etiam
515 2919 692 2997 accenditur,
707 2928 786 2980 terra
798 2927 906 2981 tautum
921 2920 1070 2998 restingui
1083 2920 1128 2981 do·

116 3019 205 3062 ouere
224 3004 432 3081 experimenta.

181 3083 251 3148 105.
273 3084 377 3168 (109.)
395 3087 503 3149 Similis
520 3095 567 3149 est
587 3095 687 3148 natura
709 3088 863 3170 naphthae.
900 3091 940 3150 ita
963 3089 1129 3169 appellatur

117 3172 193 3231 eirca
205 3170 384 3248 Babylonem
398 3181 427 3233 et
443 3176 472 3233 in
490 3170 646 3234 Astacenis
664 3172 801 3236 Parthiae
818 3171 968 3255 proiiuens
980 3173 1129 3234 bituminis

116 3254 217 3333 liquidi
238 3255 334 3316 modo.
358 3256 424 3318 huic
439 3275 541 3335 magna
558 3259 694 3336 cognatio
712 3259 839 3338 ignium,
858 3257 1087 3338 transiliuntque
1103 3260 1128 3316 in

117 3359 181 3402 eam
200 3341 334 3420 protinus
351 3341 551 3420 undecumque
574 3343 675 3424 visam.
711 3345 753 3405 ita
774 3345 868 3406 fertur
889 3341 1020 3404 aliledia
1041 3341 1130 3422 paeli-

117 3443 180 3486 cem
205 3433 377 3502 crematam,
398 3435 552 3506 postquam
578 3429 774 3490 sacrificatura
799 3429 834 3490 ad
859 3445 923 3490 aras
951 3435 1130 3502 accesserat,

117 3527 226 3571 corona
241 3512 311 3588 igne
327 3518 422 3590 rapto.
