2308 3936
98 291 101 300 ,
151 236 226 286 nun.
242 240 327 290 nusr
345 243 370 289 1.
392 235 551 303 (xxxvii.)
567 245 602 291 11.
627 239 709 294 1-2,
733 234 840 312 (1-2.)
957 231 1000 297 65

17 383 64 462 dro,
80 386 191 468 Satyro,
209 391 427 472 Theophrasto,
444 396 580 474 Charete,
603 397 783 478 Philemone,
799 399 996 479 Demostrato,

19 468 181 550 Zenothemi,
195 475 388 556 Metrodoro,
404 481 528 558 Sotaoo,
545 481 673 560 Pytheu,
692 482 809 544 Timaeo
823 483 932 560 Siculo,
949 482 996 544 Ni·

18 553 266 638 nutteueturesuu,
279 561 424 639 Asaruha,
436 562 564 641 Mnasea,
576 564 755 646 Thonmene,
766 565 874 642 caestu,
887 567 996 629 hlithri·

18 637 995 729 dute,Sophnale,hrohelaorege,Callistrato,Demoorito,Ismenia,

2 718 152 868 uggffiffio'
169 726 342 790 Alexandro
361 731 560 810 polyhistore,
580 732 715 815 hpione,
731 732 808 813 Oro,
825 733 995 813 Zoroastre,

390 990 593 1003 Ἣ

249 1129 284 1213 o.
319 1135 467 1218 ruuur
500 1087 728 1220 sunuuu'u

3 1261 10 1300 ⁰
94 1267 474 1366 tntttntlt
517 1273 883 1368 tttttttttltt

347 1419 546 1486 nunna
591 1421 639 1486 Π.

3 1685 9 1722 u
55 1658 117 1740 Gap.
137 1662 167 1720 1.
188 1661 285 1740 (Seot.
305 1663 350 1742 1.)
378 1660 512 1724 lllnndnm
538 1671 567 1722 et
583 1661 641 1724 hoo
657 1661 860 1742 quodcumque
877 1663 1020 1723 nominel

15 1743 53 1803 aiio
65 1745 177 1806 oaelnm
190 1745 342 1824 appellare
354 1745 446 1823 libuit,
465 1747 546 1807 onius
559 1745 745 1808 oiroumllexn
758 1746 865 1825 degunt
878 1755 992 1823 anneta,

14 1845 90 1888 uunen
97 1848 168 1890 esse
182 1829 263 1890 oreti
275 1847 328 1910 par
339 1839 394 1908 est,
407 1839 565 1908 aeternum,
578 1831 747 1906 inmensum,
758 1849 853 1910 neque
866 1831 994 1908 genitum

15 1929 83 1992 neque
105 1915 289 1975 interiturum
313 1933 455 1995 nmquam.
486 1915 576 1976 Huius
599 1924 700 1978 extera
723 1915 862 1994 indagare
880 1933 936 1976 neo
953 1916 992 1974 in·

14 2003 80 2057 teresi
90 1997 250 2075 hominurn,
266 2017 322 2060 neo
339 2001 416 2079 capit
428 1999 568 2062 humanae
582 2001 749 2062 eonieutura
764 2001 877 2060 mentis.
902 2003 1023 2063 Saoerl

3 2089 52 2155 uest,
65 2092 211 2160 aeternus,
230 2083 388 2161 inmensus,
404 2093 481 2145 totns
497 2086 526 2145 in
540 2093 613 2161 toto,
631 2086 715 2144 immo
731 2101 803 2146 vern
817 2087 879 2165 ipse
892 2093 993 2159 totum,

16 2165 113 2227 iuinitus
128 2185 165 2228 ao
182 2167 261 2228 linito
277 2167 394 2245 similis,
418 2171 542 2230 omnium
566 2187 663 2230 rernm
679 2177 776 2230 certus
793 2176 821 2230 et
837 2169 937 2230 similis
953 2169 993 2227 in-

17 2258 92 2327 uertu,
116 2261 202 2313 extra
223 2252 296 2314 intra
318 2262 422 2318 cuneta
446 2253 608 2336 conplexus
624 2255 653 2314 in
677 2272 725 2330 se,
748 2253 882 2334 idemque
897 2271 993 2314 rernm

15 2341 110 2395 urturue
127 2353 203 2415 opus
219 2345 249 2396 et
265 2355 362 2398 rernm
378 2337 442 2418 ipsa
459 2350 568 2400 natura.
591 2337 683 2399 Furor
699 2346 744 2398 est
755 2355 917 2399 mensuram
930 2339 1022 2397 einsd

15 2419 87 2478 auhuo
106 2420 248 2499 quosdam
271 2423 399 2499 agitasse
423 2431 509 2502 atque
525 2423 653 2503 prodere
677 2439 780 2497 anuos,
807 2421 879 2482 alios
895 2439 995 2482 rursus

3 2505 152 2565 turuasinne
174 2503 243 2566 hine
260 2515 372 2586 sumpta
395 2517 443 2568 aut
466 2507 510 2568 his
527 2507 593 2568 data
609 2505 832 2567 innumerabiles
840 2506 994 2566 tradidisse

16 2588 131 2666 hundos,
155 2599 187 2650 ut
207 2591 328 2652 totidem
348 2609 444 2652 rerum
462 2600 578 2652 naturas
594 2589 675 2652 aredi
691 2597 859 2670 oporteret,
882 2599 947 2664 ant,
971 2589 995 2648 si

18 2689 57 2732 uua
70 2690 165 2735 omnes
181 2674 363 2753 incubarent,
380 2677 501 2738 totidem
515 2685 610 2738 tamen
626 2675 706 2736 soles
722 2675 900 2754 totidemque
913 2673 995 2733 lunas

18 2765 38 2814 at
55 2767 144 2820 cetera
167 2757 306 2821 etiamid
328 2777 384 2820 uno
410 2769 439 2822 et
454 2761 583 2822 inmensa
608 2768 637 2820 et
654 2757 871 2820 innumerabilia
886 2757 994 2832 sidera,

20 2843 81 2916 quusi
99 2859 155 2904 nnn
177 2845 281 2905 eadem
303 2845 475 2926 quaestione
492 2863 609 2926 semper
625 2845 654 2904 in
671 2845 793 2904 termino
810 2843 994 2922 cogitationis

2 2937 153 2990 uoouursnra
171 2927 321 2990 desiderio
340 2929 401 2990 linis
420 2929 541 2992 alieuius
556 2938 620 3006 aut,
648 2929 673 2989 si
687 2927 761 2990 haee
777 2927 900 2989 infinitas
916 2935 1011 2988 natu-v

20 3025 58 3067 rue
72 3013 187 3076 omniurn
202 3013 306 3074 artilioi
322 3015 415 3094 possit
432 3014 594 3093 adsignari,
621 3029 679 3074 non
702 3011 778 3074 idem
800 3011 871 3073 illud
893 3013 921 3072 in
938 3028 995 3074 uno

21 3090 111 3156 iaoilins
125 3098 160 3157 sit
175 3097 327 3178 intellegi,
345 3106 423 3160 tanto
439 3101 611 3178 praesertim
627 3114 729 3178 opere.
752 3097 834 3158 furor
849 3105 910 3174 est,
928 3097 1025 3178 pro-4

20 3173 81 3238 iectu
95 3182 188 3260 inror,
215 3183 319 3261 egredi
335 3202 373 3244 ex
389 3201 425 3244 eo
444 3192 488 3260 et,
515 3193 658 3264 tamqnam
677 3183 787 3246 interna
812 3183 877 3243 eius
893 3190 996 3243 onnota

21 3260 88 3336 plane
101 3267 152 3328 ianr
170 3277 239 3328 nota
255 3269 375 3346 sintita
388 3269 510 3330 serutari
524 3277 635 3344 extera,
655 3267 820 3348 quasivero
833 3285 995 3328 mensnram

3 3343 88 3408 nulius
101 3354 140 3411 rei
163 3353 258 3432 possit
275 3370 365 3432 agere
390 3354 438 3434 qui
461 3353 504 3414 sui
522 3353 632 3414 nesciat
650 3361 697 3415 ant
714 3352 847 3435 (minori)
865 3353 996 3412 homines
1019 3393 1025 3402 .

24 3429 101 3494 videre
116 3453 187 3514 qnae
202 3437 324 3498 mundus
340 3439 403 3518 ipse
421 3455 479 3498 non
497 3439 600 3518 oapiat.

71 3515 93 3575 l.
110 3519 168 3603 (2.)
185 3521 317 3584 Formam
345 3523 406 3584 eius
422 3523 450 3583 in
466 3523 597 3604 speciem
614 3522 693 3584 orbis
709 3522 833 3584 absoluti
849 3520 1025 3600 globatam5

28 3615 75 3660 esse
92 3607 241 3667 nomenin
262 3607 364 3688 primis
386 3615 415 3669 et
437 3625 598 3674 consensus
619 3609 647 3672 in
666 3624 701 3670 en
718 3607 878 3668 mortalium
895 3605 997 3666 orbem

88 3709 148 3750 ruunt
163 3713 223 3753 nnn.
238 3711 308 3757 nisu.
334 3697 353 3752 1.
786 3691 804 3750 5
