<?xml version="1.0" encoding="UTF-8"?>
<!DOCTYPE html PUBLIC "-//W3C//DTD XHTML 1.0 Transitional//EN"
    "http://www.w3.org/TR/xhtml1/DTD/xhtml1-transitional.dtd">
<html xmlns="http://www.w3.org/1999/xhtml" xml:lang="en" lang="en">
 <head>
  <title>
</title>
<meta http-equiv="Content-Type" content="text/html;charset=utf-8" />
  <meta name='ocr-system' content='tesseract 3.04.00' />
  <meta name='ocr-capabilities' content='ocr_page ocr_carea ocr_par ocr_line ocrx_word'/>
</head>
<body>
  <div class='ocr_page' id='page_1' title='image "./naturalishistor02plingoog_0759.png"; bbox 0 0 2392 3946; ppageno 0'>
   <div class='ocr_carea' id='block_1_1' title="bbox 250 191 1038 266">
    <p class='ocr_par' dir='ltr' id='par_1_1' title="bbox 250 191 1038 266">
     <span class='ocr_line' id='line_1_1' title="bbox 250 191 1038 266; baseline 0.022 -20"><span class='ocrx_word' id='word_1_1' title='bbox 250 191 334 248; x_wconf 73' lang='lat' dir='ltr'>uer.</span> <span class='ocrx_word' id='word_1_2' title='bbox 356 191 448 248; x_wconf 84' lang='lat' dir='ltr'>nrsr.</span> <span class='ocrx_word' id='word_1_3' title='bbox 468 191 533 247; x_wconf 83' lang='lat' dir='ltr'>xrv</span> <span class='ocrx_word' id='word_1_4' title='bbox 552 197 658 249; x_wconf 79' lang='lat' dir='ltr'>er-ee</span> <span class='ocrx_word' id='word_1_5' title='bbox 678 196 804 266; x_wconf 77' lang='lat' dir='ltr'>(er-ee)</span> <span class='ocrx_word' id='word_1_6' title='bbox 971 195 1038 262; x_wconf 82' lang='lat'>383</span> 
     </span>
    </p>
   </div>
   <div class='ocr_carea' id='block_1_2' title="bbox 11 341 1091 2756">
    <p class='ocr_par' dir='ltr' id='par_1_2' title="bbox 11 341 1091 2756">
     <span class='ocr_line' id='line_1_2' title="bbox 32 341 1037 427; baseline 0.007 -25"><span class='ocrx_word' id='word_1_7' title='bbox 32 343 195 421; x_wconf 79' lang='lat' dir='ltr'>peregrinae</span> <span class='ocrx_word' id='word_1_8' title='bbox 218 343 446 404; x_wconf 80' lang='lat' dir='ltr'>exercitationes</span> <span class='ocrx_word' id='word_1_9' title='bbox 475 351 505 405; x_wconf 93' lang='lat' dir='ltr'>et</span> <span class='ocrx_word' id='word_1_10' title='bbox 527 341 669 405; x_wconf 77' lang='lat' dir='ltr'>volutatio</span> <span class='ocrx_word' id='word_1_11' title='bbox 697 346 728 404; x_wconf 93' lang='lat' dir='ltr'>in</span> <span class='ocrx_word' id='word_1_12' title='bbox 756 362 847 406; x_wconf 91' lang='lat' dir='ltr'>caeno</span> <span class='ocrx_word' id='word_1_13' title='bbox 876 363 910 408; x_wconf 93' lang='lat' dir='ltr'>ac</span> <span class='ocrx_word' id='word_1_14' title='bbox 937 357 1037 427; x_wconf 74' lang='lat' dir='ltr'>pecto</span> 
     </span>
     <span class='ocr_line' id='line_1_3' title="bbox 35 431 1037 517; baseline 0.007 -26"><span class='ocrx_word' id='word_1_15' title='bbox 35 449 92 491; x_wconf 92' lang='lat' dir='ltr'>rosa</span> <span class='ocrx_word' id='word_1_16' title='bbox 114 433 235 492; x_wconf 87' lang='lat' dir='ltr'>cervicis</span> <span class='ocrx_word' id='word_1_17' title='bbox 258 431 405 512; x_wconf 89' lang='lat' dir='ltr'>repandae</span> <span class='ocrx_word' id='word_1_18' title='bbox 429 435 614 494; x_wconf 85' lang='lat' dir='ltr'>ostentatio·</span> <span class='ocrx_word' id='word_1_19' title='bbox 643 449 699 513; x_wconf 90' lang='lat' dir='ltr'>per</span> <span class='ocrx_word' id='word_1_20' title='bbox 726 436 825 496; x_wconf 90' lang='lat' dir='ltr'>omnia</span> <span class='ocrx_word' id='word_1_21' title='bbox 852 435 925 497; x_wconf 90' lang='lat' dir='ltr'>haec</span> <span class='ocrx_word' id='word_1_22' title='bbox 952 455 1037 517; x_wconf 90' lang='lat' dir='ltr'>prae·</span> 
     </span>
     <span class='ocr_line' id='line_1_4' title="bbox 34 521 1038 608; baseline 0.007 -28"><span class='ocrx_word' id='word_1_23' title='bbox 34 521 138 582; x_wconf 89' lang='lat' dir='ltr'>dicatur</span> <span class='ocrx_word' id='word_1_24' title='bbox 157 523 221 582; x_wconf 86' lang='lat' dir='ltr'>sitis</span> <span class='ocrx_word' id='word_1_25' title='bbox 244 523 355 601; x_wconf 90' lang='lat' dir='ltr'>quaeri.</span> <span class='ocrx_word' id='word_1_26' title='bbox 392 524 451 582; x_wconf 91' lang='lat' dir='ltr'>iam</span> <span class='ocrx_word' id='word_1_27' title='bbox 474 539 545 583; x_wconf 85' lang='lat' dir='ltr'>vero</span> <span class='ocrx_word' id='word_1_28' title='bbox 569 539 645 602; x_wconf 88' lang='lat' dir='ltr'>quae</span> <span class='ocrx_word' id='word_1_29' title='bbox 668 521 847 585; x_wconf 87' lang='lat' dir='ltr'>inhibendo</span> <span class='ocrx_word' id='word_1_30' title='bbox 867 529 1038 608; x_wconf 86' lang='lat' dir='ltr'>certamina,</span> 
     </span>
     <span class='ocr_line' id='line_1_5' title="bbox 33 609 1039 694; baseline 0.005 -23"><span class='ocrx_word' id='word_1_31' title='bbox 33 627 99 688; x_wconf 88' lang='lat' dir='ltr'>qnae</span> <span class='ocrx_word' id='word_1_32' title='bbox 116 627 182 671; x_wconf 87' lang='lat' dir='ltr'>vasa</span> <span class='ocrx_word' id='word_1_33' title='bbox 200 609 353 672; x_wconf 88' lang='lat' dir='ltr'>adulteriis</span> <span class='ocrx_word' id='word_1_34' title='bbox 373 609 492 694; x_wconf 87' lang='lat' dir='ltr'>caelata,</span> <span class='ocrx_word' id='word_1_35' title='bbox 515 619 665 691; x_wconf 71' lang='lat' dir='ltr'>umquam</span> <span class='ocrx_word' id='word_1_36' title='bbox 683 630 738 692; x_wconf 92' lang='lat' dir='ltr'>per</span> <span class='ocrx_word' id='word_1_37' title='bbox 757 631 790 674; x_wconf 88' lang='lat' dir='ltr'>se</span> <span class='ocrx_word' id='word_1_38' title='bbox 808 631 915 693; x_wconf 80' lang='lat' dir='ltr'>parunt</span> <span class='ocrx_word' id='word_1_39' title='bbox 933 615 1039 678; x_wconf 89' lang='lat' dir='ltr'>doceat</span> 
     </span>
     <span class='ocr_line' id='line_1_6' title="bbox 13 699 1076 784; baseline 0.006 -26"><span class='ocrx_word' id='word_1_40' title='bbox 13 699 157 761; x_wconf 77' lang='lat' dir='ltr'>elitidtnes</span> <span class='ocrx_word' id='word_1_41' title='bbox 174 699 361 761; x_wconf 85' lang='lat' dir='ltr'>temulentia!</span> <span class='ocrx_word' id='word_1_42' title='bbox 384 703 424 762; x_wconf 85' lang='lat' dir='ltr'>ita</span> <span class='ocrx_word' id='word_1_43' title='bbox 447 703 514 762; x_wconf 88' lang='lat' dir='ltr'>vina</span> <span class='ocrx_word' id='word_1_44' title='bbox 537 719 574 762; x_wconf 81' lang='lat' dir='ltr'>en</span> <span class='ocrx_word' id='word_1_45' title='bbox 596 699 719 762; x_wconf 88' lang='lat' dir='ltr'>libidine</span> <span class='ocrx_word' id='word_1_46' title='bbox 737 702 925 784; x_wconf 88' lang='lat' dir='ltr'>hauriuntur,</span> <span class='ocrx_word' id='word_1_47' title='bbox 949 712 1038 784; x_wconf 91' lang='lat' dir='ltr'>atque</span> <span class='ocrx_word' id='word_1_48' title='bbox 1073 709 1076 714; x_wconf 81' lang='grc'>’</span> 
     </span>
     <span class='ocr_line' id='line_1_7' title="bbox 32 788 1038 873; baseline 0.005 -24"><span class='ocrx_word' id='word_1_49' title='bbox 32 791 110 850; x_wconf 89' lang='lat' dir='ltr'>etiam</span> <span class='ocrx_word' id='word_1_50' title='bbox 131 792 263 869; x_wconf 88' lang='lat' dir='ltr'>praemio</span> <span class='ocrx_word' id='word_1_51' title='bbox 285 791 427 851; x_wconf 86' lang='lat' dir='ltr'>invitatur</span> <span class='ocrx_word' id='word_1_52' title='bbox 451 788 579 852; x_wconf 87' lang='lat' dir='ltr'>ebrietas</span> <span class='ocrx_word' id='word_1_53' title='bbox 603 799 646 872; x_wconf 88' lang='lat' dir='ltr'>et,</span> <span class='ocrx_word' id='word_1_54' title='bbox 670 793 695 850; x_wconf 91' lang='lat' dir='ltr'>si</span> <span class='ocrx_word' id='word_1_55' title='bbox 719 791 764 852; x_wconf 91' lang='lat' dir='ltr'>dis</span> <span class='ocrx_word' id='word_1_56' title='bbox 786 791 896 873; x_wconf 83' lang='lat' dir='ltr'>placet,</span> <span class='ocrx_word' id='word_1_57' title='bbox 920 795 1038 854; x_wconf 87' lang='lat' dir='ltr'>emitur.</span> 
     </span>
     <span class='ocr_line' id='line_1_8' title="bbox 31 877 1038 962; baseline 0.006 -24"><span class='ocrx_word' id='word_1_58' title='bbox 31 878 96 940; x_wconf 91' lang='lat' dir='ltr'>alius</span> <span class='ocrx_word' id='word_1_59' title='bbox 117 887 151 940; x_wconf 91' lang='lat' dir='ltr'>ut</span> <span class='ocrx_word' id='word_1_60' title='bbox 173 887 317 958; x_wconf 91' lang='lat' dir='ltr'>quantum</span> <span class='ocrx_word' id='word_1_61' title='bbox 340 877 451 940; x_wconf 87' lang='lat' dir='ltr'>biberit</span> <span class='ocrx_word' id='word_1_62' title='bbox 472 887 589 941; x_wconf 90' lang='lat' dir='ltr'>tantum</span> <span class='ocrx_word' id='word_1_63' title='bbox 613 879 682 962; x_wconf 88' lang='lat' dir='ltr'>edit,</span> <span class='ocrx_word' id='word_1_64' title='bbox 705 883 836 960; x_wconf 88' lang='lat' dir='ltr'>pretium</span> <span class='ocrx_word' id='word_1_65' title='bbox 858 881 1038 944; x_wconf 86' lang='lat' dir='ltr'>rinolentiae</span> 
     </span>
     <span class='ocr_line' id='line_1_9' title="bbox 31 967 1037 1050; baseline 0.005 -23"><span class='ocrx_word' id='word_1_66' title='bbox 31 967 86 1046; x_wconf 86' lang='lat' dir='ltr'>lege</span> <span class='ocrx_word' id='word_1_67' title='bbox 108 970 227 1050; x_wconf 83' lang='lat' dir='ltr'>accipit,</span> <span class='ocrx_word' id='word_1_68' title='bbox 254 967 329 1029; x_wconf 91' lang='lat' dir='ltr'>alius</span> <span class='ocrx_word' id='word_1_69' title='bbox 358 976 502 1047; x_wconf 89' lang='lat' dir='ltr'>quantum</span> <span class='ocrx_word' id='word_1_70' title='bbox 531 969 607 1030; x_wconf 89' lang='lat' dir='ltr'>alea</span> <span class='ocrx_word' id='word_1_71' title='bbox 620 971 782 1049; x_wconf 85' lang='lat' dir='ltr'>quaesierit</span> <span class='ocrx_word' id='word_1_72' title='bbox 809 977 926 1032; x_wconf 88' lang='lat' dir='ltr'>tantum</span> <span class='ocrx_word' id='word_1_73' title='bbox 954 970 1037 1032; x_wconf 88' lang='lat' dir='ltr'>blbit.</span> 
     </span>
     <span class='ocr_line' id='line_1_10' title="bbox 32 1057 1088 1146; baseline -0.002 -29"><span class='ocrx_word' id='word_1_74' title='bbox 32 1065 92 1118; x_wconf 89' lang='lat' dir='ltr'>tunc</span> <span class='ocrx_word' id='word_1_75' title='bbox 111 1057 186 1120; x_wconf 85' lang='lat' dir='ltr'>avidi</span> <span class='ocrx_word' id='word_1_76' title='bbox 204 1066 369 1119; x_wconf 87' lang='lat' dir='ltr'>matronam</span> <span class='ocrx_word' id='word_1_77' title='bbox 389 1057 471 1120; x_wconf 91' lang='lat' dir='ltr'>oculi</span> <span class='ocrx_word' id='word_1_78' title='bbox 485 1058 623 1146; x_wconf 73' lang='lat' dir='ltr'>licentur,</span> <span class='ocrx_word' id='word_1_79' title='bbox 642 1077 746 1138; x_wconf 84' lang='lat' dir='ltr'>graves</span> <span class='ocrx_word' id='word_1_80' title='bbox 759 1059 891 1139; x_wconf 90' lang='lat' dir='ltr'>produnt</span> <span class='ocrx_word' id='word_1_81' title='bbox 909 1063 1027 1142; x_wconf 88' lang='lat' dir='ltr'>marito,</span> <span class='ocrx_word' id='word_1_82' title='bbox 1038 1067 1088 1116; x_wconf 84' lang='lat'>141</span> 
     </span>
     <span class='ocr_line' id='line_1_11' title="bbox 12 1140 1036 1227; baseline 0.004 -20"><span class='ocrx_word' id='word_1_83' title='bbox 12 1155 92 1208; x_wconf 79' lang='lat' dir='ltr'>rtrrne</span> <span class='ocrx_word' id='word_1_84' title='bbox 109 1149 199 1208; x_wconf 90' lang='lat' dir='ltr'>animi</span> <span class='ocrx_word' id='word_1_85' title='bbox 218 1153 333 1208; x_wconf 86' lang='lat' dir='ltr'>secreta</span> <span class='ocrx_word' id='word_1_86' title='bbox 351 1140 554 1227; x_wconf 83' lang='lat' dir='ltr'>proferuntur.</span> <span class='ocrx_word' id='word_1_87' title='bbox 587 1147 636 1208; x_wconf 91' lang='lat' dir='ltr'>alii</span> <span class='ocrx_word' id='word_1_88' title='bbox 653 1155 830 1210; x_wconf 85' lang='lat' dir='ltr'>testamenta</span> <span class='ocrx_word' id='word_1_89' title='bbox 849 1167 902 1210; x_wconf 94' lang='lat' dir='ltr'>sua</span> <span class='ocrx_word' id='word_1_90' title='bbox 921 1167 1036 1211; x_wconf 92' lang='lat' dir='ltr'>nuncu·</span> 
     </span>
     <span class='ocr_line' id='line_1_12' title="bbox 31 1229 1036 1318; baseline 0.003 -21.049"><span class='ocrx_word' id='word_1_91' title='bbox 31 1245 103 1318; x_wconf 88' lang='lat' dir='ltr'>p,ant</span> <span class='ocrx_word' id='word_1_92' title='bbox 132 1229 180 1297; x_wconf 91' lang='lat' dir='ltr'>alii</span> <span class='ocrx_word' id='word_1_93' title='bbox 204 1238 358 1298; x_wconf 85' lang='lat' dir='ltr'>mortifera</span> <span class='ocrx_word' id='word_1_94' title='bbox 389 1237 547 1298; x_wconf 83' lang='lat' dir='ltr'>elocuntur</span> <span class='ocrx_word' id='word_1_95' title='bbox 576 1237 655 1298; x_wconf 95' lang='lat' dir='ltr'>redit</span> <span class='ocrx_word' id='word_1_96' title='bbox 642 1245 785 1318; x_wconf 88' lang='lat' dir='ltr'>turasque</span> <span class='ocrx_word' id='word_1_97' title='bbox 815 1257 870 1318; x_wconf 92' lang='lat' dir='ltr'>per</span> <span class='ocrx_word' id='word_1_98' title='bbox 900 1239 1036 1318; x_wconf 79' lang='lat' dir='ltr'>iugulum</span> 
     </span>
     <span class='ocr_line' id='line_1_13' title="bbox 31 1326 1035 1408; baseline 0.007 -26"><span class='ocrx_word' id='word_1_99' title='bbox 31 1343 105 1387; x_wconf 82' lang='lat' dir='ltr'>voces</span> <span class='ocrx_word' id='word_1_100' title='bbox 128 1345 189 1388; x_wconf 92' lang='lat' dir='ltr'>non</span> <span class='ocrx_word' id='word_1_101' title='bbox 209 1329 363 1388; x_wconf 82' lang='lat' dir='ltr'>continent</span> <span class='ocrx_word' id='word_1_102' title='bbox 392 1360 434 1370; x_wconf 91' lang='lat'><em>-</em></span> <span class='ocrx_word' id='word_1_103' title='bbox 462 1345 550 1406; x_wconf 90' lang='lat' dir='ltr'>quam</span> <span class='ocrx_word' id='word_1_104' title='bbox 573 1326 675 1388; x_wconf 89' lang='lat' dir='ltr'>multis</span> <span class='ocrx_word' id='word_1_105' title='bbox 703 1326 744 1390; x_wconf 87' lang='lat' dir='ltr'>ita</span> <span class='ocrx_word' id='word_1_106' title='bbox 767 1327 967 1408; x_wconf 85' lang='lat' dir='ltr'>interemptis!</span> <span class='ocrx_word' id='word_1_107' title='bbox 993 1359 1035 1372; x_wconf 83' lang='lat'>-</span> 
     </span>
     <span class='ocr_line' id='line_1_14' title="bbox 30 1415 1036 1497; baseline 0.006 -25"><span class='ocrx_word' id='word_1_108' title='bbox 30 1415 163 1496; x_wconf 81' lang='lat' dir='ltr'>uulgoque</span> <span class='ocrx_word' id='word_1_109' title='bbox 183 1419 292 1477; x_wconf 86' lang='lat' dir='ltr'>veritas</span> <span class='ocrx_word' id='word_1_110' title='bbox 310 1417 369 1478; x_wconf 89' lang='lat' dir='ltr'>iam</span> <span class='ocrx_word' id='word_1_111' title='bbox 387 1415 529 1478; x_wconf 87' lang='lat' dir='ltr'>attributa</span> <span class='ocrx_word' id='word_1_112' title='bbox 548 1419 616 1476; x_wconf 87' lang='lat' dir='ltr'>vino</span> <span class='ocrx_word' id='word_1_113' title='bbox 640 1424 694 1477; x_wconf 92' lang='lat' dir='ltr'>est.</span> <span class='ocrx_word' id='word_1_114' title='bbox 722 1419 844 1497; x_wconf 89' lang='lat' dir='ltr'>interea,</span> <span class='ocrx_word' id='word_1_115' title='bbox 868 1426 902 1478; x_wconf 93' lang='lat' dir='ltr'>ut</span> <span class='ocrx_word' id='word_1_116' title='bbox 925 1420 1036 1497; x_wconf 89' lang='lat' dir='ltr'>optime</span> 
     </span>
     <span class='ocr_line' id='line_1_15' title="bbox 31 1503 1035 1588; baseline 0.006 -26"><span class='ocrx_word' id='word_1_117' title='bbox 31 1503 115 1588; x_wconf 84' lang='lat' dir='ltr'>cedat,</span> <span class='ocrx_word' id='word_1_118' title='bbox 147 1505 242 1567; x_wconf 91' lang='lat' dir='ltr'>solem</span> <span class='ocrx_word' id='word_1_119' title='bbox 270 1508 417 1568; x_wconf 89' lang='lat' dir='ltr'>orientem</span> <span class='ocrx_word' id='word_1_120' title='bbox 444 1523 504 1566; x_wconf 90' lang='lat' dir='ltr'>non</span> <span class='ocrx_word' id='word_1_121' title='bbox 532 1505 634 1567; x_wconf 85' lang='lat' dir='ltr'>vident</span> <span class='ocrx_word' id='word_1_122' title='bbox 660 1523 694 1566; x_wconf 92' lang='lat' dir='ltr'>ac</span> <span class='ocrx_word' id='word_1_123' title='bbox 717 1509 816 1567; x_wconf 90' lang='lat' dir='ltr'>minus</span> <span class='ocrx_word' id='word_1_124' title='bbox 844 1506 895 1568; x_wconf 92' lang='lat' dir='ltr'>diu</span> <span class='ocrx_word' id='word_1_125' title='bbox 924 1509 1035 1568; x_wconf 85' lang='lat' dir='ltr'>vivunt.</span> 
     </span>
     <span class='ocr_line' id='line_1_16' title="bbox 12 1592 1091 1677; baseline -0.002 -24"><span class='ocrx_word' id='word_1_126' title='bbox 12 1592 88 1656; x_wconf 75' lang='lat' dir='ltr'>thino</span> <span class='ocrx_word' id='word_1_127' title='bbox 104 1595 200 1676; x_wconf 91' lang='lat' dir='ltr'>pallor</span> <span class='ocrx_word' id='word_1_128' title='bbox 223 1603 253 1656; x_wconf 87' lang='lat' dir='ltr'>et</span> <span class='ocrx_word' id='word_1_129' title='bbox 276 1613 368 1675; x_wconf 79' lang='lat' dir='ltr'>genae</span> <span class='ocrx_word' id='word_1_130' title='bbox 391 1594 547 1676; x_wconf 84' lang='lat' dir='ltr'>pendulae,</span> <span class='ocrx_word' id='word_1_131' title='bbox 570 1594 726 1657; x_wconf 87' lang='lat' dir='ltr'>oculorum</span> <span class='ocrx_word' id='word_1_132' title='bbox 749 1595 859 1677; x_wconf 86' lang='lat' dir='ltr'>ulcera,</span> <span class='ocrx_word' id='word_1_133' title='bbox 882 1595 1026 1657; x_wconf 90' lang='lat' dir='ltr'>tremulae</span> <span class='ocrx_word' id='word_1_134' title='bbox 1038 1602 1091 1652; x_wconf 85' lang='grc'><strong>141</strong></span> 
     </span>
     <span class='ocr_line' id='line_1_17' title="bbox 30 1683 1037 1767; baseline 0.004 -25"><span class='ocrx_word' id='word_1_135' title='bbox 30 1701 122 1746; x_wconf 90' lang='lat' dir='ltr'>nanus</span> <span class='ocrx_word' id='word_1_136' title='bbox 145 1683 334 1746; x_wconf 82' lang='lat' dir='ltr'>effundentes</span> <span class='ocrx_word' id='word_1_137' title='bbox 361 1685 447 1765; x_wconf 92' lang='lat' dir='ltr'>plena</span> <span class='ocrx_word' id='word_1_138' title='bbox 475 1701 557 1766; x_wconf 85' lang='lat' dir='ltr'>vasa,</span> <span class='ocrx_word' id='word_1_139' title='bbox 587 1703 662 1764; x_wconf 87' lang='lat' dir='ltr'>quae</span> <span class='ocrx_word' id='word_1_140' title='bbox 693 1687 732 1746; x_wconf 92' lang='lat' dir='ltr'>sit</span> <span class='ocrx_word' id='word_1_141' title='bbox 761 1701 857 1765; x_wconf 89' lang='lat' dir='ltr'>poena</span> <span class='ocrx_word' id='word_1_142' title='bbox 886 1703 1037 1767; x_wconf 86' lang='lat' dir='ltr'>praesens,</span> 
     </span>
     <span class='ocr_line' id='line_1_18' title="bbox 30 1773 1037 1854; baseline 0.004 -22"><span class='ocrx_word' id='word_1_143' title='bbox 30 1773 138 1836; x_wconf 86' lang='lat' dir='ltr'>lurieles</span> <span class='ocrx_word' id='word_1_144' title='bbox 157 1777 256 1836; x_wconf 91' lang='lat' dir='ltr'>somni</span> <span class='ocrx_word' id='word_1_145' title='bbox 279 1781 310 1837; x_wconf 91' lang='lat' dir='ltr'>et</span> <span class='ocrx_word' id='word_1_146' title='bbox 327 1776 446 1854; x_wconf 85' lang='lat' dir='ltr'>inquies</span> <span class='ocrx_word' id='word_1_147' title='bbox 469 1783 615 1835; x_wconf 89' lang='lat' dir='ltr'>nocturna</span> <span class='ocrx_word' id='word_1_148' title='bbox 638 1776 863 1854; x_wconf 88' lang='lat' dir='ltr'>praemiumque</span> <span class='ocrx_word' id='word_1_149' title='bbox 887 1793 1037 1836; x_wconf 92' lang='lat' dir='ltr'>summum</span> 
     </span>
     <span class='ocr_line' id='line_1_19' title="bbox 30 1861 1036 1944; baseline 0.003 -23"><span class='ocrx_word' id='word_1_150' title='bbox 30 1861 170 1926; x_wconf 84' lang='lat' dir='ltr'>ebrietatis</span> <span class='ocrx_word' id='word_1_151' title='bbox 199 1863 290 1924; x_wconf 88' lang='lat' dir='ltr'>libido</span> <span class='ocrx_word' id='word_1_152' title='bbox 317 1871 491 1944; x_wconf 88' lang='lat' dir='ltr'>portentosa</span> <span class='ocrx_word' id='word_1_153' title='bbox 519 1882 553 1924; x_wconf 93' lang='lat' dir='ltr'>ac</span> <span class='ocrx_word' id='word_1_154' title='bbox 580 1863 744 1924; x_wconf 90' lang='lat' dir='ltr'>iucundum</span> <span class='ocrx_word' id='word_1_155' title='bbox 773 1864 864 1926; x_wconf 81' lang='lat' dir='ltr'>netas.</span> <span class='ocrx_word' id='word_1_156' title='bbox 915 1871 1036 1944; x_wconf 87' lang='lat' dir='ltr'>postero</span> 
     </span>
     <span class='ocr_line' id='line_1_20' title="bbox 30 1951 1036 2032; baseline 0.004 -22"><span class='ocrx_word' id='word_1_157' title='bbox 30 1951 68 2012; x_wconf 91' lang='lat' dir='ltr'>die</span> <span class='ocrx_word' id='word_1_158' title='bbox 87 1972 120 2014; x_wconf 84' lang='lat' dir='ltr'>ex</span> <span class='ocrx_word' id='word_1_159' title='bbox 139 1972 193 2014; x_wconf 89' lang='lat' dir='ltr'>ore</span> <span class='ocrx_word' id='word_1_160' title='bbox 212 1953 321 2015; x_wconf 86' lang='lat' dir='ltr'>halitus</span> <span class='ocrx_word' id='word_1_161' title='bbox 344 1952 409 2014; x_wconf 93' lang='lat' dir='ltr'>cadi</span> <span class='ocrx_word' id='word_1_162' title='bbox 432 1971 466 2014; x_wconf 89' lang='lat' dir='ltr'>ac</span> <span class='ocrx_word' id='word_1_163' title='bbox 490 1971 592 2014; x_wconf 87' lang='lat' dir='ltr'>rerum</span> <span class='ocrx_word' id='word_1_164' title='bbox 611 1955 744 2014; x_wconf 90' lang='lat' dir='ltr'>omnium</span> <span class='ocrx_word' id='word_1_165' title='bbox 763 1951 871 2032; x_wconf 84' lang='lat' dir='ltr'>oblivio</span> <span class='ocrx_word' id='word_1_166' title='bbox 895 1971 1036 2032; x_wconf 88' lang='lat' dir='ltr'>morsque</span> 
     </span>
     <span class='ocr_line' id='line_1_21' title="bbox 11 2042 1037 2124; baseline 0.002 -22"><span class='ocrx_word' id='word_1_167' title='bbox 11 2046 187 2104; x_wconf 72' lang='lat' dir='ltr'>anemonae.</span> <span class='ocrx_word' id='word_1_168' title='bbox 233 2061 339 2124; x_wconf 87' lang='lat' dir='ltr'>rapere</span> <span class='ocrx_word' id='word_1_169' title='bbox 364 2061 396 2104; x_wconf 91' lang='lat' dir='ltr'>se</span> <span class='ocrx_word' id='word_1_170' title='bbox 418 2045 460 2107; x_wconf 87' lang='lat' dir='ltr'>ita</span> <span class='ocrx_word' id='word_1_171' title='bbox 483 2044 571 2103; x_wconf 85' lang='lat' dir='ltr'>vitam</span> <span class='ocrx_word' id='word_1_172' title='bbox 599 2042 784 2123; x_wconf 88' lang='lat' dir='ltr'>praedicant,</span> <span class='ocrx_word' id='word_1_173' title='bbox 811 2059 881 2103; x_wconf 90' lang='lat' dir='ltr'>curn</span> <span class='ocrx_word' id='word_1_174' title='bbox 904 2045 1037 2123; x_wconf 86' lang='lat' dir='ltr'>priorem</span> 
     </span>
     <span class='ocr_line' id='line_1_22' title="bbox 31 2131 1085 2214; baseline -0.004 -23"><span class='ocrx_word' id='word_1_175' title='bbox 31 2131 98 2192; x_wconf 91' lang='lat' dir='ltr'>diem</span> <span class='ocrx_word' id='word_1_176' title='bbox 127 2133 238 2194; x_wconf 86' lang='lat' dir='ltr'>cotidie</span> <span class='ocrx_word' id='word_1_177' title='bbox 268 2132 422 2214; x_wconf 89' lang='lat' dir='ltr'>perdant,·</span> <span class='ocrx_word' id='word_1_178' title='bbox 441 2131 491 2194; x_wconf 84' lang='lat' dir='ltr'>illi·</span> <span class='ocrx_word' id='word_1_179' title='bbox 513 2147 584 2192; x_wconf 80' lang='lat' dir='ltr'>uero</span> <span class='ocrx_word' id='word_1_180' title='bbox 614 2140 645 2192; x_wconf 87' lang='lat' dir='ltr'>et</span> <span class='ocrx_word' id='word_1_181' title='bbox 673 2133 850 2194; x_wconf 82' lang='lat' dir='ltr'>venientem.</span> <span class='ocrx_word' id='word_1_182' title='bbox 903 2131 1085 2194; x_wconf 69' lang='lat' dir='ltr'>liberiores</span> 
     </span>
     <span class='ocr_line' id='line_1_23' title="bbox 29 2218 1037 2303; baseline 0.002 -23"><span class='ocrx_word' id='word_1_183' title='bbox 29 2218 139 2284; x_wconf 79' lang='lat' dir='ltr'>dlarrdio</span> <span class='ocrx_word' id='word_1_184' title='bbox 161 2225 299 2303; x_wconf 89' lang='lat' dir='ltr'>principe</span> <span class='ocrx_word' id='word_1_185' title='bbox 323 2230 391 2283; x_wconf 86' lang='lat' dir='ltr'>ante</span> <span class='ocrx_word' id='word_1_186' title='bbox 414 2222 469 2282; x_wconf 89' lang='lat' dir='ltr'>hos</span> <span class='ocrx_word' id='word_1_187' title='bbox 493 2237 586 2282; x_wconf 89' lang='lat' dir='ltr'>annos</span> <span class='ocrx_word' id='word_1_188' title='bbox 609 2235 657 2282; x_wconf 75' lang='grc' dir='ltr'><strong>ιιι.</strong></span> <span class='ocrx_word' id='word_1_189' title='bbox 685 2222 856 2284; x_wconf 83' lang='lat' dir='ltr'>institutum</span> <span class='ocrx_word' id='word_1_190' title='bbox 884 2231 918 2284; x_wconf 91' lang='lat' dir='ltr'>ut</span> <span class='ocrx_word' id='word_1_191' title='bbox 945 2223 1037 2283; x_wconf 88' lang='lat' dir='ltr'>ieiuni</span> 
     </span>
     <span class='ocr_line' id='line_1_24' title="bbox 29 2307 1037 2393; baseline 0.004 -25"><span class='ocrx_word' id='word_1_192' title='bbox 29 2307 155 2374; x_wconf 87' lang='lat' dir='ltr'>biberent</span> <span class='ocrx_word' id='word_1_193' title='bbox 178 2313 288 2393; x_wconf 79' lang='lat' dir='ltr'>potius,</span> <span class='ocrx_word' id='word_1_194' title='bbox 311 2314 413 2372; x_wconf 86' lang='lat' dir='ltr'>vinnm</span> <span class='ocrx_word' id='word_1_195' title='bbox 437 2311 629 2372; x_wconf 88' lang='lat' dir='ltr'>antecederet</span> <span class='ocrx_word' id='word_1_196' title='bbox 652 2309 748 2392; x_wconf 89' lang='lat' dir='ltr'>cibos,</span> <span class='ocrx_word' id='word_1_197' title='bbox 771 2314 905 2373; x_wconf 84' lang='lat' dir='ltr'>externis</span> <span class='ocrx_word' id='word_1_198' title='bbox 927 2320 957 2372; x_wconf 90' lang='lat' dir='ltr'>ct</span> <span class='ocrx_word' id='word_1_199' title='bbox 979 2311 1037 2372; x_wconf 90' lang='lat' dir='ltr'>lroc</span> 
     </span>
     <span class='ocr_line' id='line_1_25' title="bbox 29 2400 1037 2480; baseline 0.001 -21"><span class='ocrx_word' id='word_1_200' title='bbox 29 2400 131 2463; x_wconf 84' lang='lat' dir='ltr'>artibus</span> <span class='ocrx_word' id='word_1_201' title='bbox 153 2419 190 2463; x_wconf 94' lang='lat' dir='ltr'>ac</span> <span class='ocrx_word' id='word_1_202' title='bbox 209 2401 393 2463; x_wconf 89' lang='lat' dir='ltr'>medicorum</span> <span class='ocrx_word' id='word_1_203' title='bbox 416 2400 532 2480; x_wconf 90' lang='lat' dir='ltr'>placitis</span> <span class='ocrx_word' id='word_1_204' title='bbox 555 2402 685 2461; x_wconf 83' lang='lat' dir='ltr'>nouitate</span> <span class='ocrx_word' id='word_1_205' title='bbox 709 2418 828 2480; x_wconf 87' lang='lat' dir='ltr'>semper</span> <span class='ocrx_word' id='word_1_206' title='bbox 851 2401 947 2480; x_wconf 87' lang='lat' dir='ltr'>aliqua</span> <span class='ocrx_word' id='word_1_207' title='bbox 970 2418 1037 2461; x_wconf 84' lang='lat' dir='ltr'>sese</span> 
     </span>
     <span class='ocr_line' id='line_1_26' title="bbox 11 2488 1091 2570; baseline 0 -22"><span class='ocrx_word' id='word_1_208' title='bbox 11 2491 297 2554; x_wconf 73' lang='lat' dir='ltr'>tcommendantinm.</span> <span class='ocrx_word' id='word_1_209' title='bbox 352 2489 475 2570; x_wconf 77' lang='lat' dir='ltr'>gloriam</span> <span class='ocrx_word' id='word_1_210' title='bbox 507 2490 563 2550; x_wconf 89' lang='lat' dir='ltr'>lrac</span> <span class='ocrx_word' id='word_1_211' title='bbox 593 2491 704 2550; x_wconf 86' lang='lat' dir='ltr'>virtute</span> <span class='ocrx_word' id='word_1_212' title='bbox 736 2488 839 2550; x_wconf 87' lang='lat' dir='ltr'>Parthi</span> <span class='ocrx_word' id='word_1_213' title='bbox 871 2496 1028 2570; x_wconf 83' lang='lat' dir='ltr'>quaerunt,</span> <span class='ocrx_word' id='word_1_214' title='bbox 1038 2495 1091 2546; x_wconf 84' lang='lat'>144</span> 
     </span>
     <span class='ocr_line' id='line_1_27' title="bbox 29 2577 1037 2664; baseline 0.001 -27"><span class='ocrx_word' id='word_1_215' title='bbox 29 2578 124 2642; x_wconf 88' lang='lat' dir='ltr'>lamam</span> <span class='ocrx_word' id='word_1_216' title='bbox 143 2581 223 2664; x_wconf 90' lang='lat' dir='ltr'>apud</span> <span class='ocrx_word' id='word_1_217' title='bbox 236 2580 367 2642; x_wconf 80' lang='lat' dir='ltr'>Graecos</span> <span class='ocrx_word' id='word_1_218' title='bbox 381 2577 547 2640; x_wconf 75' lang='lat' dir='ltr'>Alcibiades</span> <span class='ocrx_word' id='word_1_219' title='bbox 565 2581 684 2660; x_wconf 87' lang='lat' dir='ltr'>meruit,</span> <span class='ocrx_word' id='word_1_220' title='bbox 703 2578 781 2658; x_wconf 87' lang='lat' dir='ltr'>apud</span> <span class='ocrx_word' id='word_1_221' title='bbox 800 2595 854 2638; x_wconf 89' lang='lat' dir='ltr'>nos</span> <span class='ocrx_word' id='word_1_222' title='bbox 873 2595 1037 2657; x_wconf 83' lang='lat' dir='ltr'>cognomen</span> 
     </span>
     <span class='ocr_line' id='line_1_28' title="bbox 29 2666 1038 2756; baseline 0.001 -29"><span class='ocrx_word' id='word_1_223' title='bbox 29 2671 107 2731; x_wconf 88' lang='lat' dir='ltr'>etiem</span> <span class='ocrx_word' id='word_1_224' title='bbox 125 2670 277 2735; x_wconf 83' lang='lat' dir='ltr'>Novellius</span> <span class='ocrx_word' id='word_1_225' title='bbox 296 2671 465 2756; x_wconf 90' lang='lat' dir='ltr'>Torquatus</span> <span class='ocrx_word' id='word_1_226' title='bbox 483 2668 721 2751; x_wconf 75' lang='lat' dir='ltr'>mediolanensis,</span> <span class='ocrx_word' id='word_1_227' title='bbox 740 2667 775 2728; x_wconf 91' lang='lat' dir='ltr'>ad</span> <span class='ocrx_word' id='word_1_228' title='bbox 794 2666 1038 2747; x_wconf 87' lang='lat' dir='ltr'>proconsulatum</span> 
     </span>
    </p>
   </div>
   <div class='ocr_carea' id='block_1_3' title="bbox 27 2909 1040 3774">
    <p class='ocr_par' dir='ltr' id='par_1_3' title="bbox 27 2909 1040 3774">
     <span class='ocr_line' id='line_1_29' title="bbox 91 2909 1039 2986; baseline -0.004 -18"><span class='ocrx_word' id='word_1_229' title='bbox 91 2915 266 2986; x_wconf 69' lang='lat' dir='ltr'>impendeo</span> <span class='ocrx_word' id='word_1_230' title='bbox 285 2921 368 2969; x_wconf 67' lang='lat' dir='ltr'>tlte.</span> <span class='ocrx_word' id='word_1_231' title='bbox 397 2913 480 2967; x_wconf 72' lang='lat' dir='ltr'>-dic,</span> <span class='ocrx_word' id='word_1_232' title='bbox 508 2911 672 2984; x_wconf 73' lang='lat' dir='ltr'>nefandqd.</span> <span class='ocrx_word' id='word_1_233' title='bbox 751 2913 815 2968; x_wconf 74' lang='lat' dir='ltr'>lat</span> <span class='ocrx_word' id='word_1_234' title='bbox 832 2910 943 2968; x_wconf 65' lang='lat' dir='ltr'>edat!</span> <span class='ocrx_word' id='word_1_235' title='bbox 973 2909 1039 2965; x_wconf 76' lang='lat' dir='ltr'>edat</span> 
     </span>
     <span class='ocr_line' id='line_1_30' title="bbox 28 2982 1040 3052; baseline -0.003 -12.88"><span class='ocrx_word' id='word_1_236' title='bbox 28 2985 123 3041; x_wconf 83' lang='lat' dir='ltr'>et.edd</span> <span class='ocrx_word' id='word_1_237' title='bbox 134 2935 504 3042; x_wconf 64' lang='lat' dir='ltr'>coenomanorum</span> <span class='ocrx_word' id='word_1_238' title='bbox 612 2989 629 3038; x_wconf 85' lang='lat'>8</span> <span class='ocrx_word' id='word_1_239' title='bbox 653 2984 831 3052; x_wconf 82' lang='lat' dir='ltr'>q-uentum</span> <span class='ocrx_word' id='word_1_240' title='bbox 839 2982 1040 3038; x_wconf 67' lang='lat' dir='ltr'>bibitaque</span> 
     </span>
     <span class='ocr_line' id='line_1_31' title="bbox 28 3053 1036 3123; baseline -0.004 -15"><span class='ocrx_word' id='word_1_241' title='bbox 28 3059 156 3122; x_wconf 72' lang='lat' dir='ltr'>qnantum</span> <span class='ocrx_word' id='word_1_242' title='bbox 173 3057 277 3113; x_wconf 80' lang='lat' dir='ltr'>biberit</span> <span class='ocrx_word' id='word_1_243' title='bbox 294 3059 406 3112; x_wconf 72' lang='lat' dir='ltr'>lenium</span> <span class='ocrx_word' id='word_1_244' title='bbox 425 3061 460 3113; x_wconf 75' lang='grc' dir='ltr'>Ι</span> <span class='ocrx_word' id='word_1_245' title='bbox 574 3055 765 3110; x_wconf 80' lang='lat' dir='ltr'>ilinlicentm·</span> <span class='ocrx_word' id='word_1_246' title='bbox 781 3059 817 3112; x_wconf 78' lang='lat'>1</span> <span class='ocrx_word' id='word_1_247' title='bbox 850 3054 1010 3110; x_wconf 81' lang='lat' dir='ltr'>licentcrd</span> <span class='ocrx_word' id='word_1_248' title='bbox 1032 3053 1036 3123; x_wconf 75' lang='grc' dir='ltr'>Ι</span> 
     </span>
     <span class='ocr_line' id='line_1_32' title="bbox 27 3123 1038 3184; baseline -0.004 -3"><span class='ocrx_word' id='word_1_249' title='bbox 27 3128 153 3184; x_wconf 82' lang='lat' dir='ltr'>meritum</span> <span class='ocrx_word' id='word_1_250' title='bbox 170 3129 246 3184; x_wconf 58' lang='lat' dir='ltr'>ni</span> <span class='ocrx_word' id='word_1_251' title='bbox 356 3135 388 3184; x_wconf 95' lang='grc'>11</span> <span class='ocrx_word' id='word_1_252' title='bbox 414 3127 560 3183; x_wconf 76' lang='lat' dir='ltr'>mortifera</span> <span class='ocrx_word' id='word_1_253' title='bbox 579 3127 725 3182; x_wconf 80' lang='lat' dir='ltr'>elocuntur</span> <span class='ocrx_word' id='word_1_254' title='bbox 742 3128 813 3183; x_wconf 75' lang='lat' dir='ltr'>coeti</span> <span class='ocrx_word' id='word_1_255' title='bbox 824 3125 886 3182; x_wconf 78' lang='lat' dir='ltr'>Sili.</span> <span class='ocrx_word' id='word_1_256' title='bbox 920 3141 961 3178; x_wconf 88' lang='lat' dir='ltr'>·re</span> <span class='ocrx_word' id='word_1_257' title='bbox 980 3123 1038 3178; x_wconf 77' lang='lat' dir='ltr'>loc</span> 
     </span>
     <span class='ocr_line' id='line_1_33' title="bbox 28 3195 1037 3282; baseline -0.006 -27"><span class='ocrx_word' id='word_1_258' title='bbox 28 3197 108 3282; x_wconf 79' lang='lat' dir='ltr'>(loqu-</span> <span class='ocrx_word' id='word_1_259' title='bbox 127 3204 283 3272; x_wconf 65' lang='grc'><strong>11911111.</strong></span> <span class='ocrx_word' id='word_1_260' title='bbox 312 3199 452 3268; x_wconf 66' lang='lat' dir='ltr'>--1e10qu</span> <span class='ocrx_word' id='word_1_261' title='bbox 471 3215 517 3254; x_wconf 74' lang='lat' dir='ltr'>eo.</span> <span class='ocrx_word' id='word_1_262' title='bbox 610 3205 644 3254; x_wconf 78' lang='lat'>14</span> <span class='ocrx_word' id='word_1_263' title='bbox 661 3199 875 3254; x_wconf 73' lang='lat' dir='ltr'>munntledd</span> <span class='ocrx_word' id='word_1_264' title='bbox 886 3195 1037 3252; x_wconf 69' lang='lat' dir='ltr'>necaret</span> 
     </span>
     <span class='ocr_line' id='line_1_34' title="bbox 28 3269 1038 3344; baseline -0.002 -21"><span class='ocrx_word' id='word_1_265' title='bbox 28 3269 128 3336; x_wconf 77' lang='lat' dir='ltr'>(uiuent</span> <span class='ocrx_word' id='word_1_266' title='bbox 145 3273 224 3344; x_wconf 78' lang='lat' dir='ltr'>Dal.)</span> <span class='ocrx_word' id='word_1_267' title='bbox 250 3273 353 3328; x_wconf 70' lang='lat' dir='ltr'>loibum</span> <span class='ocrx_word' id='word_1_268' title='bbox 369 3272 467 3327; x_wconf 83' lang='lat' dir='ltr'>rBrot.</span> <span class='ocrx_word' id='word_1_269' title='bbox 557 3276 589 3326; x_wconf 87' lang='grc'><strong>16</strong></span> <span class='ocrx_word' id='word_1_270' title='bbox 609 3273 638 3324; x_wconf 83' lang='lat' dir='ltr'>et</span> <span class='ocrx_word' id='word_1_271' title='bbox 656 3287 770 3340; x_wconf 79' lang='lat' dir='ltr'>quaec</span> <span class='ocrx_word' id='word_1_272' title='bbox 858 3274 891 3324; x_wconf 80' lang='grc'><strong>17</strong></span> <span class='ocrx_word' id='word_1_273' title='bbox 910 3282 1038 3338; x_wconf 80' lang='lat' dir='ltr'>precum</span> 
     </span>
     <span class='ocr_line' id='line_1_35' title="bbox 28 3341 1039 3415; baseline -0.001 -21"><span class='ocrx_word' id='word_1_274' title='bbox 28 3357 105 3408; x_wconf 75' lang='lat' dir='ltr'>quam</span> <span class='ocrx_word' id='word_1_275' title='bbox 122 3349 157 3402; x_wconf 82' lang='grc'>11</span> <span class='ocrx_word' id='word_1_276' title='bbox 267 3349 301 3399; x_wconf 84' lang='grc'><strong>18</strong></span> <span class='ocrx_word' id='word_1_277' title='bbox 324 3345 438 3415; x_wconf 76' lang='lat' dir='ltr'>postera</span> <span class='ocrx_word' id='word_1_278' title='bbox 455 3347 522 3398; x_wconf 75' lang='lat' dir='ltr'>cdo.</span> <span class='ocrx_word' id='word_1_279' title='bbox 556 3343 625 3410; x_wconf 67' lang='lat' dir='ltr'>(tea</span> <span class='ocrx_word' id='word_1_280' title='bbox 642 3344 683 3397; x_wconf 87' lang='lat' dir='ltr'>ed.</span> <span class='ocrx_word' id='word_1_281' title='bbox 694 3341 780 3408; x_wconf 79' lang='lat' dir='ltr'>Vere..)</span> <span class='ocrx_word' id='word_1_282' title='bbox 890 3345 922 3394; x_wconf 85' lang='grc'>19</span> <span class='ocrx_word' id='word_1_283' title='bbox 945 3355 1039 3393; x_wconf 84' lang='lat' dir='ltr'>rernm</span> 
     </span>
     <span class='ocr_line' id='line_1_36' title="bbox 27 3414 1038 3494; baseline -0.001 -28"><span class='ocrx_word' id='word_1_284' title='bbox 27 3414 141 3470; x_wconf 70' lang='lat' dir='ltr'>Ilm</span> <span class='ocrx_word' id='word_1_285' title='bbox 169 3417 274 3472; x_wconf 79' lang='lat' dir='ltr'>denum</span> <span class='ocrx_word' id='word_1_286' title='bbox 292 3417 335 3470; x_wconf 80' lang='lat' dir='ltr'>D1.</span> <span class='ocrx_word' id='word_1_287' title='bbox 363 3414 422 3470; x_wconf 72' lang='lat' dir='ltr'>lere</span> <span class='ocrx_word' id='word_1_288' title='bbox 440 3431 533 3470; x_wconf 83' lang='lat' dir='ltr'>rerum</span> <span class='ocrx_word' id='word_1_289' title='bbox 552 3430 597 3468; x_wconf 79' lang='lat' dir='ltr'>ev</span> <span class='ocrx_word' id='word_1_290' title='bbox 618 3418 772 3482; x_wconf 76' lang='lat' dir='ltr'>lmorsque</span> <span class='ocrx_word' id='word_1_291' title='bbox 791 3418 846 3468; x_wconf 77' lang='lat' dir='ltr'>lle.</span> <span class='ocrx_word' id='word_1_292' title='bbox 875 3426 1038 3494; x_wconf 65' lang='lat' dir='ltr'>monqner</span> 
     </span>
     <span class='ocr_line' id='line_1_37' title="bbox 93 3482 1037 3559; baseline -0.004 -18"><span class='ocrx_word' id='word_1_293' title='bbox 93 3492 127 3541; x_wconf 89' lang='grc'><strong>10</strong></span> <span class='ocrx_word' id='word_1_294' title='bbox 149 3505 247 3559; x_wconf 86' lang='lat' dir='ltr'>perere</span> <span class='ocrx_word' id='word_1_295' title='bbox 265 3495 300 3545; x_wconf 75' lang='grc' dir='ltr'>Ι.</span> <span class='ocrx_word' id='word_1_296' title='bbox 378 3493 444 3542; x_wconf 80' lang='grc'><strong>13</strong></span> <span class='ocrx_word' id='word_1_297' title='bbox 462 3486 557 3556; x_wconf 77' lang='lat' dir='ltr'>polius</span> <span class='ocrx_word' id='word_1_298' title='bbox 575 3485 673 3539; x_wconf 87' lang='lat' dir='ltr'>uinum</span> <span class='ocrx_word' id='word_1_299' title='bbox 690 3490 725 3539; x_wconf 73' lang='lat'>1.</span> <span class='ocrx_word' id='word_1_300' title='bbox 757 3486 897 3554; x_wconf 79' lang='lat' dir='ltr'>potusque</span> <span class='ocrx_word' id='word_1_301' title='bbox 915 3482 976 3538; x_wconf 89' lang='lat' dir='ltr'>uini</span> <span class='ocrx_word' id='word_1_302' title='bbox 993 3497 1037 3537; x_wconf 83' lang='lat' dir='ltr'>ro.</span> 
     </span>
     <span class='ocr_line' id='line_1_38' title="bbox 28 3555 1038 3630; baseline -0.002 -20"><span class='ocrx_word' id='word_1_303' title='bbox 28 3555 84 3612; x_wconf 79' lang='lat' dir='ltr'>diet</span> <span class='ocrx_word' id='word_1_304' title='bbox 100 3559 271 3616; x_wconf 79' lang='lat' dir='ltr'>quuecno.</span> <span class='ocrx_word' id='word_1_305' title='bbox 283 3560 352 3630; x_wconf 77' lang='lat' dir='ltr'>pleil.</span> <span class='ocrx_word' id='word_1_306' title='bbox 367 3563 442 3614; x_wconf 84' lang='grc'><strong>1866</strong></span> <span class='ocrx_word' id='word_1_307' title='bbox 477 3562 557 3615; x_wconf 78' lang='grc'><em>..697</em></span> <span class='ocrx_word' id='word_1_308' title='bbox 648 3555 905 3628; x_wconf 73' lang='lat' dir='ltr'>atsemper1n⁹</span> <span class='ocrx_word' id='word_1_309' title='bbox 929 3565 1038 3610; x_wconf 73' lang='lat' dir='ltr'>crure.</span> 
     </span>
     <span class='ocr_line' id='line_1_39' title="bbox 93 3627 1038 3703; baseline -0.005 -19"><span class='ocrx_word' id='word_1_310' title='bbox 93 3634 127 3686; x_wconf 80' lang='grc'><strong>17</strong></span> <span class='ocrx_word' id='word_1_311' title='bbox 149 3635 296 3703; x_wconf 75' lang='lat' dir='ltr'>torquatus</span> <span class='ocrx_word' id='word_1_312' title='bbox 314 3631 430 3686; x_wconf 68' lang='lat' dir='ltr'>Iredd.</span> <span class='ocrx_word' id='word_1_313' title='bbox 468 3629 499 3685; x_wconf 85' lang='lat' dir='ltr'>el.</span> <span class='ocrx_word' id='word_1_314' title='bbox 532 3628 698 3698; x_wconf 73' lang='lat' dir='ltr'>Tricongius</span> <span class='ocrx_word' id='word_1_315' title='bbox 717 3627 776 3684; x_wconf 81' lang='lat' dir='ltr'>edd.</span> <span class='ocrx_word' id='word_1_316' title='bbox 787 3627 918 3684; x_wconf 76' lang='lat' dir='ltr'>mtteGel</span> <span class='ocrx_word' id='word_1_317' title='bbox 943 3627 948 3696; x_wconf 80' lang='lat' dir='ltr'>l</span> <span class='ocrx_word' id='word_1_318' title='bbox 974 3641 1038 3680; x_wconf 90' lang='lat' dir='ltr'>con-</span> 
     </span>
     <span class='ocr_line' id='line_1_40' title="bbox 29 3699 1037 3774; baseline -0.001 -22"><span class='ocrx_word' id='word_1_319' title='bbox 29 3699 467 3774; x_wconf 75' lang='lat' dir='ltr'>sulatum1.esr.Mornmsenoe</span> <span class='ocrx_word' id='word_1_320' title='bbox 480 3699 675 3769; x_wconf 79' lang='lat' dir='ltr'>deeurepobl</span> <span class='ocrx_word' id='word_1_321' title='bbox 689 3699 952 3770; x_wconf 58' lang='grc'><strong>1101111111999</strong></span> <span class='ocrx_word' id='word_1_322' title='bbox 966 3700 1037 3752; x_wconf 86' lang='grc' dir='ltr'><strong>ιι.9.</strong></span> 
     </span>
    </p>
   </div>
   <div class='ocr_carea' id='block_1_4' title="bbox 0 0 1200 3946">
    <p class='ocr_par' dir='ltr' id='par_1_4' title="bbox 0 0 1200 3946">
     <span class='ocr_line' id='line_1_41' title="bbox 0 0 1200 3946; baseline 0 2"><span class='ocrx_word' id='word_1_323' title='bbox 0 0 1200 3946; x_wconf 95' lang='lat' dir='ltr'> </span> 
     </span>
    </p>
   </div>
  </div>
 </body>
</html>
