2286 3938
214 203 299 257 ΝΑΤ.
319 203 483 268 11181111
504 210 589 259 r-1n
611 207 719 274 (5—10)
932 206 973 270 13

4 353 126 411 consectari
142 369 230 412 curae
245 353 302 413 luit
320 371 381 414 uno
400 353 506 415 abortu
520 353 679 416 duodecim
691 355 851 435 puerperia
865 363 973 434 egesta.

4 439 34 502 ted
51 439 91 500 uli
109 439 259 520 paululum
281 445 425 522 temporis
447 445 527 504 inter
545 443 620 505 duos
644 452 807 524 conceptus
829 447 973 506 interces-

2 531 33 608 tt,
56 537 200 609 utrumque
228 532 394 613 perfertur,
427 540 460 594 ut
482 535 514 593 in
536 533 666 594 Hercule
693 540 724 594 et
746 532 857 612 Iphicle
881 533 972 594 fratre
991 541 1026 590 49

3 621 42 680 eins
59 621 181 698 apparuit
204 628 234 680 et
256 623 288 682 in
312 639 347 681 ea
370 641 445 700 quae
464 624 582 701 gemino
606 629 695 702 partu
718 622 845 684 alterum
867 625 973 684 marito

2 708 89 768 tiniam
109 709 293 790 alterumque
321 710 456 772 adultero
479 714 596 792 genuit,
625 714 698 772 item
719 714 751 772 in
773 711 974 772 Proconnesia

3 797 70 857 incilia
93 816 163 878 quae
192 798 328 859 eiusdem
350 799 411 860 diei
438 803 520 862 coitu
548 800 676 862 alterum
698 800 819 862 dondno
847 800 974 862 similem

3 885 87 947 lterum
102 891 290 966 procuratori
310 891 384 971 eius,
408 897 437 954 et
459 892 491 951 in
514 889 570 950 alia
593 908 669 968 quae
776 893 856 950 iusto
877 898 974 971 partu,

2 977 92 1054 unque
112 995 250 1038 mensum
277 977 405 1040 alterum
429 979 534 1062 edidit,
566 997 673 1040 rursus
696 982 728 1040 in
751 979 806 1040 alia
829 997 905 1058 quae
928 996 973 1039 se-

2 1059 49 1124 'ten
67 1085 198 1126 mensum
221 1067 301 1128 edito
320 1071 480 1149 puerperio
504 1070 649 1130 insecutis
667 1067 822 1133 mensibus
840 1070 974 1146 geminos

4 1155 52 1214 nina
71 1163 119 1215 est.

38 1237 97 1327 (10)
144 1245 210 1306 lam
235 1245 286 1306 illa
313 1245 429 1325 vulgata
457 1255 488 1307 et
514 1249 608 1308 varia:
641 1265 677 1308 ex
700 1248 825 1325 integris
850 1254 974 1306 trrmcos
992 1253 1027 1302 50

4 1335 56 1413 igni,
80 1353 113 1394 ex
134 1337 253 1396 trimois
276 1337 409 1414 integros
433 1335 594 1415 eademque
617 1343 701 1416 parte
725 1343 862 1416 truncoS,
892 1337 974 1414 signa

4 1422 100 1496 uaedam
113 1442 284 1504 naevosque
303 1432 333 1485 et
348 1427 502 1486 cicatrices
517 1428 606 1486 etiam
619 1427 800 1506 regenerari,
809 1457 852 1468 -
868 1431 974 1503 quarto
1049 1441 1053 1450 ’

5 1519 51 1572 utu
70 1512 216 1574 lineorum
237 1510 455 1593 originis'nota
477 1517 508 1575 in
531 1514 652 1576 brachio
676 1513 824 1594 redditur3
864 1507 919 1575 12.
942 1516 973 1574 in
993 1520 1026 1568 51

5 1601 135 1678 opidorum
157 1610 249 1682 gente
272 1611 349 1684 tum,
381 1605 551 1664 intermisso
579 1603 697 1683 ordine,
729 1602 859 1664 obducto
883 1621 974 1662 mem·

6 1705 54 1748 rana
77 1691 159 1752 oeirlo
194 1694 311 1771 genitos
339 1694 507 1772 accepimus
540 1727 582 1736 -
616 1693 727 1754 similes
755 1692 876 1772 quidem
903 1691 975 1752 alios

5 1795 35 1858 so,
60 1788 86 1840 et
111 1800 147 1842 ex
171 1783 300 1861 geminis
324 1799 443 1860 quoque
471 1781 597 1843 alterum
619 1784 697 1862 patri
724 1781 851 1842 alterum
878 1783 975 1862 matri,

5 1883 92 1947 noque
114 1880 184 1950 post
208 1873 342 1950 genitum
365 1873 470 1932 maiori
493 1872 619 1932 similem
642 1871 735 1932 luisse
757 1878 792 1931 ut
809 1872 975 1951 geminum;

5 1958 97 2032 easdam
119 1959 177 2021 sibi
203 1960 314 2022 similes
337 1978 456 2040 semper
477 1979 597 2042 parere,
623 1959 766 2040 quasdam
787 1962 865 2040 viro,
888 1977 974 2037 quas·

6 2062 36 2107 tn
53 2049 130 2132 nulli,
159 2049 307 2130 quasdam
329 2051 469 2110 feminam
491 2053 582 2130 patri,
612 2068 724 2110 marem
747 2049 812 2110 sibi.
858 2047 975 2110 indubi-

5 2143 56 2197 tum
79 2141 248 2220 exemplum
277 2148 323 2200 est
345 2139 446 2201 Nicaei
473 2138 580 2200 nobilis
607 2147 711 2219 pyctae
734 2138 856 2219 Byzanti
883 2140 976 2216 geniti

5 2227 181 2302 aiadulterio
207 2229 360 2308 Aethiopis
387 2237 455 2291 nata
478 2237 573 2290 matre
601 2228 676 2288 nihil
698 2247 715 2288 a
738 2230 847 2288 ceteris
875 2227 975 2287 colore

6 2313 110 2378 lierente
133 2321 202 2398 ipse
226 2336 313 2378 avum
335 2321 522 2396 regeneravit
544 2317 727 2398 Aethiopem.

36 2405 260 2470 Similitudinum
279 2407 399 2486 quidem
421 2410 556 2468 inmensa
578 2409 727 2486 reputatio
747 2415 794 2468 est
817 2413 847 2467 et
867 2408 1029 2486 inquunt

4 2493 116 2556 edantur
138 2497 235 2558 multa
260 2497 382 2556 fortuita
403 2497 529 2576 pollere,
552 2499 647 2577 visus,
675 2495 807 2578 auditus,
834 2499 977 2556 memoria

3 2591 139 2664 castaeque
167 2588 314 2665 imagines
342 2584 398 2646 sub
425 2589 490 2666 ipso
519 2593 674 2665 conceptu.
720 2587 860 2665 cogitatio
888 2586 977 2644 etiarn

2 2673 127 2737 iduslibet
150 2677 285 2736 animum
309 2673 408 2736 subito
431 2675 617 2736 transvolans
645 2675 786 2753 effingere
810 2671 976 2732 similitudi-

2 2776 39 2820 tcn
61 2772 105 2825 aut
127 2753 263 2826 miscere
286 2766 479 2825 existimatur.
524 2763 652 2842 ideoque
675 2763 778 2843 plures
803 2763 834 2822 in
857 2760 976 2820 homine

2 2863 54 2924 nau
73 2856 100 2913 in
122 2857 233 2915 ceteris
257 2852 396 2914 omnihus
420 2852 595 2918 animalibus
618 2852 811 2931 differentiae,
837 2851 978 2929 quoniam

1 2935 98 3003 :storius
120 2945 335 3024 cogitationum
354 2945 503 3022 animique
524 2942 661 3002 celeritas
685 2948 715 3001 et
732 2942 833 3020 ingeni
851 2941 977 3000 varietas

42 3099 173 3108 -—--..-

43 3206 212 3274 ineffectus
231 3224 256 3259 ι.
339 3211 354 3259 ‘1
379 3205 509 3260 lactatam
531 3220 578 3273 ego
598 3204 730 3258 indicavi.
758 3220 846 3257 unum
863 3201 934 3257 noo.
952 3219 978 3269 o,

1 3292 20 3313 a
36 3275 106 3332 Arist.
124 3279 151 3334 li.
170 3295 197 3332 a.
217 3279 276 3330 VII
289 3281 308 3330 4
322 3293 351 3345 p.
362 3276 465 3344 58521,
477 3279 514 3330 17
533 3275 641 3341 δίδυμα,
668 3275 794 3345 geminos
813 3275 883 3329 coni.
901 3273 986 3328 Pint..

45 3347 104 3402 tin
124 3349 268 3404 mensibus
290 3349 383 3402 We.
415 3347 455 3402 III
476 3347 619 3402 mensibus
642 3347 713 3401 coni.
731 3346 804 3402 Detl.
891 3351 923 3398 11
949 3346 980 3400 et

10 3417 122 3475 tneo.
150 3423 195 3476 est
210 3419 303 3474 mue.
326 3431 363 3479 ÷
380 3423 405 3472 d.
428 3435 479 3474 om.
497 3435 521 3473 r.
595 3424 629 3472 12
653 3417 807 3486 eodemque
827 3415 903 3469 1²⁸².
932 3432 978 3470 ee·

3 3501 41 3538 '2111
54 3506 73 3542 r.
98 3510 134 3547 an
152 3491 310 3548 eademne?
388 3496 421 3544 13
440 3507 478 3560 sq.
501 3490 621 3544 distinxi
638 3505 694 3559 eno.
770 3495 804 3542 at
827 3489 930 3558 pyctae
953 3492 978 3541 d.

0 3561 62 3613 iliae
85 3581 106 3618 r.
204 3571 238 3618 24
270 3563 399 3618 inmensa
428 3563 590 3618 Polliceriuo
621 3579 667 3630 ap.
686 3559 778 3616 Hand.
825 3559 856 3612 in
883 3561 980 3612 menta

6 3631 109 3756 {Uxii
135 3636 164 3690 in
181 3638 275 3692 mente
294 3634 399 3689 Five.
427 3635 542 3689 inuento
561 3632 624 3686 (ΡΤ.
701 3637 734 3686 27
755 3629 846 3686 subito
864 3629 933 3686 Rae.
953 3647 978 3684 o.

1 3713 36 3751 nr
66 3747 70 3758 ,
