2414 3936
148 151 191 220 16
441 219 444 224 ,
495 168 527 218 c.
548 169 646 216 norm
669 167 818 216 sucorum

146 327 193 389 De
208 324 316 388 cervis.
349 323 423 405 (51)
442 323 479 386 de
495 322 725 386 chamaeleonte.
753 321 825 402 (52)
841 323 876 384 de
892 322 1016 404 reliquis
1033 325 1157 387 colorem

147 411 335 488 mutantibus,
352 409 499 487 tarandro,
515 409 651 486 lycaone,
668 408 747 468 thoe.
775 407 847 488 (53)
865 408 901 470 dc
917 409 1060 485 hystrice.
1089 407 1155 488 (54)

148 497 186 556 de
208 497 294 556 ursis.
327 495 364 555 de
387 495 449 556 ictu
471 512 579 555 eorum.
616 489 689 572 (55)
707 492 743 554 de
764 493 892 552 muribus
911 491 1042 554 Ponticis
1065 505 1095 554 et
1114 495 1157 554 Al·

148 581 236 660 pinis.
277 577 348 658 (56)
371 578 439 640 de
430 579 585 640 rrenaceis.
631 575 704 658 (57)
729 578 765 638 de
788 576 1001 655 leontophono.
1038 575 1156 655 Lyncea

149 660 243 744 (58)
254 665 362 742 meles,
396 665 493 724 sciuri.
535 659 609 744 (59)
635 663 678 724 lle
704 662 824 723 cocleis.
868 659 941 741 (60)
969 661 1007 723 de
1032 662 1173 728 lacertist

150 747 254 830 (61-
261 747 317 828 63)
344 745 453 808 Canum
478 755 579 808 natura
608 741 766 846 [exempla
792 764 893 808 eorum
919 748 997 806 circa
1022 746 1157 809 dominos.

149 836 199 912 qui
223 833 404 912 proeliorum
424 851 510 892 causa
530 849 618 892 canes
640 831 804 892 habuerint.
842 827 893 892 62.
915 829 1159 909 degeneratione

149 936 261 979 eorum.
300 915 349 980 63.
373 925 475 978 contra
493 915 604 977 rabiem
625 909 785 1002 remedia).
820 913 927 996 (64-
886 913 995 994 -67)
1016 914 1159 996 Equorum

149 1011 252 1067 natura
271 999 339 1082 (65.
361 1001 428 1062 de
420 1003 546 1080 rngeniis
569 1019 680 1064 corum.
711 1000 853 1063 mirabilia
869 1001 1082 1080 quadrigarum.
1113 999 1157 1064 66.

148 1089 305 1166 generatio
323 1105 469 1186 equorum
506 1084 556 1149 67.
574 1094 663 1146 vento
679 1081 914 1170 concipientes).
954 1078 1029 1164 (68)
1052 1085 1098 1145 De
1113 1088 1159 1146 asi·
1166 1110 1184 1151 ιι

150 1173 205 1232 nis
235 1173 390 1250 generatio
411 1173 440 1232 in
463 1170 517 1234 his
555 1169 628 1250 (69)
652 1167 793 1230 Mularum
814 1178 915 1230 natura
934 1177 965 1234 et
986 1169 1160 1248 reliquorum

150 1259 354 1330 iumentorum.
395 1253 462 1336 (70.
487 1255 544 1335 71)
572 1253 616 1316 De
645 1255 739 1315 bubus
765 1247 942 1340 [generatio
967 1271 1088 1332 eorum,
1116 1253 1159 1316 71.

150 1341 254 1421 Apis
246 1361 276 1402 ιιι
295 1326 471 1426 Aegypto).
501 1337 671 1420 (72—75)
696 1337 839 1404 Pacorum
861 1346 963 1400 natura
989 1317 1159 1424 [generatio

152 1444 272 1502 eorum,
300 1423 351 1488 73.
366 1443 478 1503 genera
493 1424 577 1485 lanae
593 1432 624 1484 et
639 1423 782 1502 colorum,
808 1421 858 1486 74.
874 1442 986 1504 genera
1006 1419 1159 1571 vestiumg.

151 1507 227 1590 (76)
246 1508 404 1589 Caprarum
418 1519 518 1570 natura
536 1517 566 1570 et
581 1509 754 1587 generatio,
786 1506 860 1589 (77)
876 1527 958 1568 suum
974 1510 1057 1569 item.
1092 1508 1126 1588 (7
1147 1511 1182 1587 )ιι

150 1594 196 1656 De
218 1595 291 1657 ieris
312 1595 413 1656 subus.
456 1591 528 1666 Quis
551 1595 660 1673 primus
684 1595 794 1653 vivaria
815 1593 976 1654 bestiarum
997 1595 1160 1654 instituerit.

152 1677 228 1760 (79)
255 1679 301 1742 De
326 1679 473 1740 semiferis
498 1679 676 1739 animalibus.
719 1675 793 1759 (80)
820 1676 865 1740 Dc
888 1679 989 1740 simiis.
1025 1677 1101 1758 (81)
1124 1677 1161 1738 De

151 1765 286 1844 leporum
305 1765 477 1843 generibus.
514 1761 588 1844 (82)
606 1763 652 1824 De
673 1782 729 1824 nec
748 1762 870 1842 placidis
892 1781 949 1824 nce
969 1763 1042 1824 ieris
1064 1766 1161 1824 anima-

118 1921 120 1927 ,
150 1849 239 1913 libus.
281 1847 356 1930 (33)
384 1845 467 1924 Quae
499 1849 603 1927 quibus
632 1847 706 1908 locis
737 1847 869 1908 animalia
896 1865 954 1906 non
983 1849 1053 1908 sint.
1098 1845 1161 1926 (84)

150 1933 210 1994 Ubi
235 1944 266 1995 et
293 1953 369 2013 quae
396 1933 516 1994 advenis
549 1940 658 1994 tanturn
685 1940 827 2010 noceant,
857 1931 907 1992 ubi
933 1940 964 1992 et
990 1951 1068 2010 quae
1098 1933 1184 1994 indi-a

149 2019 238 2097 genis
264 2027 381 2080 tantum.
425 2017 556 2080 Summa:
582 2035 633 2078 res
660 2024 691 2078 et
714 2017 857 2078 historiae
883 2025 915 2078 et
940 2016 1161 2078 observationes

149 2099 404 2163 DCCLXXXVII.

213 2185 259 2246 Ειι
279 2186 465 2246 auctoribus:
492 2185 643 2265 blociano,
673 2185 821 2264 Procilio,
846 2183 955 2250 Verrio
977 2185 1107 2265 Flacco,
1133 2185 1160 2251 h

149 2273 277 2349 Pisone,
300 2269 442 2332 Cornelio
464 2270 641 2350 Valeriano,
664 2267 778 2334 Catone
802 2274 957 2350 censorio,
982 2271 1161 2346 Fenestella,

70 2364 74 2372 ’
152 2355 265 2434 Trogo,
282 2357 367 2434 actis,
387 2353 560 2434 Columella,
573 2354 721 2434 Vergilio,
737 2355 885 2434 Varrone,
902 2355 1027 2432 barcilio,
1044 2356 1184 2417 hletelloa

150 2441 310 2520 Scipione,
328 2438 469 2502 Cornelio
487 2440 577 2502 Celso
585 2439 741 2519 Nigidio,
757 2439 867 2502 Trebio
881 2439 987 2518 Nigro,
1004 2440 1161 2520 Pomponio

149 2525 249 2603 Mela,
269 2525 397 2588 Mamilio
414 2525 497 2592 Sura.
532 2525 690 2586 Externis:
711 2525 889 2604 lubarcge,
911 2525 1057 2602 Polybio,
1077 2523 1162 2586 Hero-

150 2611 242 2688 doto,
264 2611 439 2690 Antipatro,
458 2610 644 2688 Aristotele,
659 2609 811 2671 Demetrio
828 2610 968 2690 physico,
984 2609 1162 2684 Democrito,

152 2695 375 2776 Theophrasto,
391 2695 541 2774 Euanthe,
566 2696 726 2775 Scopaqui
745 2689 1023 2776 θἰῑυμπιονίκας,
1039 2694 1162 2756 Hierone

150 2799 237 2860 rege,
249 2781 347 2842 Attalo
363 2799 448 2860 rege,
461 2781 660 2842 Philometore
675 2799 761 2858 rege,
775 2777 874 2840 Ctesia
876 2781 1020 2858 ,Duride,
1033 2779 1186 2854 Philistum

149 2865 298 2942 Archyta,
317 2865 499 2946 Phylarcho,
516 2865 711 2944 Amphilocho
727 2864 900 2943 Athenaeo,
916 2865 1080 2944 Anaxipoli
1097 2865 1163 2925 Tha·

149 2951 210 3028 sio,
228 2949 415 3030 Apollodoro
430 2949 563 3028 lemnio,
578 2949 777 3028 Aristophane
791 2947 921 3027 Milesio,
937 2950 1093 3028 Antigono
1113 2947 1163 3024 Cy·

149 3051 255 3114 maen,
276 3035 442 3114 Agathocle
467 3034 559 3113 Chio,
580 3034 742 3113 Apollonio
762 3033 964 3112 Pergameno,
990 3034 1162 3098 Aristandro

151 3118 324 3198 Athenaeo,
345 3120 471 3181 Bacchio
489 3119 624 3196 Milesio,
649 3119 741 3180 Bione
760 3119 904 3196 Solense,
925 3117 1063 3180 Chaerea
1081 3119 1162 3180 Athe·

150 3221 238 3282 naeo,
253 3204 386 3268 Diodoro
396 3204 553 3282 Prienaee,
568 3203 665 3265 Dione
679 3203 877 3283 Colophonio,
889 3201 1027 3284 Epigene
1040 3203 1161 3278 Rhodio,
1169 3221 1186 3263 ιι

148 3287 213 3350 an
236 3307 293 3350 one
303 3289 411 3350 Thasio
414 3288 606 3368 Euphronro
618 3289 785 3366 Athenaeo,
796 3287 926 3370 llegesra
937 3285 1096 3366 Maroneo
1109 3285 1162 3348 ble-

150 3309 268 3436 nambus
279 3374 424 3435 Prrenaeo
436 3384 467 3435 ct
478 3374 666 3453 Heracleote
682 3373 850 3436 Menecrate
863 3383 964 3453 poeta,
980 3334 1161 3440 Androtione

148 3461 200 3538 qui
216 3459 254 3520 de
270 3457 447 3536 agricultura
460 3460 597 3540 scripsit,
617 3459 803 3522 Aeschrione
818 3461 867 3540 qui
882 3461 969 3536 item,
991 3455 1161 3536 Lysimacho
