2572 3936
313 257 318 262 =
355 175 880 248 NAT.iusr.1xsr-o1(so-eu
1063 177 1125 243 157

108 325 254 406 quicquid
277 342 314 385 ex
337 343 372 386 eo
395 327 534 407 mittitur,
564 334 703 406 suspecta
730 328 812 388 lraus
839 327 966 407 praedae
990 336 1049 408 est,
1079 347 1125 388 ca·

1 423 2 444 ³
108 421 228 496 vetque,
249 413 331 493 quod
354 415 462 476 timuit.
507 433 577 476 cum
599 415 630 476 id
653 433 741 496 saepe
765 417 877 478 lactum
900 425 960 498 est,
977 435 1056 478 unus
1075 417 1126 478 ali·

109 503 230 583 quaudo
253 503 469 565 consuetudine
492 505 634 566 invitatus
652 505 768 566 anthias
791 524 890 568 escam
908 506 1029 586 adpetit.
1065 524 1117 566 no·
1129 514 1179 564 181

108 600 193 654 tatur
214 593 263 654 hic
286 594 451 654 intentione
475 592 609 673 diligenti
631 602 666 655 ut
684 601 788 656 auctor
811 596 876 676 spei
894 595 1127 674 conciliatorque

78 690 260 761 scapturae
306 699 404 762 neque
427 689 474 742 est
496 681 629 766 difficile,
654 702 724 746 cum
745 702 801 763 per
824 684 936 764 aliquot
959 683 1023 746 dies
1046 684 1143 751 solus,

108 770 253 832 accedere
277 769 391 832 audeat.
436 771 558 833 tandem
580 781 611 834 et
633 772 748 853 aliquos
770 775 896 854 invenit,
925 773 1126 854 paulatimque

108 862 279 920 comitatior
301 867 453 940 postremo
476 879 582 940 greges
605 861 726 924 adducit
747 864 935 944 innumeros,
965 865 1022 924 iam
1045 871 1127 923 vetu-

109 951 250 1010 stissimis
264 948 433 1028 quibusque
448 950 579 1028 adsuetis
592 953 773 1032 piscatorem
787 961 947 1030 agnoscere
962 943 992 1013 et
1007 970 1023 1012 e
1038 969 1128 1012 manu

110 1037 213 1100 cibum
235 1055 351 1118 rapere.
397 1046 461 1099 tum
484 1038 533 1100 ille
561 1040 683 1120 paulum
705 1040 785 1102 ultra
807 1041 916 1120 digitos
943 1043 974 1102 in
997 1042 1127 1102 000313-

65 1145 97 1188 10
111 1127 381 1189 cuatusshamum
409 1127 546 1207 singulos
578 1129 689 1190 involat
719 1130 819 1192 verius
849 1145 939 1209 quam
968 1132 1060 1210 capit,
1092 1129 1128 1190 ab

110 1216 218 1284 umbra
240 1219 322 1277 navis
349 1215 433 1277 brevi
456 1225 564 1279 conatu
592 1223 712 1296 rapiens
740 1220 780 1280 ita
808 1237 846 1279 ne
874 1220 968 1280 ceteri
991 1220 1130 1298 sentiant,

111 1305 168 1366 alio
191 1308 273 1367 intus
297 1307 463 1390 excipiente
487 1307 666 1368 centonibus
688 1315 816 1389 raptum,
839 1326 877 1368 ne
897 1301 1050 1387 palpitatio
1069 1305 1129 1367 ulla

111 1403 164 1456 aut
195 1413 287 1456 sonus
319 1402 436 1456 eeteros
468 1394 573 1476 abigat.
629 1395 851 1458 conciliatorem
882 1395 971 1456 nos'se
999 1395 1036 1456 ad
1062 1395 1120 1456 boc
1131 1408 1182 1458 182

111 1484 248 1566 prodest,
271 1502 309 1544 ne
333 1486 475 1566 capiatur,
503 1484 635 1565 fugituro
658 1487 696 1546 in.
712 1486 862 1564 reliquum
885 1503 983 1564 grege.
1029 1485 1130 1545 lerunt

70 1591 99 1634 15
113 1573 282 1634 discordem
312 1575 428 1634 socium
457 1573 526 1636 duci
556 1574 729 1636 insidiatum
757 1573 882 1654 pulchre
913 1582 984 1635 noto
1013 1577 1128 1654 cepisse

112 1661 246 1722 malefica
268 1661 433 1742 voluntate3
463 1665 596 1742 agnitum
623 1666 654 1724 in
677 1663 800 1725 macello
828 1682 844 1724 a
868 1665 948 1725 socio
977 1665 1063 1724 cuius
1085 1665 1129 1722 in·

112 1753 190 1812 iuria
205 1759 269 1811 erat
285 1759 316 1811 et
328 1750 428 1811 damni
441 1751 599 1812 formulam
614 1751 723 1813 editam
741 1753 1030 1831 condemnatumque
1049 1751 1130 1812 addit

113 1838 298 1900 Mucianus
321 1842 475 1901 aestimata
491 1840 553 1902 lite.
589 1841 679 1902 iidem
697 1841 824 1923 anthiae,
847 1859 915 1902 cum
932 1859 1027 1902 unum
1042 1841 1129 1900 hamo

114 1929 212 1989 teneri
225 1927 363 2010 viderint,
386 1931 480 2010 spinis
500 1948 573 2009 quas
591 1933 623 1992 iu
640 1930 729 1990 dorso
749 1938 877 1991 serratas
895 1929 1004 1991 habent
1021 1929 1129 1990 lineam

72 2037 102 2080 30
115 2035 217 2078 secare
240 2017 400 2080 traduntur
427 2037 463 2080 eo
492 2021 544 2098 qui
571 2027 709 2082 teneatur
736 2019 914 2080 extendente
942 2027 977 2080 ut
998 2018 1130 2099 praecidi

113 2108 217 2186 possit.
262 2115 292 2168 at
318 2109 399 2169 inter
427 2126 529 2188 sargos
557 2111 622 2190 ipse
649 2111 701 2188 qui
728 2115 848 2170 tenetur
875 2108 911 2170 ad
935 2109 1073 2188 scopulos
1097 2107 1129 2168 li·

113 2213 201 2258 neam
221 2199 301 2258 terit.

182 2281 241 2347 60.
266 2279 340 2367 (86)
364 2286 488 2347 Praeter
506 2287 580 2349 haee
599 2287 695 2349 claros
718 2288 861 2368 sapientia
880 2293 1018 2347 auctores
1036 2285 1183 2348 video183

114 2375 218 2434 mirari
247 2373 363 2434 stellam
393 2377 425 2435 in
454 2379 538 2436 mari.
584 2395 619 2437 ea
645 2378 740 2456 tigma
767 2384 826 2456 est,
855 2393 945 2455 parva
972 2374 1130 2436 admodum

74 2480 103 2523 ss
116 2479 185 2523 caro
207 2464 300 2544 intus,
322 2471 405 2529 extra
421 2463 542 2525 duriore
557 2465 640 2525 03110.
675 2466 746 2526 huic
765 2473 826 2526 tam
844 2467 964 2543 igneum
982 2465 1131 2523 servorem
1184 2515 1185 2519 ,

116 2569 182 2612 esse
204 2551 328 2613 tradunt
354 2559 388 2612 ut
415 2555 513 2614 omnia
539 2555 571 2614 in
598 2556 673 2614 mari
701 2561 836 2614 contacta
863 2552 981 2633 adurat,
1012 2568 1131 2613 omnem

116 2639 217 2702 cibum
244 2643 344 2702 statim
370 2651 499 2721 peragat.
550 2641 659 2722 quibus
687 2644 726 2702 sit
752 2641 809 2702 hoc
836 2641 989 2719 cognitum
1016 2642 1130 2719 experi-

116 2733 225 2792 mentis
247 2729 325 2791 baud
350 2730 434 2792 lacile
457 2731 596 2813 dixerim,
623 2724 777 2810 multoque
800 2728 1022 2790 memorabilius
1040 2721 1149 2790 duxe'

116 2821 174 2881 rim
196 2819 226 2880 id
250 2821 336 2880 cuius
355 2820 532 2901 experiendi
555 2819 663 2882 cotidie
686 2821 802 2880 occasio
826 2826 880 2879 est.

76 2926 105 2968 co
184 2903 243 2970 ol.
268 2901 343 2991 (87)
376 2909 563 2972 Conobarum
590 2929 606 2970 e
634 2927 744 2989 genere
772 2915 843 2969 sunt
870 2905 977 2986 dactyli
1005 2905 1041 2966 ab
1068 2905 1121 2967 bu·
1134 2919 1185 2969 184

117 3015 273 3059 manorum
300 3000 447 3078 unguium
474 2997 666 3060 similitudIne
694 2996 841 3077 appellati.
890 2995 937 3057 his
969 3003 1074 3057 natura
1101 2997 1132 3056 in

117 3087 250 3146 tenebris
273 3097 388 3150 remoto
407 3087 517 3149 lumine
537 3088 594 3148 alio
613 3087 727 3167 lulgere
747 3086 836 3167 claro,
859 3094 890 3147 et
908 3093 1018 3164 quanto
1039 3087 1132 3164 magis

191 3319 260 3366 lex
278 3327 312 3366 ea
329 3319 354 3368 d.
375 3315 379 3382 Ι
399 3313 521 3368 mittitur
537 3312 606 3368 Bas.
635 3313 761 3366 mutetur
778 3311 806 3365 ll.
825 3311 885 3366 edd.
899 3315 960 3365 cett.
976 3313 981 3378 Ι
997 3312 1132 3378 cavetque

118 3384 176 3438 cod.
194 3383 262 3438 Dal.
290 3398 387 3454 -esque
404 3385 446 3439 1¹.
474 3400 591 3453 -ensque
609 3400 654 3438 ro.
729 3379 943 3452 incoepere?
968 3383 973 3450 1
997 3381 1072 3434 ultra
1089 3380 1131 3433 1².

117 3455 194 3509 ultro
211 3454 249 3510 ad
265 3471 289 3510 r.
346 3461 377 3510 11
398 3458 501 3511 conatu
516 3455 628 3526 rapiens
644 3454 713 3509 Dal.
737 3455 795 3508 -tur
813 3455 866 3524 (tu
882 3453 916 3522 B)
937 3453 1036 3507 absens
1054 3456 1132 3506 rite.

118 3528 177 3580 -tur
195 3526 268 3580 abac*
287 3531 312 3581 d.
412 3534 445 3582 16
464 3544 482 3582 3
499 3543 550 3583 orn.
568 3530 641 3580 red.
746 3529 779 3580 18
798 3523 947 3580 3301103313
964 3523 1014 3578 lite
1031 3528 1063 3576 B.
1092 3526 1134 3577 -at

119 3597 201 3652 aliter
218 3615 242 3652 r.
307 3604 394 3655 21129
413 3597 541 3654 duxerim
558 3598 625 3654 Dal.
654 3597 713 3652 dix·
732 3598 760 3652 ll.
824 3601 859 3652 30
878 3595 914 3650 31)
932 3612 982 3651 om.
1001 3600 1074 3648 rad.

119 3674 152 3723 32
170 3669 279 3740 fulgere
298 3672 357 3726 ati.
385 3687 464 3741 -gore
482 3671 524 3725 1¹².
552 3670 650 3742 fugere
669 3687 692 3724 r.
