2308 3936
230 229 311 278 nnn.
328 230 420 278 ruse.
438 229 474 276 11.
496 226 617 280 60-64.
636 214 786 300 (ol—64.)
991 221 1031 282 te

51 377 162 466 'quaesita
183 394 275 444 morte
299 385 449 464 sepultura
474 383 580 463 pabulo
605 385 705 461 lieret,
730 403 766 445 ne
792 385 862 446 ferri
887 387 1031 449 cruciatus

54 471 175 530 scinderet
192 486 309 548 corpus.
342 470 382 529 ita
399 476 460 544 est,
481 469 609 529 miserita
630 471 729 546 genuit
749 470 778 530 id
795 472 879 530 cuius¹
892 471 1030 532 facillimo

52 555 131 614 baustn
144 552 262 614 inlibato
279 570 406 632 corpore
423 561 453 612 et
467 569 531 611 cum
543 560 604 612 toto
623 555 773 631 sanguine·
795 555 1032 632 extingueremur

51 638 109 698 nullo
123 637 233 710 labore,
251 637 412 696 sitientibus
428 636 547 712 similes,
564 637 689 716 qualiter
705 637 859 709 defunctos
875 657 933 699 non
948 640 1030 699 volu-

37 723 163 797 ncriqnon
174 719 257 784 ferae
270 728 460 800 attingerent,
476 730 633 801 terraeque
651 730 819 783 servaretur
837 725 884 802 qui
903 723 1030 803 sibiipsi

50 807 159 884 perisset.
191 805 301 866 Verum
316 804 465 866 fateamur.
497 815 575 864 terra
593 805 677 866 nobis
692 806 831 867 malorum
849 807 1008 868 remedium
1021 822 1072 876 157

49 894 132 966 genuit,
148 907 203 950 nos
218 889 289 949 illud
300 891 381 956 ‚vitae
397 889 519 949 fecimus
534 907 687 949 venenum.
724 907 784 951 nou
800 892 875 952 enim
892 901 921 952 et
936 891 1028 969 ferro,

48 992 86 1053 qno
106 992 206 1034 carere
224 991 282 1032 non
300 991 469 1052 possumus,
496 973 580 1033 simili
601 973 687 1034 modo
710 973 834 1035 utimur?
862 983 1029 1038 nontamen

48 1076 213 1136 quereremur
228 1057 349 1133 merito,
367 1058 478 1118 etiarnsi
492 1057 618 1118 malefici
634 1073 721 1118 causa
738 1059 862 1120 tulisset.
888 1059 1029 1121 adversus

30 1159 108 1202 :cunam
129 1144 239 1222 quippe
266 1149 384 1201 naturae
405 1150 517 1220 partem
541 1141 645 1218 ingrati
669 1159 775 1202 sumus.
810 1141 889 1217 Quas
911 1161 968 1202 non
993 1145 1028 1203 ad

46 1227 143 1286 delicias
159 1244 291 1306 quasque
307 1242 364 1285 uon
379 1224 415 1285 ad
431 1225 620 1286 contumelias
635 1227 725 1286 servit
740 1225 867 1286 hominii
893 1227 925 1287 ln
940 1228 1029 1287 maria

46 1313 134 1386 iacitur,
150 1319 199 1370 aut
216 1319 246 1369 ut
261 1309 335 1370 freta
351 1309 530 1370 admittamus
549 1310 686 1370 eroditur.
716 1313 809 1390 aquis,
825 1309 917 1387 ferro,
936 1311 1027 1388 ligno,

44 1395 95 1470 igni,
122 1393 237 1472 lapide,
255 1393 355 1471 fruge,
373 1393 504 1453 omnibus
520 1395 663 1454 cruciatur
674 1393 776 1471 boris,
799 1395 947 1474 multoque
963 1395 1029 1473 plus

44 1487 64 1535 nt
81 1476 188 1538 deliciis
209 1496 295 1558 quam
317 1486 347 1538 ut
364 1476 507 1538 alimentis
529 1477 684 1539 famuletur
709 1481 825 1538 nostris.
866 1488 896 1541 et
912 1489 1008 1539 tamen
1022 1483 1073 1539 158

24 1579 100 1639 cquae
113 1581 221 1622 summa
236 1563 359 1642 patiatur
374 1571 461 1641 atque
485 1571 614 1622 extrema
635 1571 701 1622 cute
723 1563 889 1624 tolerabilia
911 1563 1027 1624 videan-

44 1655 83 1721 tur,
98 1656 283 1725 penetramus
300 1648 329 1706 in
350 1647 466 1706 viscera
482 1647 542 1706 auri
558 1647 728 1726 argentique
746 1666 837 1708 venas
854 1657 883 1708 et
899 1647 976 1708 aeris
995 1663 1029 1705 ac

44 1730 131 1808 plumbi
147 1731 267 1792 metalla
282 1730 438 1805 fodientes,
455 1747 584 1806 gemmas
597 1732 683 1791 etiam
696 1741 725 1790 et
737 1733 877 1811 quosdam
889 1729 1029 1811 parvulos

42 1817 186 1892 quaerimus
202 1814 318 1894 lapides
333 1813 487 1874 scrobibus
503 1815 532 1873 in
547 1814 719 1892 profundum
734 1817 816 1876 actis.
837 1817 954 1876 viscera
968 1813 1030 1872 eius

43 1900 208 1960 extrahimus.
235 1907 265 1958 ut
281 1899 369 1976 digito
392 1906 540 1975 gestetur,
563 1917 676 1976 gemma
700 1902 1030 1978 petitur.quotmanuus
1054 1897 1058 1906 '

20 1991 196 2058 unncmnnnr,
215 1993 245 2042 ut
260 2001 333 2042 uuus
351 1983 440 2042 niteat
454 1983 606 2043 articulus!
634 1985 658 2044 si
673 1983 724 2043 ulli
740 1993 840 2044 essent
853 1985 956 2060 inferi,
974 1983 1030 2042 ianr

42 2069 158 2143 prolecto
181 2067 251 2128 illos
275 2068 413 2127 avaritiae
440 2075 527 2146 atque
542 2066 674 2128 luxuriae
697 2069 821 2129 cuniculi
836 2063 1029 2129 refodissent!

40 2161 61 2208 et
70 2153 199 2214 miramur
215 2153 240 2210 si
255 2151 359 2211 eadem
375 2150 412 2210 ad
428 2168 532 2210 noxam
548 2153 647 2229 genuit
664 2150 781 2230 aliqua?
824 2152 907 2212 ferae
923 2152 1073 2225 enim,159

41 2237 130 2313 credo,
161 2236 325 2296 custodiunt
350 2235 428 2294 illam
450 2245 609 2316 arcentque
636 2237 797 2314 sacrilegas
823 2235 952 2300 manuus.
972 2250 1031 2294 non

39 2319 400 2400 interserpeutesfodimus
424 2327 453 2379 et
476 2335 567 2380 venas
584 2321 644 2379 auri
667 2329 821 2381 tractamus
844 2339 908 2380 curn
925 2319 1031 2380 veneni

16 2401 192 2464 eradicitus?
210 2403 373 2482 placatiore
384 2411 480 2462 tannen
492 2404 547 2464 dea
561 2403 598 2463 ob
612 2403 697 2478 haec,
712 2405 790 2483 quod
802 2421 903 2466 omnes
915 2403 944 2464 hi
959 2420 1030 2482 opu·

39 2485 412 2550 lentiaeexituusadscelera
421 2486 586 2566 caedesque
601 2495 631 2546 et
642 2487 721 2548 bella
737 2489 874 2564 tendunt,
892 2488 1030 2567 quodque

38 2575 162 2650 sangnine
177 2580 280 2632 nostro
297 2571 424 2648 rigamus
439 2571 650 2650 insepultisque
669 2570 784 2631 ossibus
804 2573 944 2650 tegimus,
968 2569 1029 2648 qui·

38 2655 80 2714 bus
93 2666 188 2717 tamen
209 2655 291 2716 velut
314 2653 491 2733 exprobrato
512 2654 612 2715 furore
635 2655 751 2716 tandem
773 2656 889 2734 ipsese
911 2651 1030 2714 obducit

38 2749 59 2798 et
75 2742 191 2802 scelera
213 2756 332 2819 quoque
348 2739 509 2799 mortalium
525 2737 659 2800 occultat.
695 2739 773 2800 inter
791 2739 908 2799 crimina
924 2735 1028 2814 ingrati

14 2827 106 2886 :canni
121 2835 151 2885 et
166 2825 226 2885 boc
244 2823 376 2884 duxerim
392 2823 469 2902 quod
483 2831 611 2890 naturam
627 2824 690 2882 eius
704 2825 880 2901 ignoramus.

83 2911 131 2972 64.
153 2910 239 2988 (64.)
256 2905 310 2967 Est
325 2915 419 2968 autem
435 2907 524 2984 ligura
536 2907 627 2986 prima
644 2907 679 2966 de
696 2925 752 2987 qua
765 2925 925 2968 consensus
937 2907 1007 2967 iudi·
1022 2911 1073 2966 160

36 3004 78 3053 cat.
110 2993 223 3054 Orbem
239 3001 321 3052 certe
339 2992 458 3052 dicimus
472 2999 589 3066 terrae,
616 2991 792 3072 globumque
814 2991 974 3052 verticibus
989 2993 1030 3050 in·

36 3077 98 3139 cludi
114 3079 250 3138 latemur.
285 3094 383 3156 neque
402 3077 476 3136 euim
498 3074 623 3136 absoluti
645 3075 725 3135 orbis
741 3085 786 3136 est
801 3075 893 3136 forma
910 3078 1031 3136 intanta

34 3165 158 3222 montium
175 3160 362 3236 excelsitate,
378 3168 456 3220 tanta
471 3176 636 3237 camporum
651 3159 781 3238 planitie,
801 3160 855 3221 sed
873 3162 954 3221 cuius
972 3177 1030 3221 arn-

12 3247 145 3323 ¹oplexus,
174 3246 198 3306 si
216 3245 312 3324 capita
329 3244 459 3305 liniarum
475 3243 746 3321 conprehendantur
763 3245 886 3318 ambitu,
909 3245 1029 3322 figuram

33 3335 147 3394 absoluti
166 3333 249 3393 orbis
266 3331 392 3406 efficiat,
413 3329 442 3388 id
458 3327 536 3406 quod
551 3329 616 3407 ipsa
635 3343 733 3386 rerum
748 3333 848 3386 natura
864 3329 961 3402 cogit,
976 3341 1035 3382 non

35 3419 125 3480 iisdem
142 3420 242 3478 causis
264 3431 336 3494 quas
360 3412 504 3472 attulimus
521 3413 550 3470 in
569 3409 663 3472 caelo.
696 3428 819 3489 namque
841 3411 870 3468 in
891 3406 943 3467 illo
965 3423 1034 3466 cava

35 3503 57 3564 in
80 3524 111 3566 se
137 3501 314 3564 convexitas
340 3497 453 3575 vergit,
482 3503 513 3556 et
539 3493 646 3556 cardini
674 3513 744 3572 suo,
769 3492 828 3620 pop
854 3491 1033 3567 est'tcrrae,
