2308 3936
185 189 268 276 111.
285 230 378 278 mrsu.
395 230 433 277 11.
452 198 722 296 tt-15.(d—1a.)
938 221 978 280 75

27 383 134 458 hebetari,
153 401 219 444 nunc
235 385 272 444 ab
293 402 437 444 occasnus
452 393 535 464 parte
550 383 608 446 lroc
623 385 651 444 ei
668 387 822 462 accidere,
851 403 927 446 nnnc
941 385 977 447 ab

28 477 134 544 crunnus,
149 486 263 546 quanam
274 470 402 547 rationo,
423 487 486 529 cum
501 468 574 529 solis
590 479 693 529 exortu
708 470 808 532 umbra
823 469 873 531 illa
888 469 979 531 hebe-

27 554 81 612 ntr'u
91 551 136 612 solt
150 561 222 613 terra
237 571 308 614 esse
321 551 437 630 debeat,
457 554 549 614 semel
559 556 616 616 iarn
631 555 772 615 acciderit
787 563 817 616 ut
827 555 856 614 in
870 571 979 616 occasu

25 639 65 698 lun
78 637 200 697 deiiceret
216 646 345 718 utroque
366 647 581 716 superterram
602 640 762 718 conspicuo
779 639 886 700 sidere.
915 658 979 700 nam
1065 665 1069 673 ¹

14 731 42 788 aut
56 720 95 779 llll
114 720 207 782 diebus
229 731 386 801 utrumque
412 721 490 782 sidus
515 731 708 802 quaereretur
731 732 760 784 et
783 733 883 784 nostro
905 741 979 785 aevo

24 805 92 866 eccidit
105 805 322 886 imperatoribus
337 805 524 886 vespasianis
549 816 633 886 patre
649 805 699 867 lll.
718 807 778 868 lilio
793 809 895 868 iterum
911 825 978 868 con·

24 890 103 948 nulllus.

60 975 94 1034 14.
109 973 185 1054 (11.)
203 973 313 1034 Lunam
330 992 447 1054 semper
462 976 575 1036 aversis
591 993 608 1036 a
623 976 688 1036 sole
708 976 855 1053 cornibus,
873 978 897 1036 si
916 988 1023 1041 cretis

23 1067 69 1133 nrt,
84 1065 170 1118 ortuns
183 1068 339 1138 spectare,
369 1060 394 1118 11
418 1061 574 1138 minuatur,
596 1077 749 1138 occasune,
774 1061 842 1121 haut
865 1060 980 1122 dubium

13 1151 54 1204 rest.
66 1143 147 1204 lucere
162 1142 321 1204 dodrantes
337 1145 499 1204 semuncias
514 1143 650 1204 horarum
665 1143 701 1204 ab
714 1145 843 1204 secunda
854 1145 980 1206 adicien-

22 1237 54 1286 tem
70 1247 146 1308 usqne
169 1228 205 1288 ad
231 1227 348 1307 plenum
372 1228 474 1289 orbem
492 1227 751 1308 detrahentemque
767 1230 796 1288 in
811 1229 980 1289 deminutio·

22 1329 66 1389 ren,
79 1313 140 1372 intra
155 1313 389 1392 quattuordecim
400 1321 496 1374 autem
505 1321 604 1392 partes
615 1313 687 1374 solis
703 1331 822 1392 semper
837 1313 981 1374 occultam

21 1415 68 1455 erre.
93 1396 150 1471 Quo
165 1407 340 1476 argumento
358 1397 482 1477 amplior
497 1399 653 1458 errantium
671 1396 819 1458 stellarum
836 1415 920 1478 quam
938 1397 980 1458 lu·

21 1499 52 1539 me
61 1482 206 1558 magnitudo
224 1482 385 1561 colligitur,
403 1482 518 1563 quando
533 1481 602 1543 illae
618 1491 648 1542 et
663 1499 679 1542 a
694 1484 824 1560 septenis
839 1481 981 1542 interdum
1079 1543 1081 1549 ,

13 1564 106 1642 tpartiltm
122 1576 283 1646 emergant.
311 1567 364 1628 sed
386 1567 506 1628 altitudo
528 1567 608 1644 cogit
629 1567 756 1626 minores
774 1565 883 1642 videri,
906 1568 981 1627 sicut

21 1650 90 1709 111111
102 1651 179 1712 caelo
195 1652 271 1714 solis
287 1651 404 1730 iulgore
420 1651 544 1712 interdiu
559 1668 617 1711 non
635 1651 734 1726 cerui,
754 1669 818 1711 cum
834 1668 929 1731 aeque
946 1668 981 1712 ac

21 1743 71 1794 ructu
85 1735 207 1814 luceant,
234 1737 325 1816 idque
349 1735 531 1796 manifestum
552 1735 601 1798 dat
624 1735 742 1796 deiectu
759 1735 831 1798 solis
848 1744 877 1796 et
894 1753 979 1815 prae·

20 1818 56 1877 ulis
82 1823 154 1881 nteis.

55 1839 88 1963 tl.
103 1905 179 1988 (12.)
197 1905 364 1966 Errantium
380 1914 476 1966 autem
492 1913 570 1981 tres,
593 1923 664 1986 quas
685 1922 774 1984 supra
795 1904 889 1964 solem
906 1903 976 1964 dixi·
988 1908 1023 1958 ott

12 1991 546 2067 111111111,111111111111111111111
564 2007 618 2067 eo,
637 1991 806 2050 exoriuntur
823 2005 895 2050 vero
919 1979 1021 2065 manli,

21 2073 73 2130 nim
83 2075 261 2136 discedentes
277 2074 409 2155 partibus
421 2093 574 2155 numquam
587 2073 710 2154 amplius
722 2073 854 2134 undenis.
875 2081 979 2152 postea

20 2155 115 2219 oliorum
128 2161 188 2220 eius
208 2167 349 2221 contactu
365 2169 522 2238 reguntur,
546 2167 576 2220 et
601 2161 631 2220 in
646 2161 790 2240 triquetro
816 2156 980 2236 apartibus

20 2250 95 2302 rentum
110 2245 207 2322 viginti
238 2247 382 2306 stationes
408 2245 560 2306 matutinas
578 2245 703 2320 iaciunt,
732 2260 807 2324 quac
825 2251 854 2301 et
870 2243 980 2320 primae

20 2335 126 2405 rorantur,
146 2347 215 2390 mox
240 2331 270 2389 iu
292 2329 418 2390 adverso
439 2347 456 2390 a
477 2327 608 2408 partibus
625 2337 740 2389 centurn
757 2327 907 2404 octoginta
929 2343 979 2386 ex·

12 2416 80 2470 tortum
90 2417 281 2493 vespertinos,
291 2413 454 2494 iterumque
469 2415 498 2472 iu
516 2421 631 2473 centum
653 2412 754 2490 viginti
768 2410 804 2470 ab
814 2411 872 2470 alio
885 2410 980 2470 latere

18 2490 979 2578 adpropinquantesstationosvcspertinas‚quasetsecundasvocant‚

19 2573 77 2637 lmen
90 2583 241 2644 adsecutus
257 2583 287 2642 in
304 2580 435 2662 partibus
451 2579 593 2640 duodenis
609 2579 741 2640 occultet
757 2578 839 2652 illas,
863 2579 912 2658 qui
929 2597 980 2638 ve·

20 2665 96 2736 spertiui
109 2683 250 2728 occasnus
267 2667 461 2746 appellantur.
481 2663 583 2724 lllartis
609 2663 695 2724 stella
711 2671 741 2724 ut
756 2663 878 2741 propior
895 2663 1024 2723 etiamdt)

21 2761 40 2801 tt
54 2750 168 2825 quadrato
192 2751 284 2811 sentit
306 2749 423 2825 radios,
451 2765 467 2808 a
495 2749 651 2826 nonaginta
675 2746 823 2827 partibus,
849 2745 925 2806 nude
951 2755 981 2806 et

12 2843 85 2891 innuen
104 2837 213 2916 accepit
234 2843 332 2895 motus
360 2835 467 2914 primus
491 2840 521 2892 et
541 2831 687 2893 secundus
705 2831 922 2910 nonagenarius
938 2830 979 2891 di·

22 2917 97 2978 1111111
114 2929 236 3001 utroque
261 2927 375 2979 exortu.
411 2916 515 2978 eadem
536 2917 698 2976 stationalis
726 2917 805 2976 senis
831 2914 980 2976 mensibus

21 3012 152 3064 tumorator
166 3007 195 3065 in
212 3004 317 3082 signis,
336 3001 443 3082 alioqui
461 3000 624 3080 bimestris,
642 3019 706 3062 cum
721 3011 840 3062 ceterae
856 3008 979 3080 utraque

21 3083 101 3147 statione
123 3098 281 3168 quaternos
309 3105 427 3148 menses
447 3103 505 3146 non
529 3085 668 3165 inpleant.
699 3083 860 3146 lnieriores
885 3077 1019 3145 cutemtl

21 3161 64 3226 dne
73 3174 238 3234 occultantur
254 3173 284 3232 in
299 3174 378 3232 coitu
392 3171 562 3250 vespertino
577 3170 663 3230 simili
678 3170 777 3244 modo,
795 3169 981 3248 relictaeque

12 3261 29 3306 n
41 3252 83 3313 mle
95 3258 203 3320 totidem
219 3259 250 3317 in
266 3256 395 3336 partibus
410 3255 518 3316 iaciunt
527 3262 667 3314 exortuus
679 3255 841 3331 matutinos,
852 3252 889 3314 ad
905 3271 980 3332 quos

24 3334 184 3416 tlongissimis
205 3343 361 3405 distantiae
385 3358 455 3400 suae
476 3339 562 3399 metis
582 3338 676 3398 solem
709 3339 888 3416 insecuntur,
930 3337 980 3396 ad·

25 3427 125 3503 tuaeque
150 3443 259 3488 occasu
285 3427 421 3486 matutino
446 3423 605 3484 conduntur
632 3439 668 3482 ac
688 3430 884 3500 praetereunt.
911 3438 980 3480 rnox

25 3503 91 3568 ttden
102 3512 246 3573 intervallo
265 3527 396 3590 vespere
414 3509 582 3570 exoriuntur
599 3524 692 3584 usque
710 3506 746 3566 ad
762 3522 834 3586 quos
853 3504 1012 3565 diximusne
