2302 3938
263 295 342 346 uar.
358 297 448 347 ursa.
466 297 514 345 111.
536 289 819 358 10--11110-13.)
987 287 1048 354 149

59 456 141 518 Histro
155 455 182 516 in
196 453 329 514 Hadriam
344 450 484 514 effluente
500 451 661 514 eDanuvio
673 471 755 514 amne
772 451 935 535 eodemque
947 455 1047 518 Histro

60 541 229 602 exadversum
245 537 315 599 Padi
335 538 452 615 lauces,
475 538 623 597 contrario
640 555 742 598 eorum
762 556 903 617 percussu
921 543 991 601 mari
1009 545 1049 602 in-

58 628 164 686 teriecto
179 624 386 700 dulcescente,
410 622 547 701 plerique
563 622 667 683 dixere
684 623 778 700 falso,
800 632 830 684 et
845 623 947 703 Nepos
963 628 1048 686 etiam

58 709 111 771 Tadi
130 709 238 770 adcola.
266 707 360 768 nullus
377 708 454 767 enim
475 725 512 766 ex
525 705 658 766 Danuvio
672 709 762 767 amnis
777 709 807 767 in
822 727 901 769 mare
916 709 1033 770 Hadria·
1051 720 1100 771 128
1143 719 1144 722 ’

34 797 126 854 tticum
140 793 302 855 effunditur.
337 791 481 871 deceptos
499 790 608 865 credo,
635 793 770 870 quoniam
787 791 871 870 Argo
893 795 974 854 navis
998 793 1049 854 ilu-

56 881 115 940 nine
126 880 153 939 in
165 896 247 938 mare
262 876 456 936 Hadriaticum
467 874 619 938 descendit
632 893 690 936 non
702 876 805 955 procul
820 875 979 955 Tergeste,
996 897 1051 940 nec

55 967 98 1023 ian
115 971 229 1024 constat
251 979 308 1040 quo
332 959 458 1022 flumine.
497 961 604 1020 umeris
628 968 785 1022 travectam
810 960 905 1041 Alpes
928 963 1051 1042 diligen-

56 1049 129 1108 tiores
150 1046 284 1122 tradunt,
308 1044 425 1106 subisse
441 1053 538 1106 autem
553 1042 670 1122 Histro,
691 1046 759 1106 dein
775 1044 870 1124 Savo,
893 1047 960 1108 dein
974 1046 1050 1107 Nau-

54 1139 139 1210 porto,
161 1133 208 1192 cui
226 1148 332 1191 nomen
354 1147 392 1191 err
409 1147 443 1190 ea
459 1147 546 1189 cansa
563 1137 610 1189 est
629 1131 706 1189 inter
722 1131 881 1190 Acmonanr
897 1131 1050 1212 Alpesque

29 1217 190 1276 1010110111.

102 1299 144 1363 19.
163 1297 249 1378 (23.)
264 1296 374 1358 Histria
390 1306 421 1358 ut
434 1297 587 1375 peninsula
601 1299 740 1359 excurrit.
762 1295 955 1360 Latitudinem
972 1303 1034 1360 eius
1052 1309 1102 1362 129

53 1384 91 1446 Xl
105 1384 131 1446 Μ
146 1403 240 1464 pass,
257 1385 407 1443 circuitum
425 1380 532 1447 CXXV
547 1381 576 1441 Μ
590 1381 748 1461 prodidere
765 1383 896 1462 quidam,
915 1387 986 1444 item
1003 1385 1050 1446 ad-

53 1470 184 1530 haerentis
192 1467 350 1529 Liburniae
363 1466 540 1528 etFlanatici
553 1467 664 1543 sinnus,
674 1465 722 1526 alii
733 1464 879 1544 CCXXV,
890 1467 938 1529 alii
950 1467 1051 1528 Libur-

53 1555 105 1613 niae
120 1551 252 1613 CLXXX
266 1550 296 1611 Μ
311 1570 390 1630 pass.
413 1549 543 1612 nonnulli
560 1553 589 1610 in
605 1550 782 1612 Flanaticum
800 1553 892 1612 sinum
906 1552 1053 1633 Iapudiam

30 1666 44 1704 u
55 1655 214 1715 promovere
235 1656 250 1697 a
270 1645 356 1714 tergo
377 1635 506 1696 Histriae
522 1633 631 1696 CXXX
644 1633 674 1695 Μ
688 1654 780 1716 pass,
802 1635 870 1716 dein
886 1636 1052 1698 Liburniam

53 1721 88 1784 CL
101 1721 129 1783 Μ
143 1723 257 1783 iecere.
293 1717 451 1781 Tuditanus
467 1722 515 1800 qui
532 1720 641 1780 domuit
656 1718 773 1780 Histros
790 1722 819 1780 in
834 1729 928 1781 statua
943 1741 995 1782 sua
1010 1721 1051 1782 ibi

53 1809 206 1886 inscripsit:
237 1805 290 1866 Ab
311 1804 487 1885 Aquileia
516 1804 558 1865 ad
580 1803 720 1880 Titpurn
746 1805 881 1866 llumen
905 1806 993 1866 stad.
1013 1804 1051 1866 Μ.

53 1890 150 1970 Oppida
165 1890 296 1951 Histriae
314 1891 417 1950 civium
436 1887 633 1950 Romanorum
647 1887 779 1967 Aegida,
801 1887 984 1967 Parentium,
1003 1909 1052 1952 co-

52 1974 116 2036 lonia
130 1975 202 2036 Pola
216 1993 292 2053 quae
305 1975 383 2034 nune'
391 1971 490 2034 Pietas
507 1971 590 2050 lulla,
606 1971 749 2051 quondam
768 1991 784 2034 a
796 1971 914 2036 Colchis
927 1976 1052 2036 condita.

29 2059 123 2120 1111001
136 2079 153 2120 1
165 2057 314 2137 Tergeste
330 2055 353 2120 C
369 2056 398 2117 Μ
412 2077 490 2137 pass.
510 2075 580 2117 mox
592 2058 729 2136 oppidum
745 2057 910 2120 Nesactium
932 2067 962 2120 et
978 2079 1053 2121 nunc

52 2145 103 2204 inis
119 2143 222 2205 ltaliae
239 2143 343 2204 fluvius
363 2141 461 2203 Arsia.
498 2139 599 2202 Polam
614 2143 650 2202 ab
672 2142 795 2204 Ancona
815 2145 955 2205 traiectus
973 2142 1053 2204 CXX

51 2227 73 2286 Μ
97 2248 172 2308 pass.
201 2237 258 2288 est.
302 2227 335 2288 ln
358 2227 575 2288 mediterraneo
596 2228 728 2304 regionis
751 2227 881 2288 decimae
903 2229 1038 2289 coloniae
1055 2238 1104 2292 130

53 2309 192 2390 Cremona,
204 2313 304 2373 Brixia
317 2309 547 2372 Cenomanorum
557 2329 641 2389 agro,
654 2309 834 2374 Venetorum
843 2312 1053 2375 autemAteste

52 2407 75 2455 et
88 2399 193 2478 oppida
209 2396 345 2473 Acelum,
361 2395 525 2472 Patavium,
542 2393 736 2474 Opitergium,
752 2395 908 2475 Belunum,
926 2397 1052 2460 Vicetia.

27 2478 151 2543 cllantua
164 2481 327 2542 Tuscorum
343 2489 421 2540 trans
434 2479 541 2541 Padum
556 2480 620 2540 sola
634 2481 757 2559 reliqua.
778 2479 913 2552 Venetos
927 2481 1053 2546 Troiana

52 2568 130 2646 stirpe
148 2576 233 2628 ortos
249 2573 412 2626 auctorest
428 2562 521 2641 Cato,
538 2563 722 2625 Cenomanos
738 2567 819 2626 iuxta
833 2564 989 2628 Massiliam
1004 2568 1053 2628 ha·

51 2649 147 2712 litasse
163 2653 194 2711 in
206 2649 321 2711 Volcis.
350 2649 461 2710 Fertini
478 2657 509 2709 et
521 2647 682 2710 Tridentini
698 2659 728 2710 01
738 2649 917 2727 Beruenses,
931 2649 1054 2712 Raetica

53 2737 159 2814 oppida,
181 2733 343 2796 Raetorum
359 2743 390 2794 et
411 2733 616 2812 Euganeorum
631 2733 767 2812 Verona,
785 2733 928 2795 Iulienses
944 2732 1053 2796 Carno-

52 2837 107 2881 run.
130 2822 210 2898 dein,
226 2837 301 2898 quos
317 2818 517 2898 scrupulosius
529 2819 629 2880 dicere
644 2836 703 2880 non
718 2821 849 2896 attineat,
864 2819 1052 2900 Alutrenses,

29 2901 221 2983 uisseriates,
237 2903 458 2964 Flamonienses
471 2901 635 2964 Venienses
649 2912 679 2963 et
693 2903 742 2962 alii
757 2905 931 2980 cognomine
948 2903 1052 2983 Culici,

52 2985 261 3066 Foroiulienses
277 2989 453 3068 cognomine
468 2986 682 3066 Transpadani,
700 2987 857 3064 Toretani,
879 2985 1050 3067 Nedinates,

52 3069 222 3154 Quarqueni,
251 3071 419 3150 Taruisani,
439 3070 623 3150 Togienses,
644 3071 774 3132 Varvari.
799 3071 832 3132 ln
847 3071 905 3133 hoc
922 3076 982 3134 situ
999 3077 1041 3134 in·
1054 3085 1101 3137 131

52 3159 146 3220 teriere
171 3177 228 3238 per
248 3175 329 3218 oram
342 3157 473 3234 Irmene,
501 3155 639 3233 Pellaon,
665 3155 836 3234 Palsieium,
863 3176 902 3217 ex
926 3157 1051 3220 Venetis

53 3239 125 3304 Atina
140 3254 171 3304 et
189 3241 329 3320 Caelina,
348 3239 452 3302 Carnis
474 3240 600 3320 Segesta
616 3250 646 3302 01
662 3239 752 3318 0011,
770 3239 915 3302 Tauriscis
930 3241 1050 3304 Noreia.

30 3350 45 3386 a
54 3331 76 3383 et
86 3327 118 3388 ab
131 3327 271 3408 Aquileia
284 3327 318 3387 ad
332 3327 531 3388 duodecimum
543 3325 667 3404 lapidem
680 3325 807 3386 deletum
816 3327 951 3405 oppidum
966 3331 1052 3388 etiam

54 3409 130 3472 inrito
141 3421 245 3474 senatu
262 3409 325 3473 1Μ.
342 3409 464 3473 Claudio
476 3409 616 3472 llarcello
630 3409 660 3471 L.
674 3410 742 3472 Piso
757 3419 925 3471 auctorest.
950 3410 981 3470 ln
997 3411 1052 3472 hac

55 3497 163 3572 regione
179 3507 209 3558 01
220 3495 263 3558 XI
276 3497 374 3557 laeuus
386 3496 486 3556 incluti
500 3505 565 3556 sunt
578 3513 734 3573 amnesque
750 3511 850 3564 eorum
867 3503 986 3573 partuus
1003 3506 1052 3556 aut

55 3578 160 3660 alumni,
183 3581 311 3644 simodo
329 3589 468 3660 acceptos
486 3579 625 3659 reddunt,
646 3588 675 3640 ut
691 3578 822 3640 Adduam
837 3576 954 3658 Larius,
977 3578 1051 3640 Tici-
