2392 3946
157 141 224 210 360
503 117 651 196 arcun
671 138 828 196 sncuum

121 299 155 350 aa
225 284 277 374 (6)
308 289 384 354 Vino
414 291 621 369 antiquissimo
651 289 770 356 claritas
798 288 937 352 Maroneo
965 291 999 350 in
1027 289 1154 352 Thraciae

157 381 322 444 maritimae
345 389 429 460 parte
453 379 568 461 genito,
591 387 625 444 ut
648 387 753 442 auctor
776 387 822 440 est
843 378 1028 442 Homerus.
1071 397 1154 460 neque

157 473 239 534 enim
261 469 395 534 fabulosa
418 477 469 535 aut
491 469 528 532 de
551 470 666 549 origine
690 470 755 532 eius
778 469 858 530 varie
881 468 999 548 prodita
1021 479 1155 536 consecta-

157 578 240 642 mur,
265 559 477 642 praehrquam
497 559 667 622 Aristaeum
692 560 825 639 primum
851 560 985 630 omnum
1011 560 1044 620 iu
1070 557 1157 618 eaden

157 657 245 730 gente
268 649 327 712 mel
354 650 510 712 miscuisse
540 650 623 731 rino,
652 649 795 716 suavitate
824 649 986 729 praecipua
1015 648 1176 725 utriusquea

158 747 280 802 naturae
300 747 406 820 sponte
424 739 636 819 provenientis.
671 737 845 810 Maroneum
862 741 954 804 vicies
972 745 1057 800 tanto
1074 735 1158 798 addito

103 837 138 887 tt
158 847 252 909 aquae
281 827 467 890 miscendum
496 825 670 891 Homerus
701 827 841 908 prodidit.
891 827 979 890 durat
1012 827 1159 891 etiamnum

157 919 250 980 visin
270 916 374 978 eadem
391 924 473 980 terra
491 918 595 998 generi
616 917 759 996 rigorque
776 915 949 999 indomitus,
972 917 1083 996 qnippe
1105 933 1160 976 cum

157 1005 342 1070 Mucianus
374 1013 422 1070 ter
452 1005 558 1074 consul
588 1024 625 1071 eu
656 1007 694 1076 iia
726 1007 778 1085 quai
809 1007 983 1086 nuperrime
1016 1003 1159 1086 prodidere

157 1097 301 1158 sextarios
325 1095 459 1176 singulos
481 1097 597 1159 octonis
625 1113 718 1176 aquae
742 1097 863 1158 misceri
884 1097 1070 1176 compererit
1090 1111 1177 1174 prae-1

157 1202 226 1248 sens
248 1187 280 1248 in
304 1203 340 1246 eo
363 1193 475 1266 bactu,
503 1203 570 1248 csse
593 1193 694 1256 autem
721 1183 819 1248 colore
848 1186 981 1265 nigrum,
1012 1183 1161 1263 odoramn,

156 1282 304 1337 vetustate
326 1276 532 1355 pinguescere.
578 1282 609 1338 et
626 1274 776 1356 Pramnio,
799 1273 879 1353 quod
901 1274 981 1338 idem
1001 1273 1161 1338 Homerus

157 1362 331 1445 celebravit,
362 1366 452 1427 etiam
480 1382 561 1434 nunc
590 1363 687 1430 honos
716 1363 813 1426 durat.
866 1367 1003 1432 uescitur
1033 1362 1160 1444 Zmyrnae

104 1462 138 1511 ct
157 1455 280 1534 regione
303 1455 384 1516 iuxta
407 1451 566 1518 delubrum
587 1453 691 1516 Matris
713 1453 811 1519 deurn.
853 1455 884 1514 in
907 1453 1038 1533 reliquis
1060 1453 1161 1514 claritas
1187 1495 1188 1500 η

156 1544 261 1622 generi
279 1561 340 1604 non
358 1541 416 1604 luit
433 1542 536 1624 alicui,
555 1559 631 1604 anuo
650 1543 707 1604 luit
726 1544 859 1609 ommam
877 1560 1029 1622 generum
1046 1541 1161 1602 bonitate
1172 1551 1188 1594 u

156 1630 188 1693 L.
216 1630 334 1712 Opimio
365 1649 440 1712 cos,
470 1649 539 1695 cum
569 1630 600 1692 c.
628 1630 782 1696 Gracchus
810 1630 951 1696 tribunus
979 1630 1101 1712 plebem
1126 1649 1160 1690 se·

158 1719 322 1782 ditionibus
354 1721 467 1800 agitans
499 1723 699 1802 interemptus
732 1730 783 1786 est.
839 1739 873 1786 aa
906 1721 981 1784 caeli
1015 1721 1160 1800 temperies

156 1809 240 1872 fulsit
270 1843 312 1854 -—
343 1817 497 1872 cocturam
527 1818 634 1874 vocant
665 1843 708 1854 —
741 1809 813 1875 solis
844 1829 935 1891 opere
969 1810 1064 1874 natali
1093 1808 1160 1872 urb'n

155 1912 335 1984 ncxmn,
362 1898 530 1980 durantque
553 1899 650 1965 adbuc
673 1903 744 1963 vinc
770 1919 806 1964 ea
828 1899 968 1969 ducentis
988 1901 1059 1964 fere
1085 1900 1159 1978 aunb,

156 1991 214 2051 iam
243 1991 275 2052 in
305 1990 436 2070 speciem
469 1989 590 2056 redacta
623 1989 720 2060 mellis
753 1992 853 2070 asperi
881 2023 924 2038 --
955 1992 1073 2054 etenim
1103 1988 1182 2050 iaco

156 2087 263 2140 natura
280 2080 356 2140 vinis
379 2079 411 2140 in
433 2085 580 2142 vetustate
604 2087 651 2142 cst
669 2112 712 2125 --
731 2098 787 2143 nec
809 2081 907 2160 potari
928 2098 985 2160 per
1009 2098 1045 2142 se
1068 2085 1158 2158 queant

154 2169 324 2248 pervincive
349 2184 439 2250 aqna,
471 2170 622 2248 usquein
650 2169 878 2238 amaritudinem
905 2172 985 2232 carie
1019 2169 1159 2244 indomita

159 2256 210 2318 sed
241 2258 350 2318 ceteris
380 2258 456 2318 vinis
489 2258 730 2322 commendandis
762 2261 883 2327 minima
915 2258 1016 2339 aliqua
1048 2260 1159 2320 mixtura

104 2352 139 2403 aa
159 2345 373 2408 medicamenta
401 2354 481 2410 sunt.
531 2347 611 2428 quod
638 2357 673 2410 ut
700 2350 765 2414 eius
793 2351 939 2430 temporis
968 2349 1159 2415 aestimatione

155 2435 186 2496 in
215 2433 346 2514 singulas
373 2435 531 2517 amphoras
559 2439 678 2500 centeni
706 2439 820 2502 nummi
850 2446 1035 2522 statuantur,
1068 2456 1103 2500 ex
1123 2435 1185 2496 hies

228 2650 241 2697 1
262 2643 487 2713 antiquissimo
504 2649 540 2700 Π.
568 2644 639 2700 ·imc
656 2661 701 2700 rc.
774 2651 791 2700 2
809 2646 968 2702 maritimae
985 2651 1023 2702 Ι.
1051 2662 1109 2700 ·ma
1123 2659 1157 2697 rc.

156 2715 214 2784 tut
230 2719 308 2770 Πᾶν.
337 2733 372 2771 ue
390 2733 414 2772 r.
499 2715 665 2772 diabulosc
683 2719 734 2774 aui
749 2733 775 2773 n.
808 2717 988 2774 surich-1
1020 2715 1082 2774 nb
1099 2717 1128 2772 ui
1141 2731 1157 2794 r.

227 2788 372 2841 dianium
390 2793 425 2842 Η.
508 2788 699 2844 tedamnum
717 2794 752 2844 Ι.
781 2788 868 2844 etiam
885 2805 930 2844 rc.
1011 2794 1045 2844 10
1064 2789 1157 2843 octone

153 2857 273 2913 HBcrrb.
306 2875 334 2912 -o
356 2857 415 2913 enis
434 2859 517 2915 redd.
527 2865 589 2917 cett.
599 2859 693 2916 Hand.
784 2865 818 2914 14
836 2859 950 2932 regn'one
967 2859 1056 2916 Borb.
1087 2857 1156 2924 relig-

154 2929 325 2992 uocauere
363 2931 421 2992 arb.
507 2936 546 2986 ib
564 2931 692 2991 commta
716 2931 774 2992 Uri.
787 2932 863 2988 cabad.
878 2947 906 2988 tt.
920 2935 987 2992 235.
1016 2929 1082 2986 -lnln'
1097 2930 1156 2982 ned

153 3003 209 3064 das
229 3017 275 3064 rc.
366 3007 400 3057 16
422 3001 551 3060 tribunus
568 3003 682 3074 plebem
700 3002 873 3063 anomoei.
901 3003 956 3063 -bis
974 3001 1092 3060 Μαι
1117 2999 1156 3052 iri·

152 3071 266 3141 pliciter
283 3089 306 3128 r.
334 3071 379 3134 tri
398 3072 437 3144 pl.
448 3073 506 3130 edd.
517 3079 580 3136 unte
588 3075 658 3132 Boc.
738 3081 771 3130 1⁷
790 3075 834 3132 esi
851 3075 1032 3138 carilocus.
1050 3071 1156 3128 aaran

226 3148 261 3200 18
279 3145 343 3203 diat.
358 3143 420 3204 Sall.
448 3161 534 3213 quam
552 3148 697 3202 occurram
714 3163 739 3202 c.
818 3152 851 3202 19
870 3144 1038 3208 nomm
1055 3141 1155 3201 dHard.

152 3213 204 3272 DC
219 3215 252 3285 (Ε
266 3217 299 3286 ll)
313 3214 448 3279 XXXHll
464 3217 547 3274 redd.
558 3218 721 3279 omeliarii.
738 3219 743 3287 Ι
759 3218 916 3287 durantque
929 3217 1087 3278 secutam
1112 3215 1156 3268 di·

152 3303 206 3353 que
225 3288 253 3342 il.
263 3287 323 3348 edd.
333 3291 394 3346 vect.
415 3289 423 3356 l
442 3287 614 3349 adhue—20
631 3289 749 3352 redacta
761 3306 812 3346 ora.
822 3307 844 3345 c.
918 3295 952 3344 19
970 3288 1036 3346 vina
1048 3304 1082 3344 en
1093 3284 1154 3340 Dru.

151 3356 235 3412 uinea
253 3358 281 3412 ii.
291 3359 351 3414 edd.
361 3357 522 3416 murram.
550 3378 598 3416 -ns
611 3361 700 3418 Burb.
773 3367 816 3418 19.
826 3367 862 3416 20
879 3362 941 3420 dist.
955 3377 1011 3432 epo.
1081 3363 1111 3414 21
1124 3371 1153 3410 rr

151 3428 183 3504 ut
200 3425 273 3481 neo?
300 3444 337 3482 ne
355 3429 414 3484 cdd.
425 3433 490 3486 anic
497 3430 585 3487 Barb.
665 3439 698 3486 21
718 3435 825 3502 queunt
841 3433 930 3488 Barb.
1008 3437 1041 3491 28
1057 3429 1154 3501 parrin-

151 3497 300 3576 apotecae.
315 3496 376 3552 Sili.
409 3499 572 3567 prouinciae
589 3508 620 3556 n.
654 3503 724 3576 -ntip
743 3522 787 3558 cc.
818 3503 950 3628 {paucine
967 3508 993 3562 d,
1028 3502 1085 3561 siue
1100 3515 1152 3570 ΡΝ·

150 3579 260 3644 vmcrae
278 3566 509 3627 emaculatae.
538 3571 562 3626 si
578 3589 636 3628 non
654 3575 802 3644 pervincat
849 3575 908 3634 arb.
981 3579 1022 3634 2⁶.
1036 3573 1150 3643 p.361‚¹

151 3643 185 3681 ex
207 3631 251 3684 lus
274 3636 371 3690 tamen
389 3639 449 3692 iic.
488 3639 580 3696 decies
602 3645 713 3698 tantum
732 3645 860 3705 Kettcrce
879 3647 912 3704 de
929 3647 1036 3714 foenere
1056 3641 1152 3700 cicccc
