2544 3942
367 194 452 252 Nor.
471 193 564 252 Hrsr.
583 197 622 251 xi
641 203 674 253 ar
695 197 822 267 tot-ea)
1038 193 1102 258 249

81 365 99 406 a
121 348 238 407 caninis
257 348 356 408 amissi
375 366 445 408 casu
463 347 562 427 aliquo
580 365 742 426 numquam
761 354 968 409 renascuntur.
996 345 1105 407 ceteris

82 445 210 499 senecta
232 438 398 519 rufescunt‚
421 455 498 517 equo
521 445 637 498 tantum
661 438 847 498 candidiores
870 437 953 498 liunt.

156 521 231 611 (64)
249 527 337 589 Aetas
356 529 559 588 veterinorum
578 525 716 588 dentibus
735 527 892 590 iudicatur.
930 547 1007 608 equo
1027 537 1097 591 sunt
1107 534 1158 584 168

83 635 216 678 numero
235 631 292 678 xn.
330 618 438 678 amittit
460 618 633 677 tricensimo
657 635 759 678 mense
782 619 930 698 primores
953 620 1105 698 utrimque

46 723 65 762 5
81 705 184 789 binos,
207 715 351 787 sequente
371 724 448 767 anno
467 705 590 767 totidem
613 708 774 790 proximos,
797 726 865 768 cum
885 706 1015 769 subeunt
1034 708 1106 770 dicti

83 795 305 858 columellares.
357 797 462 875 quinto
494 813 571 856 anno
601 797 763 876 incipiente
796 799 904 858 amittit
919 796 1022 858 binos
1054 801 1106 878 qui

2 923 3 926 =
85 894 174 946 sexto
198 905 275 946 anno
298 892 506 948 renascuntur.
543 887 670 964 septimo
694 903 798 946 omnes
820 885 910 948 habet
934 894 964 947 et
986 895 1106 948 renatos

85 983 118 1035 et
137 973 336 1036 inmutabiles.
373 993 450 1054 equo
474 981 602 1035 castrato
625 977 710 1054 prius
733 993 794 1036 non
818 976 959 1036 decidunt
982 977 1096 1038 dentes,
1106 980 1158 1032 169

2 1087 3 1096 ¹
85 1066 242 1125 asinorum
270 1082 364 1144 genus
391 1065 564 1125 tricensimo
592 1081 695 1125 mense
724 1064 860 1126 similiter
888 1067 1009 1148 amittit,
1036 1067 1106 1128 dein

36 1171 70 1210 ιο
86 1155 171 1214 senis
194 1153 357 1214 mensibus.
404 1153 482 1233 quod
507 1155 533 1213 si
556 1171 616 1214 non
638 1156 724 1234 prius
746 1173 892 1234 peperere
915 1173 1005 1234 quam
1027 1156 1105 1217 deci·

85 1243 160 1304 dant
177 1245 331 1325 postremi,
355 1243 495 1303 sterilitas
519 1251 608 1304 certa.
645 1242 736 1304 boves
759 1243 832 1304 birni
856 1252 980 1306 mutant.
1013 1244 1106 1306 subus

86 1351 150 1392 non
173 1330 315 1393 decidunt
337 1349 486 1412 umquam.
532 1331 690 1414 absumpta
712 1332 767 1394 bac
791 1328 998 1395 observatione
1022 1353 1106 1395 sene-

88 1430 157 1482 ctus
189 1423 220 1481 in
253 1423 338 1501 equis
370 1431 400 1482 et
434 1423 543 1482 ceteris
572 1425 714 1483 veterinis
751 1423 935 1502 intellegitur
972 1423 1105 1485 dentium

86 1510 282 1593 brocchitate,
300 1511 528 1591 superciliorum
547 1513 654 1572 canitia
678 1519 707 1573 et
730 1514 809 1573 circa
833 1531 867 1573 ea
890 1513 1012 1596 lacunis
1036 1532 1104 1575 cum

46 1617 73 1658 15
88 1602 153 1662 lere
173 1614 236 1661 XVI
255 1617 401 1661 annorum
420 1601 635 1662 existimantur.
671 1600 825 1662 hominum
846 1601 984 1663 dentibus
1003 1603 1158 1682 quod-¹⁷0

89 1691 158 1750 dam
181 1691 260 1750 inest
281 1691 371 1750 virus.
417 1707 545 1769 namque
569 1697 599 1751 et
622 1690 736 1770 speculi
760 1693 888 1752 nitorem
918 1710 954 1752 ex
982 1693 1106 1753 adverso

89 1779 195 1840 nudati
225 1777 366 1840 hebetant
398 1787 428 1840 et
460 1778 664 1840 columbarum
701 1780 780 1841 letus
812 1781 960 1860 inplumes
989 1790 1106 1843 necant.

90 1869 206 1949 reliqua
225 1867 300 1928 de'‘
280 1887 317 1928 ns
335 1869 367 1929 in
390 1871 581 1952 generatione
604 1869 759 1930 hominum
782 1868 860 1930 dicta
884 1877 962 1931 sunt.
1000 1889 1097 1932 erum·
1108 1851 1161 1954 {32⁸

90 1957 232 2038 pentibus
255 1957 352 2019 morbi
375 1975 501 2039 corpora
523 1959 681 2020 infantium
704 1961 862 2040 accipiunt.
908 1959 1023 2040 reliqua
1047 1961 1107 2021 ani-

50 2065 76 2104 no
90 2049 176 2109 malia
199 2066 275 2128 quae
299 2055 429 2109 serratos
452 2045 563 2109 babent
586 2049 755 2110 saevissime
780 2049 925 2111 dentiunt.

158 2132 232 2222 (65)
259 2136 389 2219 Linguae
413 2155 474 2198 non
497 2137 635 2199 omnibus
659 2137 764 2199 eodem
787 2138 884 2199 modo.
920 2141 1157 2200 tenuissimallt

92 2227 280 2309 serpentibus
299 2235 329 2288 et
347 2226 479 2309 trisulca,
501 2227 629 2309 vibrans,
652 2230 709 2289 atri
728 2227 836 2289 coloris
855 2237 894 2312 et,
918 2231 945 2288 si
962 2228 1108 2311 extrahas

6 2377 9 2384 ,
92 2315 263 2397 praelonga,
286 2317 405 2378 lacertis
428 2315 516 2378 bifida
541 2325 571 2378 et
592 2317 695 2399 pilosa,
718 2317 818 2378 vitulis
842 2334 962 2398 quoquc
985 2320 1109 2379 marinis

94 2405 217 2488 duplex,
238 2404 291 2466 sed
315 2423 404 2484 supra
427 2405 514 2466 dictis
538 2405 735 2485 capillamenti
757 2409 916 2488 tenuitate,
940 2409 1049 2468 ceteris
1072 2407 1109 2467 ad
1134 2416 1158 2435 Χ

57 2510 82 2551 25
97 2493 364 2556 circumlambenda
387 2511 451 2575 ora;
474 2492 606 2574 piscibus
629 2494 717 2574 paulo
740 2497 839 2556 minus
863 2513 951 2576 qnam
974 2503 1036 2556 tota
1060 2494 1108 2556 ad-

95 2585 234 2667 haerens,
262 2582 419 2644 crocodilis
441 2590 516 2664 tota3
544 2583 650 2650 sedin
674 2590 794 2662 gustatu
817 2583 934 2663 linguae
958 2585 1022 2644 vice
1047 2603 1108 2644 car·

96 2693 200 2736 nusum
224 2671 402 2753 aquatilibus
424 2672 563 2753 palatum.
603 2671 754 2754 leonibus,
777 2673 877 2752 pardis
901 2671 1163 2752 omnibusquerm
1221 2734 1227 2742 k

98 2767 216 2844 generis
239 2765 312 2844 eiuS,
336 2764 425 2823 etiam
443 2761 561 2844 lelibus,
583 2760 755 2824 imbricatae
779 2763 948 2843 asperitatis
972 2779 1006 2822 ac
1023 2761 1110 2822 limae

99 2853 201 2915 similis
220 2861 437 2931 attenuansque
455 2850 612 2914 lambendo
636 2860 736 2915 cutem
758 2852 897 2934 hominis,
921 2868 997 2931 quae
1021 2869 1111 2912 causa

63 2956 88 2996 ³0
101 2945 185 3004 etiam
213 2942 429 3023 mansuefacta,
461 2941 514 3003 ubi
544 2941 580 3002 ad
609 2944 739 3004 vicinum
770 2943 944 3023 sanguinem
974 2942 1111 3020 pervenit

167 3210 220 3257 1o
239 3203 415 3259 caninisllr.
444 3205 474 3258 at
487 3203 581 3259 canini
594 3221 618 3258 u.
647 3219 714 3258 ane
733 3201 862 3258 caninis?
935 3204 1113 3258 diiudicatur

11 3327 19 3338 ,
99 3275 281 3344 immobili
309 3275 370 3330 ind·
389 3293 433 3331 ru.
521 3281 553 3330 11
573 3275 643 3330 bimi
660 3273 836 3330 BcodolGel.
865 3273 924 3328 bini
942 3279 976 3331 Π.
1009 3275 1040 3329 bi
1058 3282 1111 3332 ns.

6 3373 7 3384 1
100 3346 140 3401 bis
158 3347 322 3402 aeacum.
397 3353 429 3402 12
448 3365 505 3402 non
523 3345 708 3414 licoal.0bc'ffi
734 3361 784 3400 om.
803 3361 846 3400 rc.
863 3346 1027 3414 [nunquam
1045 3346 1112 3402 Εὐ.

7 3399 9 3510 l
168 3425 200 3474 17
220 3419 359 3474 hebetant
377 3419 519 3476 etn'u
548 3419 694 3472 -tembear
720 3416 888 3487 {inplumes
906 3420 1009 3472 necent
1026 3424 1111 3474 nu.

101 3492 275 3546 &mescunbr
371 3496 405 3545 19
423 3489 514 3544 morbi
531 3495 559 3542 Ι
573 3489 631 3544 edd.
647 3494 710 3544 aute
724 3435 797 3542 Sillp
813 3488 908 3545 -bisr.
935 3489 1113 3558 linfanbiam

101 3570 148 3619 lle
164 3564 240 3632 la..
246 3561 376 3633 piunili.
404 3560 616 3616 efficiuanetl.
688 3565 723 3614 20
742 3559 867 3613 dentium
884 3559 951 3615 lvd
1024 3567 1066 3616 29.
1077 3567 1112 3616 30

103 3651 209 3690 causam
226 3581 379 3704 hominis(
380 3649 429 3688 om.
448 3633 544 3702 etiem)
562 3638 594 3687 B
676 3637 710 3686 30
729 3630 921 3687 mansuefacta
939 3639 996 3690 llo
1026 3635 1111 3690 -tr'rd

7 3657 10 3762 ι
103 3708 206 3763 &lama
232 3708 236 3776 Ι
261 3705 310 3761 ubi
328 3635 379 3762 emb
397 3711 432 3760 Π.
