2340 3934
203 567 209 576 “
283 593 320 667 e.
347 593 481 668 rum
508 593 713 668 saeuum

151 721 483 811 unruntnts
519 723 836 812 Htsrntttnn

369 849 525 960 'urana
547 892 602 960 rx.
707 895 710 901 ·

47 1159 68 1225 l.
85 1159 131 1247 (i)
155 1165 335 1226 Animalinm
354 1185 428 1246 quae
447 1168 602 1228 terrestria
616 1166 825 1247 appellavimus
844 1166 999 1228 homiuum
1021 1185 1033 1231 t

17 1254 112 1332 quadam
134 1257 327 1316 consortione
350 1255 486 1336 degentia
513 1255 641 1317 indicata
664 1263 769 1316 natura
793 1264 846 1316 est.
892 1274 928 1315 er
953 1251 1044 1316 re-⁸·¹

16 1335 80 1420 iquis
99 1346 236 1405 minimas
260 1363 326 1405 esse
349 1345 485 1406 volueres
508 1347 654 1406 convenit.
701 1343 894 1425 quamobrem
916 1347 1001 1425 prius

17 1445 158 1530 aequorum,
183 1435 316 1495 amnium
340 1443 571 1514 stagnorumque
595 1435 741 1495 dicentur.

63 1516 490 1604 numinenumine
517 1525 547 1584 in
575 1523 622 1585 his
649 1525 760 1585 maiora
791 1525 881 1584 etiam
907 1531 1036 1588 terre-2

16 1609 107 1673 suibus.
151 1631 244 1674 causa
267 1613 387 1674 evidens
415 1615 529 1674 umeris
558 1613 683 1674 luxuria.
733 1613 788 1673 alia
811 1631 877 1673 sors
900 1612 1002 1673 alitum

17 1699 97 1776 quibus
118 1704 177 1763 rita
200 1702 410 1782 pendentibus.
455 1705 486 1762 in
510 1705 586 1763 mari
608 1710 707 1764 autem
730 1710 790 1763 tam
813 1702 871 1763 late
895 1703 1007 1782 supino'

16 1788 126 1869 nnlique
149 1811 184 1852 ac
208 1791 301 1853 fertili
325 1795 521 1873 nutrimento,
545 1794 708 1872 accipiente
732 1808 835 1852 causas
859 1790 1002 1870 genitales

17 1893 27 1934 e
42 1877 145 1941 sublimi
164 1899 346 1960 semperque
364 1884 498 1962 pariente
513 1889 627 1963 natura,
650 1881 791 1961 pleraque
807 1882 896 1942 etiam
919 1897 1001 1940 morr-

15 1968 97 2030 tlrifiea
113 1972 312 2050 reperiuntur
328 1970 479 2051 perplexis
497 1973 578 2032 etin
597 1979 691 2031 semet
705 1970 790 2030 aliter
805 1977 893 2048 atque
917 1969 1002 2030 aliter

15 2068 70 2117 tune
89 2059 158 2121 llatu
186 2077 267 2122 nunc
290 2059 383 2121 lluetu
407 2059 573 2121 convolutis
596 2059 760 2120 seminibus
783 2066 871 2138 atque
892 2061 1001 2139 priuci-

15 2145 62 2226 pis,
88 2167 153 2210 vera
177 2159 215 2210 ut
237 2149 287 2210 liat
310 2149 390 2230 vulgi
413 2149 513 2229 opinio
537 2149 679 2229 quiequid
702 2155 841 2209 nascatur
864 2151 894 2208 in
917 2156 1001 2228 parte

16 2245 108 2298 naturae
130 2239 203 2320 ulla,
227 2241 311 2299 etin
334 2241 409 2300 mari
432 2257 498 2300 esse
522 2246 700 2318 praeterque
724 2237 816 2299 multa
838 2255 913 2316 quae
933 2255 1002 2298 nus·

16 2337 78 2402 qiam
98 2327 176 2390 alibi.
224 2347 326 2390 rerum
349 2329 478 2411 quidem,
501 2347 561 2389 non
580 2327 677 2389 solum
699 2326 882 2409 animalium,
913 2329 1038 2392 simu-8

16 2405 69 2474 lacra
92 2420 193 2480 inesse
224 2417 293 2479 lieet
320 2417 493 2498 intellegere
522 2416 708 2478 intuentibus
736 2435 836 2498 uvam,
865 2416 1003 2499 gladium,

16 2517 95 2588 terras,
116 2509 259 2568 cucumin
278 2525 348 2568 vero
370 2515 400 2568 et
419 2506 518 2568 colere
543 2515 573 2568 et
596 2506 687 2566 odore
711 2505 846 2587 similem,
869 2523 929 2584 quo
948 2509 1002 2566 mi-

16 2605 53 2652 ns
64 2599 204 2658 miremur
218 2615 365 2676 equorum
379 2599 474 2677 capita
497 2599 528 2657 in
551 2605 612 2657 tam
625 2597 724 2675 parvis
739 2597 871 2655 eminere
884 2594 1003 2655 cocleis.

62 2679 90 2748 3.
112 2681 163 2770 (2)
198 2685 329 2747 Plurima
351 2693 450 2748 autem
477 2694 507 2747 et
535 2687 660 2746 maxima
683 2683 818 2746 animalia
845 2686 876 2744 in
900 2681 1038 2748 ludicot

17 2776 77 2855 nari,
97 2775 257 2856 exquibus
280 2775 429 2837 ballaenae
453 2783 632 2856 quaternum
647 2776 794 2854 iugerum,
817 2774 927 2853 pristes
950 2772 1003 2833 tlu÷

17 2875 98 2926 aenum
123 2865 308 2948 cubitorum,
339 2864 448 2946 quippe
480 2864 533 2926 nbi
565 2865 697 2926 locustae
729 2869 872 2942 quaterna
905 2860 1004 2924 cubita

17 2949 129 3037 inpleant,
152 2955 299 3036 anguillae
322 2973 441 3035 quoque
464 2957 497 3015 in
516 2953 616 3034 Gange
640 2971 724 3014 amne
748 2953 881 3013 tricenos
903 2951 1003 3031 pedes.

17 3041 52 3100 ted
71 3045 98 3104 in
118 3047 195 3107 mari
217 3043 321 3108 belnae
345 3047 424 3106 cirea
443 3043 568 3105 solstitia
590 3044 716 3104 maxime
739 3043 885 3103 visuntur.
930 3048 1038 3105 tunes

18 3123 59 3190 ilie
78 3143 166 3196 munt
189 3135 338 3217 turbineS,
361 3143 433 3196 tune
456 3133 581 3214 imbres,
608 3140 680 3192 tunc
704 3131 835 3192 deiectae
859 3133 1004 3192 montium

17 3217 74 3298 iugis
93 3223 239 3302 procellae
263 3224 298 3285 ab
322 3227 381 3285 imo
404 3231 526 3284 vertunt
549 3223 640 3282 maria
662 3219 854 3301 pulsatasque
877 3239 912 3280 ex
935 3237 1003 3298 pro·

19 3303 86 3370 inrde
110 3313 212 3375 beluas
241 3333 308 3376 enm
336 3313 477 3374 fluctibus
500 3311 633 3392 volvunt,
664 3319 694 3371 et
717 3308 787 3370 alias
811 3317 893 3369 tauta
915 3311 1003 3384 thyn-

72 3539 316 3646 tetlfflffljna.
334 3591 386 3631 eta.
404 3593 427 3630 r.
489 3576 571 3628 lbet
591 3590 616 3627 u.
646 3571 694 3626 sed
715 3589 739 3624 a.
768 3569 811 3622 et
828 3584 851 3622 r.
912 3571 945 3620 15
964 3565 1005 3618 in⁴

15 3653 63 3697 esse
79 3647 151 3703 ΒΨ,
178 3665 239 3704 esse
257 3666 280 3703 r.
323 3653 356 3703 16
377 3645 535 3719 euenumisss
551 3650 582 3698 ll.
628 3649 662 3697 23
681 3642 748 3694 illue
767 3658 792 3692 a.
834 3643 867 3692 25
886 3638 1007 3707 thymus-

22 3727 66 3768 mn
80 3718 165 3787 lma.
182 3720 325 3776 tinnornm
343 3736 366 3774 r.
992 3745 994 3750 ·

60 3807 118 3850 Pru.
130 3821 185 3852 uir.
198 3821 261 3852 mss.
288 3811 320 3852 ΙΙ.
830 3803 846 3852 8
