2308 3936
225 211 474 284 memsuis.
497 211 634 279 ar-ror.
659 223 817 301 (oo—ror.)
962 221 1023 284 115

45 405 130 450 oceano
145 395 261 466 augetur
275 389 489 468 minuiturque,
513 388 584 450 alias
606 397 758 466 utrumque
782 391 935 451 contrariis
952 399 1023 452 tem-

45 473 146 552 poribus.
179 472 283 533 eodem
301 474 331 534 irr
348 473 415 534 loco
432 473 507 534 alter
530 475 633 534 oceani
649 473 777 535 motibus
800 477 956 536 consentit.
990 475 1023 536 ln

45 559 89 636 ripa
102 555 189 616 Baetis
204 556 341 636 oppidum
358 567 404 618 est
420 559 502 618 cuius
523 559 604 637 putei
621 566 776 620 crescente
794 567 878 620 aestu
893 559 1022 620 minuun-

46 649 236 718 tnr,augescnnt
248 640 425 720 decedente,
441 641 544 704 mediis
558 652 720 722 temporum
731 643 895 704 inmobiles.
920 643 1022 706 eadem

33 733 120 784 enatura
132 725 240 804 Hispali
258 725 368 805 oppido
385 727 433 788 uni
449 735 551 806 puteo,
568 728 677 788 ceteris
694 726 836 806 vulgaris.
859 727 897 788 Et
912 728 1021 790 Pontus

44 827 131 887 senper
144 818 223 870 extra
241 819 320 872 meat
335 811 364 870 in
374 810 593 890 Propontidem,
608 811 754 873 introrsus
770 813 799 872 in
810 811 934 873 Pontum
944 829 1023 873 nurn-

45 911 104 972 quan
119 893 205 954 refluo
224 896 307 958 mari.
1077 956 1080 960 .

88 975 127 1039 98.
144 975 247 1058 (101.)
272 977 373 1040 Omnia
387 979 548 1059 plenilunio
566 983 655 1042 maria
669 989 846 1060 purgantur,
861 981 1001 1060 quaedam
1017 989 1070 1042 220

44 1069 62 1120 et
73 1070 133 1122 stato
155 1071 299 1142 ternpore.
339 1065 416 1126 eirea
429 1063 593 1126 llessanarn
612 1074 643 1126 et
657 1063 750 1142 llylas
766 1067 832 1126 limo
850 1066 954 1127 similia
976 1085 1026 1126 en·

24 1155 151 1224 uspuuutnr
164 1149 193 1208 in
211 1149 282 1208 litns
298 1157 499 1227 purgamenta,
515 1149 590 1210 unde
606 1149 704 1210 ialrula
722 1157 768 1210 est
785 1149 864 1210 Solis
881 1149 974 1212 boues
986 1150 1025 1210 ibi

42 1231 156 1293 stabulari.
179 1231 232 1292 llis
252 1232 331 1293 addit
346 1237 393 1313 (ut
410 1232 481 1294 nihil
496 1233 575 1312 quod
592 1235 727 1314 equidem
747 1235 879 1294 noverim
894 1243 1024 1314 praeter·

43 1315 96 1391 ean)
108 1315 285 1378 Aristoteles
297 1317 405 1378 nullum
417 1318 521 1378 animal
533 1319 588 1378 nisi
601 1327 685 1379 aestu
700 1318 860 1379 recedente
877 1320 1023 1398 expirare.

40 1399 191 1461 observatum
205 1401 236 1462 id
248 1401 346 1462 multis
361 1403 391 1464 in
403 1400 514 1464 Gallico
528 1420 640 1464 oceano
657 1411 687 1463 et
699 1403 844 1464 dumtaxat
864 1401 894 1462 in
906 1402 1023 1463 homine

39 1493 181 1562 conpertam.
1144 1515 1145 1560 p

9 1583 34 1624 ot
81 1565 231 1650 sutton.)
248 1569 587 1643 Quoveraconieetatio
618 1571 719 1632 existit
740 1571 998 1651 hautirustraspi·
1016 1579 1065 1630 2¹21
1144 1567 1145 1632 l

10 1725 11 1728 Ἴ
40 1654 103 1712 riuus
115 1653 189 1715 sidus
211 1655 310 1716 lunam
326 1657 504 1734 existimari,
518 1656 575 1717 hoo
591 1675 661 1717 esse
686 1655 765 1735 quod
784 1663 879 1717 terras
901 1664 1023 1731 saturet,
1144 1665 1145 1678 l

39 1737 206 1818 recedensque
229 1757 359 1819 corpora
380 1741 509 1820 inpleat,
530 1739 695 1802 abscedens
717 1740 836 1802 inaniat.
875 1739 944 1800 ideo
961 1757 1024 1800 cum

39 1823 183 1884 incremento
202 1826 268 1884 eius
285 1827 386 1902 augeri
403 1825 567 1903 conchylia,
583 1835 614 1886 et
629 1826 752 1885 maxime
766 1825 899 1904 spiritum
911 1827 1022 1884 sentire

39 1905 113 1982 quibus
130 1911 250 1988 sanguis
269 1927 327 1970 non
343 1911 393 1986 sit,
404 1909 458 1970 sed
475 1918 505 1970 et
521 1910 690 1987 sanguinem
703 1909 847 1970 hominum
860 1909 947 1968 etiam
959 1926 1021 1968 cum
1097 1917 1100 1921 '
1144 1931 1145 1934 ¹

9 1989 114 2052 inluuine
128 1995 189 2054 eius
205 1995 312 2072 augeri
328 2011 362 2054 ac
377 1995 476 2072 minui,
490 1993 612 2054 frondes
629 2012 747 2072 quoque
763 2011 796 2053 ao
807 1991 911 2071 pabula
924 1993 972 2072 (ut
988 1991 1060 2078 ’ᾖξ’
1144 2041 1145 2078 ᾗ

39 2091 72 2132 ιιι
85 2075 142 2137 loco
157 2077 290 2158 dicetur)
307 2080 430 2156 sentire,
448 2080 479 2138 in
496 2079 590 2138 omnia
606 2077 706 2138 eadem
722 2084 896 2157 penetrante
911 2079 950 2137 vi.
1144 2081 1145 2136 3

80 2159 137 2224 100.
156 2160 264 2240 (103.)
287 2163 388 2242 ltaque
408 2162 480 2223 solis
498 2163 603 2224 ardore
620 2163 745 2222 siccatur
762 2162 876 2240 liquor,
892 2170 922 2222 et
937 2160 994 2222 hoc
1011 2171 1045 2222 22
1144 2169 1145 2210 i

39 2259 83 2303 esse
95 2247 245 2308 masculum
265 2247 346 2308 sidus
369 2249 549 2327 accepimus,
566 2255 683 2307 torrens
705 2255 806 2307 cuneta
826 2245 1019 2324 sorbensque.

38 2325 110 2408 (104.)
124 2331 169 2392 Sic
185 2334 262 2392 mari
285 2332 348 2397 late,
361 2333 472 2411 patenti
491 2349 627 2410 saporem
642 2332 760 2409 incoqui
783 2329 870 2407 salis,
886 2339 935 2391 aut
953 2332 1019 2409 quia

9 2413 147 2482 pserhausto
161 2417 231 2478 inde
250 2416 326 2476 dulci
342 2418 492 2495 tenuique,
508 2415 586 2494 quod
596 2415 733 2476 facillime
750 2414 844 2475 trahat
857 2415 901 2474 vis
920 2416 1018 2492 ignea,

38 2511 96 2558 onae
113 2503 244 2580 asperius
261 2502 450 2578 crassiusque
468 2500 614 2580 linquatur
633 2499 716 2580 (ideo
734 2517 841 2559 summa
860 2515 1019 2576 aequorum

37 2596 86 2656 aqua
99 2584 253 2646 dulciorem
271 2584 453 2664 profundam,
465 2583 538 2646 hano
551 2585 779 2646 esseverIorem
794 2601 908 2644 causam
920 2584 1017 2661 asperi

40 2669 123 2743 saporis
138 2687 220 2748 qnam
233 2669 313 2750 quod
331 2687 411 2729 mare
425 2677 523 2730 terrae
542 2667 631 2729 sudor
648 2669 686 2729 sit
706 2668 871 2746 aeternus),
887 2674 935 2726 aut
951 2668 1017 2744 quia

41 2747 145 2822 plurimos
161 2773 201 2815 ex
216 2754 300 2814 arido
313 2755 469 2814 misceatur
485 2753 527 2814 illi
540 2771 643 2832 vapor,
659 2760 708 2813 aut
722 2753 789 2831 quia
804 2759 901 2810 terrae
916 2759 1018 2811 natura

9 2833 88 2894 ,uniunt
99 2839 248 2900 medicatas
268 2856 359 2918 aquas
377 2839 492 2898 inliciat.
532 2837 586 2898 Est
602 2839 632 2898 in
654 2837 797 2916 exemplis
813 2835 957 2912 Dionysio
974 2834 1017 2894 Si-

32 2916 96 2980 ·riliae
110 2931 246 3000 tyranno,
263 2941 327 2984 oum
343 2922 444 3002 pulsus
467 2931 514 2983 est
535 2941 571 2982 ea
586 2926 735 3003 potentia,
761 2920 901 2982 accidisse
920 2919 1017 3000 prodi·

39 3003 90 3074 gion
101 3017 128 3066 ut
142 3027 198 3069 uno
214 3007 263 3069 die
278 3010 308 3068 in
324 3015 412 3087 portu
431 3006 616 3068 dulcesceret
633 3026 722 3068 mare.

9 3099 10 3106 ’
82 3087 138 3152 101.
153 3091 177 3152 Ε
192 3093 344 3155 contrario
361 3093 461 3154 ierunt
480 3091 565 3152 lunae
584 3093 741 3154 femineum
759 3110 793 3152 ac
807 3091 896 3152 molle
915 3090 994 3152 sidus
1009 3099 1060 3152 223

39 3177 100 3248 alque
117 3185 284 3238 nocturnum
308 3176 428 3238 solvere
448 3195 579 3238 umorem
598 3186 629 3238 el
651 3177 786 3254 trahere,
809 3194 868 3237 non
890 3177 1016 3238 auferre.

9 3254 58 3318 aiil
71 3262 237 3322 naoiisstum
259 3280 346 3340 esse,
367 3262 443 3342 quod
461 3263 588 3324 ferarum
612 3264 709 3324 occisa
729 3278 855 3341 corpora
875 3263 904 3320 in
921 3261 1017 3321 tabem

41 3341 83 3401 risu
96 3363 141 3406 sno
155 3349 304 3426 resolvat,
322 3363 483 3426 somnoque
505 3348 610 3426 sopitis
628 3355 779 3426 torporem
794 3354 972 3406 contractum
988 3347 1017 3404 in

42 3436 100 3501 uput
116 3442 249 3511 revocet,
272 3433 398 3511 glaciem
418 3431 569 3510 refundat,
590 3440 750 3511 cunctaque
774 3431 889 3492 umifico
912 3429 1016 3509 spiritu

42 3503 103 3575 luo.
133 3517 170 3578 ita
192 3519 312 3599 pensari
334 3525 455 3579 naturae
476 3519 557 3579 vices
577 3535 751 3598 semperque
775 3516 929 3592 sulficere,
951 3513 1015 3574 aliis

813 3597 855 3662 8*
