2340 3934
172 175 215 236 64
519 167 549 222 C.
567 166 668 222 PLlNl
686 165 843 220 suenum

117 333 152 382 36
237 315 291 382 14.
316 314 390 402 (14)
417 317 667 397 Megasthenes
690 315 794 376 scribit
816 318 847 378 in
870 313 954 376 India
976 321 1128 392 serpentes
1147 329 1165 370 ιι

172 418 283 472 tautam
304 407 538 488 magnitudinem
557 406 779 468 adolescerent
798 404 908 466 solidos
925 403 1067 464 hauriant
1085 418 1168 462 cerro

91 559 97 563 ,
172 510 342 582 taurosque,
360 497 586 558 Metrodorus
605 499 685 556 circa
698 495 892 575 Rhyndacum
910 511 1032 554 amnem
1049 495 1081 552 in
1093 491 1168 550 Pont

172 589 395 670 supervolantes
417 589 551 666 quamvis
578 586 636 647 alte
659 587 881 665 perniciterque
908 583 994 644 alites
1023 589 1060 644 ut
1083 581 1157 640 hanst

119 692 152 741 37
171 686 272 758 raptas
298 677 483 738 absorbeant.
529 684 599 736 nota
627 683 673 736 est
699 677 731 734 in
754 674 875 734 Punicis
901 673 989 734 hellis
1019 671 1060 734 ad
1081 671 1168 731 ihm*

172 767 334 846 Bagradam
361 785 378 826 a
405 765 518 846 Regulo
548 769 728 844 imperatore
755 762 879 824 ballistis
906 764 1126 840 tormentisque
1149 779 1164 820 ιι

172 857 315 936 oppidum
341 856 460 934 aliquod
488 862 654 935 expugnata
681 871 805 932 serpens
829 867 899 914 cxx
926 852 1044 931 pedum
1067 851 1166 928 longito

173 946 258 1006 dinis.
285 945 372 1026 pellis
392 948 456 1006 eius
474 943 667 1022 maxillaeque
685 961 782 1022 usque
800 942 837 1002 ad
851 942 961 1004 bellum
975 941 1137 1002 Numantio
1159 966 1168 992 ι

173 1035 317 1096 duravere
335 1034 445 1094 Romae
469 1033 637 1112 intemplo.
666 1033 780 1092 faciunt
801 1031 848 1094 his
871 1031 960 1092 fidem
981 1033 1020 1091 in
1038 1029 1121 1090 linha
1145 1054 1163 1081 ··

172 1123 296 1203 pellatae
324 1123 416 1184 hovae
443 1125 475 1183 in
502 1130 615 1182 tantam
642 1122 866 1200 amplitudinem
893 1128 1046 1182 exeuntes
1073 1129 1107 1180 ut
1126 1119 1164 1178 dir

174 1211 295 1273 Claudio
318 1215 453 1293 principe
481 1214 596 1272 occisae
619 1213 650 1271 io
673 1210 812 1272 Vaticano
841 1210 953 1272 solidus
979 1212 1019 1270 iu
1044 1208 1108 1270 nlro
1128 1227 1166 1287 sp

174 1309 271 1362 ctaius
295 1307 335 1363 sit
356 1302 461 1362 infans.
503 1301 623 1362 aluntur
645 1303 742 1380 primo
764 1299 870 1362 bubuli
891 1300 976 1360 laetis
1005 1318 1097 1381 suco,
1117 1317 1162 1359 un

116 1407 119 1410 ·
174 1410 283 1451 nomen
305 1399 431 1452 traxere.

121 1491 154 1540 38
243 1475 300 1543 15.
324 1473 397 1562 (15)
431 1479 608 1540 Ceterorum
630 1479 813 1560 animalium,
837 1496 911 1557 quae
934 1478 1031 1538 modo
1058 1495 1168 1538 consec

174 1569 305 1648 undique
336 1569 448 1629 ltaliam
480 1571 633 1648 contigere
665 1571 796 1649 saepius,
833 1569 942 1628 formas
977 1567 1063 1628 nihil
1095 1569 1168 1626 attio

174 1658 348 1738 scrupulose
376 1659 500 1719 referre.
545 1660 723 1738 paucissima
747 1657 866 1736 Scythia
889 1659 984 1736 gignit
1009 1657 1148 1736 inopiai

174 1750 280 1829 ticum,
310 1766 404 1827 pauca
438 1750 622 1808 contermina
653 1747 697 1808 illi
728 1747 896 1829 Germania,
930 1747 1070 1826 insignia
1102 1754 1162 1806 tam

174 1835 266 1898 houm
285 1836 419 1898 ferorum
436 1856 558 1919 genera,
581 1836 698 1898 iubatos
716 1836 850 1898 bisontes
873 1829 1102 1916 excellentique
1125 1843 1150 1894 et

175 1933 205 1986 et
233 1925 387 1987 velocitate
419 1945 506 2007 uros,
543 1926 652 2006 quihus
683 1929 847 2006 inperitum
877 1925 983 2004 vulgus
1019 1925 1145 1986 hubalor

174 2033 283 2076 nomen
310 2018 438 2097 inponit,
468 2035 537 2076 cum
564 2016 595 2076 id
617 2019 718 2094 gignat
740 2015 839 2076 Africa
860 2014 944 2076 vituli
970 2018 1086 2094 potius
1109 2033 1167 2076 cen

121 2115 156 2163 39
176 2122 233 2181 que
252 2105 379 2183 quadam
397 2105 598 2166 simihtudine.
635 2099 709 2187 (16)
729 2107 893 2184 septentrio
912 2105 970 2164 lert
996 2112 1033 2166 et
1053 2123 1132 2184 equo

175 2211 280 2272 greges
303 2194 448 2276 ferorum,
478 2197 557 2256 sicut
578 2196 730 2256 asinorum
753 2195 821 2254 Asia
844 2203 874 2256 et
895 2194 1012 2276 Africa,
1043 2204 1168 2275 praeter

175 2281 259 2342 doen
285 2284 418 2344 iumento
447 2283 589 2365 similem,
615 2285 647 2344 ni
673 2285 839 2363 proceritas
866 2285 984 2345 aurium
1018 2292 1054 2345 et
1078 2287 1168 2345 cerri

175 2371 348 2454 distinguat;
379 2375 451 2434 item
475 2381 573 2434 natam
596 2375 627 2434 in
652 2371 824 2434 Scadinavia
845 2373 941 2442 insuda
968 2391 1033 2434 uec
1059 2393 1161 2452 umqu

174 2463 267 2522 visam
293 2464 325 2522 in
352 2461 406 2522 hac
434 2461 523 2544 urbe,
555 2462 656 2524 multis
683 2471 783 2524 tamen
810 2469 959 2522 narratam
987 2463 1100 2524 achlin
1127 2465 1158 2522 ha

175 2550 347 2612 dissimilem
369 2551 424 2632 illi,
455 2552 507 2612 sed
529 2551 611 2612 nullo
639 2553 834 2632 suffraginum
856 2551 950 2632 llextr,
977 2551 1120 2633 ideoque
1143 2571 1168 2612 ιι

175 2639 345 2722 cubantem,
369 2640 421 2702 sed
442 2641 586 2702 acclinem
607 2640 707 2702 arbori
728 2645 760 2702 in
780 2659 897 2722 somno,
921 2659 1019 2718 eaque
1048 2646 1144 2704 incisa

175 2731 296 2792 insidias
319 2733 397 2813 capi,
428 2729 499 2790 alias
526 2729 690 2792 velocitatis
717 2737 904 2791 memoratae.
949 2729 1080 2794 labrum
1105 2735 1165 2794 eis

246 2953 449 3024 3llsindacnm
466 2954 510 3010 12¹.
537 2955 572 3008 si·
591 2960 615 3010 d.
640 2955 765 3010 indicum
782 2955 828 3010 2².
883 2958 951 3010 4nt
968 2956 1051 3014 Dect.
1078 2977 1132 3016 om.
1149 2959 1166 3012 ll

175 3023 257 3078 alites
275 3025 379 3079 haustu
395 3025 560 3080 remonon.
584 3025 666 3082 alites
683 3027 800 3082 haustus
818 3027 863 3082 2².
886 3027 941 3101 aliq
961 3031 1015 3084 auc
1034 3033 1146 3088 stultns
1166 3044 1168 3069 2

175 3096 248 3150 aliae
267 3095 383 3152 haustus
402 3115 424 3151 r.
511 3102 644 3167 draptes
661 3099 759 3153 Pieli.
788 3100 918 3170 abreptas
935 3106 967 3154 B.
996 3106 1093 3172 rapta
1110 3122 1133 3158 r.

177 3173 210 3221 10
228 3168 300 3222 boos
317 3167 362 3221 ΒΞ.
384 3169 452 3224 boes
471 3173 495 3222 d.
569 3175 602 3224 12
622 3171 659 3224 sit
675 3189 700 3226 o.
726 3173 770 3226 est
788 3173 815 3226 n.
836 3173 840 3241 Ι
860 3172 951 3242 primo
969 3172 1015 3227 ΕΞ.
1042 3177 1102 3241 cfr.
1118 3175 1161 3230 Sol

175 3243 259 3305 2,33.
288 3239 372 3294 trimo
396 3257 420 3294 r.
450 3241 454 3310 Ι
482 3239 581 3294 bubuli
603 3260 627 3296 ιι.
659 3242 813 3298 bubili121.
905 3243 1088 3300 misellam
1112 3247 1153 3302 H·

176 3309 228 3366 -lia
246 3313 273 3365 ll.
304 3312 308 3380 l
338 3311 499 3380 contingere
517 3317 595 3366 lira.
686 3320 777 3368 18.19
796 3313 873 3370 etni
891 3315 1016 3370 ΜΨ.
1048 3317 1162 3372 niet

176 3384 206 3436 et
222 3382 301 3438 uictu
317 3389 347 3436 1).
376 3382 576 3455 etnisss1i¹a¹¹
668 3392 702 3440 19
725 3403 790 3440 uros
807 3403 833 3456 o.
859 3387 909 3453 cfr.
928 3387 1019 3442 Solio.
1039 3395 1098 3456 20,
1109 3398 1136 3446 5.
1167 3418 1168 3433 2

176 3470 221 3506 sos
239 3455 267 3507 u.
352 3459 394 3507 20.
410 3460 443 3506 21
464 3455 593 3522 cervique
612 3455 696 3510 Saloe.
725 3457 779 3512 -iee
798 3475 823 3512 s.
851 3457 924 3514 -icae
942 3457 983 3512 1³⁹.
1012 3459 1135 3532 -iceque
1158 3490 1162 3503 ·

176 3523 303 3592 -iceqnoe
321 3531 351 3578 D.
381 3525 525 3593 -iceequae
543 3527 613 3580 1³¹2.
690 3533 723 3582 23
742 3528 857 3584 inuento
875 3532 921 3584 ΕΙ.
948 3547 1054 3590 -uenoo
1074 3535 1123 3586 12².
1151 3553 1164 3586 e

176 3593 263 3648 Solio.
282 3602 330 3662 20,
340 3603 366 3650 6.
430 3603 465 3653 24
483 3597 642 3652 stedinanio
659 3604 690 3652 lt.
719 3601 816 3655 scand-
835 3605 881 3656 do.
945 3608 979 3656 25
998 3603 1060 3662 hoc
1079 3606 1151 3660 urbe

175 3663 230 3717 hoo
248 3667 314 3720 orbe
333 3668 408 3721 1²²2?
481 3669 633 3722 obsedit.
662 3671 731 3724 eir.
835 3691 839 3700 ·
