2590 3934
386 189 470 245 uer.
489 189 582 244 msr.
601 189 641 244 rx
660 195 729 247 c-s
749 189 840 262 (ts-r)
952 161 955 166 ’
1055 189 1118 256 111

16 377 22 391 1
106 341 195 400 etiam
217 341 315 400 omnia
338 342 369 401 in
393 343 477 420 aquis
500 343 614 421 spirare
638 347 761 402 naturae
785 358 856 402 suae
876 348 966 424 sorte,
988 343 1119 422 primum

106 447 193 509 saepe
217 429 354 490 adnotata
381 431 508 510 piscium
536 431 647 490 aestivo
675 429 772 490 calore
800 429 944 509 quaedam
972 430 1118 493 anhelatio

105 525 136 578 et
154 517 223 579 ahas
242 519 401 598 tranquillo
419 519 501 580 velut
519 521 664 601 oscitatio,
687 521 821 598 ipsorum
841 538 959 600 quoque
979 523 1120 600 quisunt
1173 554 1177 560 Δ

104 609 136 668 in
159 607 281 668 adversa
305 611 444 692 opinione
468 608 504 669 de
528 626 632 669 somno
655 610 783 688 piscium
804 609 954 670 corriessr'o
982 643 1023 652 -
1052 612 1123 690 quis-

78 699 184 758 ⁵enim
215 699 278 758 sine
308 699 505 778 respiratione
536 716 640 758 somno
670 695 776 760 locus?
804 733 845 740 -
872 707 1027 778 praeterea
1055 698 1119 760 bul·

104 786 230 848 lantiunt
248 805 392 867 aquarum
411 786 539 848 sufflatio
558 786 705 866 lunaeque
721 789 828 862 ellectu
847 788 1028 849 concharum
1047 807 1119 868 quo·

105 894 163 955 que
187 895 313 956 corpora
337 879 534 955 augescentia.
576 895 667 956 super
690 879 787 937 omnia
807 885 853 938 est
876 878 955 957 quod
980 876 1044 938 esse
1069 896 1118 939 au-

105 965 200 1026 ditum
231 974 261 1026 et
289 965 445 1026 odoratum
472 965 605 1046 piscibus
633 985 693 1026 non
721 969 779 1026 erit
809 966 945 1048 dubium,
978 987 1013 1027 ex
1043 969 1119 1028 aeris
1172 962 1178 972 “

104 1061 266 1134 utrumque
294 1057 426 1116 materia.
472 1055 595 1135 odorem
622 1055 741 1135 quidem
770 1074 830 1115 non
853 1055 932 1117 aliud
959 1075 1048 1136 quam
1075 1059 1119 1116 in·

63 1157 90 1198 10
103 1145 216 1205 fectum
240 1151 308 1205 aera
330 1144 462 1224 intellegi
485 1147 588 1226 possit.
635 1143 828 1224 qrramobrem
851 1145 887 1206 de
910 1145 957 1206 his
973 1148 1120 1226 opinetur

104 1239 138 1294 ut
161 1235 269 1313 cuique
293 1233 410 1294 libitum
434 1235 499 1296 erit.
545 1233 704 1295 branchiae
727 1239 787 1295 non
807 1243 877 1296 sunt
899 1235 1041 1296 ballaenis
1064 1253 1120 1296 neo
1140 1243 1173 1294 19
1247 1255 1250 1257 ·

105 1322 260 1402 delphinis.
306 1323 379 1384 haec
408 1323 466 1384 duo
495 1341 605 1403 genera
630 1323 728 1385 fistula
756 1326 870 1404 spirant
897 1343 972 1404 quae
996 1325 1032 1386 ad
1055 1323 1119 1405 pul·
1168 1319 1173 1363 7

104 1430 223 1473 monem
241 1414 386 1495 pertinet,
408 1411 550 1474 ballaenis
573 1399 589 1474 a
612 1413 724 1496 fronte,
747 1413 894 1494 delphinis
918 1433 934 1474 a
953 1414 1051 1476 dorso.
1091 1422 1122 1475 et

105 1501 189 1562 vituli
212 1503 329 1584 marini,
353 1520 427 1580 quos
450 1510 558 1564 vocant
580 1503 699 1586 phocas,
723 1506 837 1584 spirant
859 1521 893 1564 ac
915 1504 1066 1564 dormiunt
1089 1505 1120 1562 in

62 1605 90 1643 1⁵
114 1598 201 1652 terra.
247 1593 320 1652 item
343 1592 518 1674 testudines,
542 1592 578 1652 de
602 1591 711 1672 quibus
733 1611 802 1653 mox
824 1592 919 1673 plura.
1013 1599 1015 1603 '
1126 1583 1174 1688 ff,

173 1674 206 1742 8.
232 1673 284 1763 (7)
317 1679 543 1744 Velooissimum
570 1683 704 1743 omnium
727 1681 910 1765 animalium,
940 1700 1000 1742 non
1022 1681 1120 1744 solum
1138 1696 1173 1746 20

105 1772 302 1852 marinorum,
333 1779 378 1832 est
405 1770 562 1850 delphinus
590 1772 673 1832 ocior
695 1771 830 1853 voluere,
861 1773 958 1832 acrior
980 1771 1054 1854 telo,
1086 1789 1120 1832 ae

105 1861 163 1920 nisi
190 1859 317 1921 multum
343 1860 421 1920 infra
449 1869 582 1922 rostrum
611 1879 644 1921 os
672 1860 715 1921 illi
741 1861 820 1920 soret
847 1861 944 1922 medio
972 1879 1066 1940 paene
1089 1861 1121 1920 in

107 1955 220 2031 ventre,
243 1949 343 2010 nullus
366 1951 493 2030 piscium
517 1949 701 2012 celeritatem
720 1952 784 2011 eius
803 1950 949 2011 evaderet,
996 1949 1048 2010 sed
1072 1949 1120 2010 ad·

64 2049 93 2090 20
107 2039 166 2099 lert
187 2057 301 2100 moram
324 2039 509 2119 providentia
532 2047 670 2122 naturae,
700 2042 768 2118 quia
791 2041 849 2100 nisi
876 2040 1009 2120 resupini
1033 2046 1121 2118 atque

107 2129 244 2189 conversi
267 2147 327 2188 non
351 2131 527 2212 corripiunt,
551 2147 627 2208 quae
646 2147 734 2190 causa
752 2130 912 2209 praecipue
936 2129 1123 2190 velocitatem

108 2235 211 2278 eorum
234 2217 374 2278 ostendit.
420 2237 488 2280 nam
507 2237 575 2280 oum
594 2219 670 2280 lame
690 2221 799 2279 conciti
818 2219 982 2298 lugientem
1001 2221 1032 2280 in
1050 2217 1123 2278 vada

106 2308 165 2368 ima
183 2309 335 2386 persecuti
353 2309 465 2388 piscem
489 2308 601 2369 diutius
625 2310 764 2389 spiritum
787 2311 971 2392 continuere,
993 2317 1028 2370 ut
1050 2325 1123 2368 arcu

108 2397 210 2456 emissi
237 2395 273 2456 ad
300 2397 507 2476 respirandum
536 2399 664 2475 emicant
697 2404 838 2476 tantaque
867 2399 895 2456 vi
922 2397 1063 2458 exsiliunt
1089 2404 1124 2458 ut

63 2497 92 2538 25
106 2483 283 2565 plerumque
297 2483 361 2545 vela
382 2487 500 2546 narium
515 2485 706 2546 transvolent.
733 2493 876 2565 vagantur
895 2486 957 2548 lere
977 2487 1122 2568 coniugia,
1141 2501 1174 2552 21

107 2575 228 2654 pariunt
251 2573 365 2635 catulos
389 2574 503 2635 decimo
523 2593 625 2634 mense
649 2577 761 2634 aestivo
779 2582 924 2656 tempore,
948 2575 1069 2636 interim
1093 2582 1123 2634 et

106 2663 202 2726 binos.
249 2665 387 2725 nutriunt
409 2662 563 2746 uberibuS,
587 2665 665 2725 sicut
688 2662 829 2745 ballaena,
852 2670 941 2742 atque
961 2665 1050 2724 etiam
1073 2680 1121 2742 ge·

108 2760 188 2814 stant
215 2753 294 2814 letus
322 2755 445 2834 infautia
471 2754 613 2814 infirmos,
660 2755 732 2832 quin
761 2761 791 2813 et
814 2751 930 2814 adultos
957 2752 1008 2814 diu
1033 2753 1122 2812 eomi-

107 2849 209 2904 tantur
232 2861 338 2923 magna
361 2846 431 2923 erga
453 2849 573 2923 partum
595 2844 727 2903 caritate.
778 2841 952 2902 adolescunt
975 2841 1122 2924 celeriter,
1140 2856 1175 2906 22

65 2946 94 2986 3⁰
108 2947 132 2993 x
163 2935 248 2994 annis
277 2940 421 3014 putantur
452 2932 488 2993 ad
519 2950 664 2994 summam
693 2931 927 3012 magnitudinem
956 2932 1122 3012 pervenire.

8 3037 18 3072 r
107 3023 209 3082 vivunt
233 3030 263 3083 et
284 3025 421 3104 tricenis,
451 3022 531 3102 quod
559 3023 711 3102 cognitum
739 3023 873 3101 praecisa
900 3020 992 3081 cauda
1019 3022 1050 3080 in
1073 3039 1122 3080 ex-

107 3113 315 3191 perimentum.
362 3111 512 3173 abduntur
535 3113 658 3172 tricenis
682 3109 788 3171 diebus
815 3112 894 3170 circa
918 3111 999 3170 canis
1023 3116 1123 3170 ortum
1168 3115 1169 3118 ’

108 3199 356 3280 occultanturque
378 3203 530 3280 incognito
553 3200 651 3283 modo,
674 3199 754 3280 quod
773 3217 808 3260 eo
827 3201 920 3280 magis
939 3201 1048 3260 mirum
1068 3205 1123 3280 est,

179 3408 286 3464 talias
303 3409 371 3466 Dol.
399 3409 457 3465 aha
475 3410 532 3464 ho,
623 3405 694 3462 lde
714 3405 750 3463 2².
777 3407 827 3462 sed
844 3423 868 3462 r.
903 3408 907 3476 Ι
941 3404 1079 3462 confessio
1097 3421 1121 3460 o.

107 3497 165 3536 -sso
185 3481 212 3535 ll.
313 3487 345 3537 12
364 3480 459 3536 fistula
476 3497 530 3552 epo.
550 3479 607 3534 -lae
627 3478 730 3535 tir-lis
748 3495 772 3534 o.
875 3483 908 3532 13
926 3476 1050 3548 pertinet
1066 3491 1122 3546 epo.

107 3554 168 3608 -enl
186 3553 243 3608 llo.
300 3557 334 3610 22
354 3570 417 3608 cum
435 3551 465 3606 α’
482 3555 515 3608 in
532 3567 588 3608 ros.
616 3568 671 3622 que
688 3569 711 3606 r.
771 3555 805 3606 23
824 3566 892 3606 arcu
909 3554 961 3604 lto.
977 3565 1066 3623 fcum
1084 3547 1121 3602 α’.

107 3636 155 3679 -cev
169 3641 193 3680 r.
246 3630 281 3680 24
297 3623 392 3680 emissi
408 3630 460 3680 Bo.
484 3623 563 3680 missi
580 3639 603 3678 r.
620 3625 625 3694 Ι
640 3625 775 3693 tantaque
793 3623 824 3678 ui
840 3641 865 3676 e.
894 3622 990 3690 -taque
1007 3619 1053 3675 ι’.
1081 3621 1124 3674 -ta

107 3695 187 3767 quir.
225 3695 455 3771 aouagmurnt
471 3714 518 3769 ag·
532 3695 671 3771 31411113-
685 3699 709 3752 d.
726 3711 791 3766 oag·
803 3699 859 3749 Dr.
874 3694 959 3751 uento
967 3693 1088 3765 aguntur
1098 3709 1123 3745 a.
1137 3703 1139 3708 ’
