<?xml version="1.0" encoding="UTF-8"?>
<!DOCTYPE html PUBLIC "-//W3C//DTD XHTML 1.0 Transitional//EN"
    "http://www.w3.org/TR/xhtml1/DTD/xhtml1-transitional.dtd">
<html xmlns="http://www.w3.org/1999/xhtml" xml:lang="en" lang="en">
 <head>
  <title>
</title>
<meta http-equiv="Content-Type" content="text/html;charset=utf-8" />
  <meta name='ocr-system' content='tesseract 3.04.00' />
  <meta name='ocr-capabilities' content='ocr_page ocr_carea ocr_par ocr_line ocrx_word'/>
</head>
<body>
  <div class='ocr_page' id='page_1' title='image "./naturalishistor02plingoog_0650.png"; bbox 0 0 2396 3940; ppageno 0'>
   <div class='ocr_carea' id='block_1_1' title="bbox 157 185 830 258">
    <p class='ocr_par' dir='ltr' id='par_1_1' title="bbox 157 185 830 258">
     <span class='ocr_line' id='line_1_1' title="bbox 157 185 830 258; baseline -0.007 -13"><span class='ocrx_word' id='word_1_1' title='bbox 157 191 224 258; x_wconf 74' lang='lat'><strong>270</strong></span> <span class='ocrx_word' id='word_1_2' title='bbox 505 187 653 248; x_wconf 72' lang='lat' dir='ltr'><strong>comm</strong></span> <span class='ocrx_word' id='word_1_3' title='bbox 672 185 830 242; x_wconf 80' lang='lat' dir='ltr'><strong>saeuum</strong></span> 
     </span>
    </p>
   </div>
   <div class='ocr_carea' id='block_1_2' title="bbox 106 340 1181 958">
    <p class='ocr_par' dir='ltr' id='par_1_2' title="bbox 106 340 1181 958">
     <span class='ocr_line' id='line_1_2' title="bbox 157 340 1161 422; baseline -0.013 -16"><span class='ocrx_word' id='word_1_4' title='bbox 157 343 317 406; x_wconf 86' lang='lat' dir='ltr'><strong>memoriae</strong></span> <span class='ocrx_word' id='word_1_5' title='bbox 349 340 448 422; x_wconf 89' lang='lat' dir='ltr'><strong>locus,</strong></span> <span class='ocrx_word' id='word_1_6' title='bbox 486 355 576 420; x_wconf 83' lang='lat' dir='ltr'><strong>quem</strong></span> <span class='ocrx_word' id='word_1_7' title='bbox 606 344 764 416; x_wconf 82' lang='lat' dir='ltr'><strong>tangentes</strong></span> <span class='ocrx_word' id='word_1_8' title='bbox 796 341 1002 414; x_wconf 68' lang='lat' dir='ltr'><strong>obtestamur,</strong></span> <span class='ocrx_word' id='word_1_9' title='bbox 1028 340 1074 395; x_wconf 89' lang='lat' dir='ltr'><strong>est</strong></span> <span class='ocrx_word' id='word_1_10' title='bbox 1101 341 1161 414; x_wconf 80' lang='lat' dir='ltr'><strong>post</strong></span> 
     </span>
     <span class='ocr_line' id='line_1_3' title="bbox 157 423 1161 510; baseline -0.012 -16"><span class='ocrx_word' id='word_1_11' title='bbox 157 449 261 494; x_wconf 89' lang='lat' dir='ltr'><strong>aurem</strong></span> <span class='ocrx_word' id='word_1_12' title='bbox 278 449 372 510; x_wconf 85' lang='lat' dir='ltr'><strong>aeque</strong></span> <span class='ocrx_word' id='word_1_13' title='bbox 391 430 542 506; x_wconf 82' lang='lat' dir='ltr'><strong>dexteram</strong></span> <span class='ocrx_word' id='word_1_14' title='bbox 555 425 726 508; x_wconf 80' lang='lat' dir='ltr'><strong>Nemeseos,</strong></span> <span class='ocrx_word' id='word_1_15' title='bbox 745 443 820 506; x_wconf 86' lang='lat' dir='ltr'><strong>quae</strong></span> <span class='ocrx_word' id='word_1_16' title='bbox 840 425 894 486; x_wconf 89' lang='lat' dir='ltr'><strong>dea</strong></span> <span class='ocrx_word' id='word_1_17' title='bbox 906 423 1047 486; x_wconf 85' lang='lat' dir='ltr'><strong>Latinum</strong></span> <span class='ocrx_word' id='word_1_18' title='bbox 1063 440 1161 484; x_wconf 89' lang='lat' dir='ltr'><strong>nomen</strong></span> 
     </span>
     <span class='ocr_line' id='line_1_4' title="bbox 157 515 1160 600; baseline -0.011 -17"><span class='ocrx_word' id='word_1_19' title='bbox 157 540 196 582; x_wconf 92' lang='lat' dir='ltr'><strong>ne</strong></span> <span class='ocrx_word' id='word_1_20' title='bbox 214 524 245 582; x_wconf 93' lang='lat' dir='ltr'><strong>in</strong></span> <span class='ocrx_word' id='word_1_21' title='bbox 265 519 407 600; x_wconf 87' lang='lat' dir='ltr'><strong>Capitolio</strong></span> <span class='ocrx_word' id='word_1_22' title='bbox 431 516 551 598; x_wconf 91' lang='lat' dir='ltr'><strong>quidem</strong></span> <span class='ocrx_word' id='word_1_23' title='bbox 574 517 695 596; x_wconf 84' lang='lat' dir='ltr'><strong>invenit,</strong></span> <span class='ocrx_word' id='word_1_24' title='bbox 719 533 778 595; x_wconf 79' lang='lat' dir='ltr'><strong>qrro</strong></span> <span class='ocrx_word' id='word_1_25' title='bbox 801 515 960 576; x_wconf 82' lang='lat' dir='ltr'><strong>referimus</strong></span> <span class='ocrx_word' id='word_1_26' title='bbox 982 519 1096 574; x_wconf 85' lang='lat' dir='ltr'><strong>tactum</strong></span> <span class='ocrx_word' id='word_1_27' title='bbox 1116 530 1160 572; x_wconf 86' lang='lat' dir='ltr'><strong>ore</strong></span> 
     </span>
     <span class='ocr_line' id='line_1_5' title="bbox 156 600 1160 694; baseline -0.012 -22"><span class='ocrx_word' id='word_1_28' title='bbox 156 612 324 692; x_wconf 84' lang='lat' dir='ltr'><strong>proximum</strong></span> <span class='ocrx_word' id='word_1_29' title='bbox 347 609 508 694; x_wconf 64' lang='lat' dir='ltr'><strong>aminimo</strong></span> <span class='ocrx_word' id='word_1_30' title='bbox 532 606 658 685; x_wconf 85' lang='lat' dir='ltr'><strong>digitum</strong></span> <span class='ocrx_word' id='word_1_31' title='bbox 684 606 801 666; x_wconf 88' lang='lat' dir='ltr'><strong>veniam</strong></span> <span class='ocrx_word' id='word_1_32' title='bbox 828 603 976 666; x_wconf 91' lang='lat' dir='ltr'><strong>sermonis</strong></span> <span class='ocrx_word' id='word_1_33' title='bbox 1004 619 1021 661; x_wconf 89' lang='lat' dir='ltr'><strong>a</strong></span> <span class='ocrx_word' id='word_1_34' title='bbox 1049 601 1103 662; x_wconf 88' lang='lat' dir='ltr'><strong>diis</strong></span> <span class='ocrx_word' id='word_1_35' title='bbox 1127 600 1160 660; x_wconf 92' lang='lat' dir='ltr'><strong>ihi</strong></span> 
     </span>
     <span class='ocr_line' id='line_1_6' title="bbox 157 699 1181 774; baseline -0.018 -12"><span class='ocrx_word' id='word_1_36' title='bbox 157 699 362 774; x_wconf 78' lang='lat' dir='ltr'><strong>recondentes.</strong></span> <span class='ocrx_word' id='word_1_37' title='bbox 741 709 742 712; x_wconf 45' lang='lat'>¹</span> <span class='ocrx_word' id='word_1_38' title='bbox 1171 705 1181 744; x_wconf 77' lang='lat' dir='ltr'><strong>s</strong></span> 
     </span>
     <span class='ocr_line' id='line_1_7' title="bbox 106 771 1161 870; baseline -0.005 -26"><span class='ocrx_word' id='word_1_39' title='bbox 106 771 158 845; x_wconf 70' lang='lat' dir='ltr'><strong>tbi</strong></span> <span class='ocrx_word' id='word_1_40' title='bbox 227 779 324 870; x_wconf 85' lang='lat'>(104)</span> <span class='ocrx_word' id='word_1_41' title='bbox 346 781 466 846; x_wconf 88' lang='lat' dir='ltr'><strong>Varices</strong></span> <span class='ocrx_word' id='word_1_42' title='bbox 489 785 521 844; x_wconf 92' lang='lat' dir='ltr'><strong>in</strong></span> <span class='ocrx_word' id='word_1_43' title='bbox 544 781 683 847; x_wconf 87' lang='lat' dir='ltr'><strong>cruribus</strong></span> <span class='ocrx_word' id='word_1_44' title='bbox 710 784 774 844; x_wconf 87' lang='lat' dir='ltr'><strong>viro</strong></span> <span class='ocrx_word' id='word_1_45' title='bbox 796 789 925 863; x_wconf 88' lang='lat' dir='ltr'><strong>tantum,</strong></span> <span class='ocrx_word' id='word_1_46' title='bbox 953 779 1075 843; x_wconf 89' lang='lat' dir='ltr'><strong>mulieri</strong></span> <span class='ocrx_word' id='word_1_47' title='bbox 1095 797 1161 840; x_wconf 87' lang='lat' dir='ltr'><strong>raro.</strong></span> 
     </span>
     <span class='ocr_line' id='line_1_8' title="bbox 157 869 1162 958; baseline -0.009 -20"><span class='ocrx_word' id='word_1_48' title='bbox 157 877 188 938; x_wconf 86' lang='lat' dir='ltr'><strong>C.</strong></span> <span class='ocrx_word' id='word_1_49' title='bbox 201 875 336 958; x_wconf 87' lang='lat' dir='ltr'><strong>hiarium,</strong></span> <span class='ocrx_word' id='word_1_50' title='bbox 359 876 411 954; x_wconf 87' lang='lat' dir='ltr'><strong>qni</strong></span> <span class='ocrx_word' id='word_1_51' title='bbox 429 887 481 935; x_wconf 85' lang='lat' dir='ltr'><strong>vn</strong></span> <span class='ocrx_word' id='word_1_52' title='bbox 504 871 611 933; x_wconf 91' lang='lat' dir='ltr'><strong>consul</strong></span> <span class='ocrx_word' id='word_1_53' title='bbox 632 871 702 954; x_wconf 86' lang='lat' dir='ltr'><strong>luit,</strong></span> <span class='ocrx_word' id='word_1_54' title='bbox 725 873 815 932; x_wconf 87' lang='lat' dir='ltr'><strong>stanti</strong></span> <span class='ocrx_word' id='word_1_55' title='bbox 838 869 894 932; x_wconf 93' lang='lat' dir='ltr'><strong>sihi</strong></span> <span class='ocrx_word' id='word_1_56' title='bbox 917 869 1036 932; x_wconf 83' lang='lat' dir='ltr'><strong>extrahi</strong></span> <span class='ocrx_word' id='word_1_57' title='bbox 1051 887 1162 950; x_wconf 88' lang='lat' dir='ltr'><strong>passum</strong></span> 
     </span>
    </p>
   </div>
   <div class='ocr_carea' id='block_1_3' title="bbox 102 961 1185 2738">
    <p class='ocr_par' dir='ltr' id='par_1_3' title="bbox 155 961 796 1044">
     <span class='ocr_line' id='line_1_9' title="bbox 155 961 796 1044; baseline -0.006 -18"><span class='ocrx_word' id='word_1_58' title='bbox 155 983 250 1026; x_wconf 91' lang='lat' dir='ltr'><strong>unum</strong></span> <span class='ocrx_word' id='word_1_59' title='bbox 272 964 427 1024; x_wconf 90' lang='lat' dir='ltr'><strong>hominum</strong></span> <span class='ocrx_word' id='word_1_60' title='bbox 450 961 590 1044; x_wconf 88' lang='lat' dir='ltr'><strong>Oppius</strong></span> <span class='ocrx_word' id='word_1_61' title='bbox 614 968 719 1024; x_wconf 83' lang='lat' dir='ltr'>auctor</span> <span class='ocrx_word' id='word_1_62' title='bbox 742 968 796 1022; x_wconf 90' lang='lat' dir='ltr'><strong>est.</strong></span> 
     </span>
    </p>

    <p class='ocr_par' dir='ltr' id='par_1_4' title="bbox 104 1047 1185 1668">
     <span class='ocr_line' id='line_1_10' title="bbox 104 1047 1160 1136; baseline -0.002 -26"><span class='ocrx_word' id='word_1_63' title='bbox 104 1060 156 1111; x_wconf 76' lang='lat'><strong>253</strong></span> <span class='ocrx_word' id='word_1_64' title='bbox 224 1047 320 1136; x_wconf 85' lang='lat'>(105)</span> <span class='ocrx_word' id='word_1_65' title='bbox 345 1051 450 1113; x_wconf 86' lang='lat' dir='ltr'><strong>Omnia</strong></span> <span class='ocrx_word' id='word_1_66' title='bbox 473 1049 609 1112; x_wconf 86' lang='lat' dir='ltr'><strong>animalia</strong></span> <span class='ocrx_word' id='word_1_67' title='bbox 632 1069 650 1112; x_wconf 87' lang='lat' dir='ltr'><strong>a</strong></span> <span class='ocrx_word' id='word_1_68' title='bbox 667 1050 780 1112; x_wconf 85' lang='lat' dir='ltr'><strong>dextris</strong></span> <span class='ocrx_word' id='word_1_69' title='bbox 798 1049 934 1130; x_wconf 88' lang='lat' dir='ltr'><strong>partibus</strong></span> <span class='ocrx_word' id='word_1_70' title='bbox 955 1048 1110 1130; x_wconf 81' lang='lat' dir='ltr'><strong>incedunt,</strong></span> <span class='ocrx_word' id='word_1_71' title='bbox 1129 1051 1160 1108; x_wconf 91' lang='lat' dir='ltr'><strong>si-</strong></span> 
     </span>
     <span class='ocr_line' id='line_1_11' title="bbox 156 1135 1185 1221; baseline -0.006 -17"><span class='ocrx_word' id='word_1_72' title='bbox 156 1143 259 1204; x_wconf 89' lang='lat' dir='ltr'><strong>nistris</strong></span> <span class='ocrx_word' id='word_1_73' title='bbox 285 1140 436 1202; x_wconf 87' lang='lat' dir='ltr'><strong>incubant.</strong></span> <span class='ocrx_word' id='word_1_74' title='bbox 481 1137 597 1220; x_wconf 84' lang='lat' dir='ltr'><strong>reliqua</strong></span> <span class='ocrx_word' id='word_1_75' title='bbox 626 1147 661 1202; x_wconf 88' lang='lat' dir='ltr'><strong>ut</strong></span> <span class='ocrx_word' id='word_1_76' title='bbox 687 1139 806 1202; x_wconf 89' lang='lat' dir='ltr'><strong>hbitum</strong></span> <span class='ocrx_word' id='word_1_77' title='bbox 832 1146 879 1200; x_wconf 90' lang='lat' dir='ltr'><strong>est</strong></span> <span class='ocrx_word' id='word_1_78' title='bbox 906 1138 1099 1221; x_wconf 85' lang='lat' dir='ltr'><strong>gradiuntur,</strong></span> <span class='ocrx_word' id='word_1_79' title='bbox 1122 1135 1159 1198; x_wconf 87' lang='lat' dir='ltr'><strong>leo</strong></span> <span class='ocrx_word' id='word_1_80' title='bbox 1172 1153 1185 1192; x_wconf 77' lang='grc' dir='ltr'><strong>ιΙ</strong></span> 
     </span>
     <span class='ocr_line' id='line_1_12' title="bbox 155 1227 1162 1314; baseline -0.006 -22"><span class='ocrx_word' id='word_1_81' title='bbox 155 1237 272 1294; x_wconf 91' lang='lat' dir='ltr'><strong>tantum</strong></span> <span class='ocrx_word' id='word_1_82' title='bbox 295 1228 477 1292; x_wconf 89' lang='lat' dir='ltr'><strong>et-camelus</strong></span> <span class='ocrx_word' id='word_1_83' title='bbox 491 1229 644 1314; x_wconf 82' lang='lat' dir='ltr'><strong>pedatim,</strong></span> <span class='ocrx_word' id='word_1_84' title='bbox 671 1227 728 1290; x_wconf 92' lang='lat' dir='ltr'><strong>hoc</strong></span> <span class='ocrx_word' id='word_1_85' title='bbox 752 1236 798 1294; x_wconf 87' lang='lat' dir='ltr'><strong>est</strong></span> <span class='ocrx_word' id='word_1_86' title='bbox 824 1236 859 1292; x_wconf 92' lang='lat' dir='ltr'><strong>ut</strong></span> <span class='ocrx_word' id='word_1_87' title='bbox 881 1230 1004 1290; x_wconf 87' lang='lat' dir='ltr'><strong>sinister</strong></span> <span class='ocrx_word' id='word_1_88' title='bbox 1031 1245 1087 1308; x_wconf 88' lang='lat' dir='ltr'><strong>pes</strong></span> <span class='ocrx_word' id='word_1_89' title='bbox 1112 1246 1162 1288; x_wconf 88' lang='lat' dir='ltr'><strong>non</strong></span> 
     </span>
     <span class='ocr_line' id='line_1_13' title="bbox 156 1316 1162 1404; baseline -0.004 -23"><span class='ocrx_word' id='word_1_90' title='bbox 156 1327 288 1382; x_wconf 84' lang='lat' dir='ltr'><strong>trauseat</strong></span> <span class='ocrx_word' id='word_1_91' title='bbox 305 1319 455 1400; x_wconf 82' lang='lat' dir='ltr'><strong>dextrum,</strong></span> <span class='ocrx_word' id='word_1_92' title='bbox 479 1318 533 1380; x_wconf 82' lang='lat' dir='ltr'><strong>secl</strong></span> <span class='ocrx_word' id='word_1_93' title='bbox 550 1318 759 1404; x_wconf 83' lang='lat' dir='ltr'><strong>subsequatur.</strong></span> <span class='ocrx_word' id='word_1_94' title='bbox 794 1317 886 1399; x_wconf 90' lang='lat' dir='ltr'><strong>pedes</strong></span> <span class='ocrx_word' id='word_1_95' title='bbox 909 1316 1024 1378; x_wconf 88' lang='lat' dir='ltr'><strong>homini</strong></span> <span class='ocrx_word' id='word_1_96' title='bbox 1046 1319 1162 1396; x_wconf 82' lang='lat' dir='ltr'><strong>maximi,</strong></span> 
     </span>
     <span class='ocr_line' id='line_1_14' title="bbox 156 1405 1161 1489; baseline -0.002 -19"><span class='ocrx_word' id='word_1_97' title='bbox 156 1409 275 1471; x_wconf 82' lang='lat' dir='ltr'><strong>feminis</strong></span> <span class='ocrx_word' id='word_1_98' title='bbox 298 1409 450 1470; x_wconf 85' lang='lat' dir='ltr'><strong>tenuiores</strong></span> <span class='ocrx_word' id='word_1_99' title='bbox 472 1409 505 1468; x_wconf 92' lang='lat' dir='ltr'><strong>in</strong></span> <span class='ocrx_word' id='word_1_100' title='bbox 527 1409 609 1470; x_wconf 92' lang='lat' dir='ltr'><strong>omni</strong></span> <span class='ocrx_word' id='word_1_101' title='bbox 635 1425 754 1489; x_wconf 83' lang='lat' dir='ltr'><strong>genere.</strong></span> <span class='ocrx_word' id='word_1_102' title='bbox 800 1425 887 1470; x_wconf 84' lang='lat' dir='ltr'><strong>surae</strong></span> <span class='ocrx_word' id='word_1_103' title='bbox 913 1405 1030 1468; x_wconf 90' lang='lat' dir='ltr'><strong>homini</strong></span> <span class='ocrx_word' id='word_1_104' title='bbox 1055 1414 1161 1468; x_wconf 90' lang='lat' dir='ltr'><strong>tautum</strong></span> 
     </span>
     <span class='ocr_line' id='line_1_15' title="bbox 157 1495 1161 1578; baseline -0.003 -19"><span class='ocrx_word' id='word_1_105' title='bbox 157 1506 187 1559; x_wconf 90' lang='lat' dir='ltr'><strong>et</strong></span> <span class='ocrx_word' id='word_1_106' title='bbox 214 1515 303 1560; x_wconf 84' lang='lat' dir='ltr'><strong>crura</strong></span> <span class='ocrx_word' id='word_1_107' title='bbox 331 1514 463 1558; x_wconf 87' lang='lat' dir='ltr'><strong>carnosa.</strong></span> <span class='ocrx_word' id='word_1_108' title='bbox 508 1495 660 1577; x_wconf 89' lang='lat' dir='ltr'><strong>reperitur</strong></span> <span class='ocrx_word' id='word_1_109' title='bbox 687 1496 766 1577; x_wconf 86' lang='lat' dir='ltr'><strong>apud</strong></span> <span class='ocrx_word' id='word_1_110' title='bbox 796 1503 933 1578; x_wconf 88' lang='lat' dir='ltr'><strong>auctores</strong></span> <span class='ocrx_word' id='word_1_111' title='bbox 963 1495 1161 1578; x_wconf 86' lang='lat' dir='ltr'><strong>quendamiu</strong></span> 
     </span>
     <span class='ocr_line' id='line_1_16' title="bbox 156 1583 1162 1668; baseline -0.002 -21"><span class='ocrx_word' id='word_1_112' title='bbox 156 1587 287 1668; x_wconf 76' lang='lat' dir='ltr'><strong>Aegypto</strong></span> <span class='ocrx_word' id='word_1_113' title='bbox 310 1603 370 1646; x_wconf 91' lang='lat' dir='ltr'><strong>non</strong></span> <span class='ocrx_word' id='word_1_114' title='bbox 393 1583 532 1646; x_wconf 81' lang='lat' dir='ltr'><strong>habuisse</strong></span> <span class='ocrx_word' id='word_1_115' title='bbox 556 1604 650 1647; x_wconf 89' lang='lat' dir='ltr'><strong>suras.</strong></span> <span class='ocrx_word' id='word_1_116' title='bbox 677 1585 742 1646; x_wconf 83' lang='lat' dir='ltr'><strong>vola</strong></span> <span class='ocrx_word' id='word_1_117' title='bbox 764 1585 877 1650; x_wconf 91' lang='lat' dir='ltr'><strong>homini</strong></span> <span class='ocrx_word' id='word_1_118' title='bbox 899 1593 1017 1648; x_wconf 85' lang='lat' dir='ltr'><strong>tautum</strong></span> <span class='ocrx_word' id='word_1_119' title='bbox 1040 1588 1162 1666; x_wconf 84' lang='lat' dir='ltr'><strong>exceptis</strong></span> 
     </span>
    </p>

    <p class='ocr_par' dir='ltr' id='par_1_5' title="bbox 103 1674 1186 2202">
     <span class='ocr_line' id='line_1_17' title="bbox 103 1674 1162 1757; baseline 0.002 -25"><span class='ocrx_word' id='word_1_120' title='bbox 103 1675 350 1757; x_wconf 76' lang='lat' dir='ltr'><strong>eotquihusdam.</strong></span> <span class='ocrx_word' id='word_1_121' title='bbox 395 1692 522 1754; x_wconf 87' lang='lat' dir='ltr'><strong>namque</strong></span> <span class='ocrx_word' id='word_1_122' title='bbox 550 1683 580 1736; x_wconf 92' lang='lat' dir='ltr'><strong>et</strong></span> <span class='ocrx_word' id='word_1_123' title='bbox 606 1675 676 1736; x_wconf 91' lang='lat' dir='ltr'><strong>hinc</strong></span> <span class='ocrx_word' id='word_1_124' title='bbox 704 1677 879 1756; x_wconf 86' lang='lat' dir='ltr'><strong>cognomina</strong></span> <span class='ocrx_word' id='word_1_125' title='bbox 905 1677 1039 1756; x_wconf 87' lang='lat' dir='ltr'><strong>inventa,</strong></span> <span class='ocrx_word' id='word_1_126' title='bbox 1061 1674 1162 1754; x_wconf 79' lang='lat' dir='ltr'><strong>Planci,</strong></span> 
     </span>
     <span class='ocr_line' id='line_1_18' title="bbox 155 1762 1161 1847; baseline -0.003 -21"><span class='ocrx_word' id='word_1_127' title='bbox 155 1763 267 1847; x_wconf 87' lang='lat' dir='ltr'><strong>Plauti,</strong></span> <span class='ocrx_word' id='word_1_128' title='bbox 303 1763 432 1846; x_wconf 82' lang='lat' dir='ltr'><strong>Pansae,</strong></span> <span class='ocrx_word' id='word_1_129' title='bbox 469 1763 590 1846; x_wconf 81' lang='lat' dir='ltr'><strong>Scauri,</strong></span> <span class='ocrx_word' id='word_1_130' title='bbox 622 1765 700 1826; x_wconf 91' lang='lat' dir='ltr'><strong>sicut</strong></span> <span class='ocrx_word' id='word_1_131' title='bbox 731 1783 748 1824; x_wconf 86' lang='lat' dir='ltr'><strong>a</strong></span> <span class='ocrx_word' id='word_1_132' title='bbox 780 1763 919 1826; x_wconf 80' lang='lat' dir='ltr'><strong>omnbus</strong></span> <span class='ocrx_word' id='word_1_133' title='bbox 948 1762 1034 1846; x_wconf 88' lang='lat' dir='ltr'><strong>Vari,</strong></span> <span class='ocrx_word' id='word_1_134' title='bbox 1063 1762 1161 1842; x_wconf 85' lang='lat' dir='ltr'><strong>Vatiae,</strong></span> 
     </span>
     <span class='ocr_line' id='line_1_19' title="bbox 156 1853 1161 1936; baseline -0.001 -23"><span class='ocrx_word' id='word_1_135' title='bbox 156 1853 266 1936; x_wconf 91' lang='lat' dir='ltr'><strong>Vatini,</strong></span> <span class='ocrx_word' id='word_1_136' title='bbox 298 1871 373 1934; x_wconf 81' lang='lat' dir='ltr'><strong>quae</strong></span> <span class='ocrx_word' id='word_1_137' title='bbox 401 1855 471 1916; x_wconf 86' lang='lat' dir='ltr'><strong>vitia</strong></span> <span class='ocrx_word' id='word_1_138' title='bbox 498 1862 529 1914; x_wconf 89' lang='lat' dir='ltr'><strong>et</strong></span> <span class='ocrx_word' id='word_1_139' title='bbox 560 1855 592 1914; x_wconf 94' lang='lat' dir='ltr'><strong>iu</strong></span> <span class='ocrx_word' id='word_1_140' title='bbox 624 1853 866 1934; x_wconf 84' lang='lat' dir='ltr'><strong>quadripedibus.</strong></span> <span class='ocrx_word' id='word_1_141' title='bbox 924 1853 1034 1916; x_wconf 88' lang='lat' dir='ltr'><strong>solidas</strong></span> <span class='ocrx_word' id='word_1_142' title='bbox 1061 1853 1161 1916; x_wconf 87' lang='lat' dir='ltr'><strong>habent</strong></span> 
     </span>
     <span class='ocr_line' id='line_1_20' title="bbox 156 1941 1160 2028; baseline -0.002 -23"><span class='ocrx_word' id='word_1_143' title='bbox 156 1943 281 2028; x_wconf 84' lang='lat' dir='ltr'><strong>ungulas</strong></span> <span class='ocrx_word' id='word_1_144' title='bbox 311 1961 386 2023; x_wconf 88' lang='lat' dir='ltr'><strong>quae</strong></span> <span class='ocrx_word' id='word_1_145' title='bbox 413 1961 474 2004; x_wconf 90' lang='lat' dir='ltr'><strong>non</strong></span> <span class='ocrx_word' id='word_1_146' title='bbox 501 1949 572 2004; x_wconf 88' lang='lat' dir='ltr'><strong>sunt</strong></span> <span class='ocrx_word' id='word_1_147' title='bbox 599 1945 769 2026; x_wconf 86' lang='lat' dir='ltr'><strong>cornigera,</strong></span> <span class='ocrx_word' id='word_1_148' title='bbox 798 1945 890 2024; x_wconf 89' lang='lat' dir='ltr'><strong>igitur</strong></span> <span class='ocrx_word' id='word_1_149' title='bbox 918 1961 975 2023; x_wconf 92' lang='lat' dir='ltr'><strong>pro</strong></span> <span class='ocrx_word' id='word_1_150' title='bbox 1002 1941 1050 2004; x_wconf 92' lang='lat' dir='ltr'><strong>his</strong></span> <span class='ocrx_word' id='word_1_151' title='bbox 1079 1943 1160 2006; x_wconf 88' lang='lat' dir='ltr'><strong>telum</strong></span> 
     </span>
     <span class='ocr_line' id='line_1_21' title="bbox 155 2028 1160 2115; baseline 0 -21"><span class='ocrx_word' id='word_1_152' title='bbox 155 2032 283 2112; x_wconf 91' lang='lat' dir='ltr'><strong>ungulae</strong></span> <span class='ocrx_word' id='word_1_153' title='bbox 305 2032 384 2093; x_wconf 91' lang='lat' dir='ltr'><strong>ictus</strong></span> <span class='ocrx_word' id='word_1_154' title='bbox 406 2039 453 2092; x_wconf 90' lang='lat' dir='ltr'><strong>est</strong></span> <span class='ocrx_word' id='word_1_155' title='bbox 474 2028 542 2093; x_wconf 90' lang='lat' dir='ltr'><strong>illis.</strong></span> <span class='ocrx_word' id='word_1_156' title='bbox 587 2049 644 2093; x_wconf 92' lang='lat' dir='ltr'><strong>nec</strong></span> <span class='ocrx_word' id='word_1_157' title='bbox 666 2031 741 2094; x_wconf 90' lang='lat' dir='ltr'><strong>talos</strong></span> <span class='ocrx_word' id='word_1_158' title='bbox 763 2031 874 2094; x_wconf 84' lang='lat' dir='ltr'><strong>habent</strong></span> <span class='ocrx_word' id='word_1_159' title='bbox 897 2032 1015 2115; x_wconf 88' lang='lat' dir='ltr'><strong>eadem,</strong></span> <span class='ocrx_word' id='word_1_160' title='bbox 1041 2039 1073 2094; x_wconf 84' lang='lat' dir='ltr'><strong>at</strong></span> <span class='ocrx_word' id='word_1_161' title='bbox 1095 2050 1160 2112; x_wconf 76' lang='lat' dir='ltr'><strong>quae</strong></span> 
     </span>
     <span class='ocr_line' id='line_1_22' title="bbox 155 2119 1161 2202; baseline 0.001 -21"><span class='ocrx_word' id='word_1_162' title='bbox 155 2120 270 2182; x_wconf 90' lang='lat' dir='ltr'><strong>bisulca</strong></span> <span class='ocrx_word' id='word_1_163' title='bbox 294 2129 364 2182; x_wconf 90' lang='lat' dir='ltr'><strong>sunt</strong></span> <span class='ocrx_word' id='word_1_164' title='bbox 386 2119 504 2182; x_wconf 91' lang='lat' dir='ltr'><strong>habeut.</strong></span> <span class='ocrx_word' id='word_1_165' title='bbox 549 2120 640 2194; x_wconf 84' lang='lat' dir='ltr'><strong>iidem</strong></span> <span class='ocrx_word' id='word_1_166' title='bbox 662 2121 770 2202; x_wconf 85' lang='lat' dir='ltr'><strong>digitos</strong></span> <span class='ocrx_word' id='word_1_167' title='bbox 796 2120 976 2184; x_wconf 85' lang='lat' dir='ltr'><strong>habentibus</strong></span> <span class='ocrx_word' id='word_1_168' title='bbox 1002 2139 1065 2182; x_wconf 90' lang='lat' dir='ltr'><strong>non</strong></span> <span class='ocrx_word' id='word_1_169' title='bbox 1091 2131 1161 2202; x_wconf 87' lang='lat' dir='ltr'><strong>suut,</strong></span> 
     </span>
    </p>

    <p class='ocr_par' dir='ltr' id='par_1_6' title="bbox 109 2209 1186 2556">
     <span class='ocr_line' id='line_1_23' title="bbox 109 2209 1160 2291; baseline 0.001 -21"><span class='ocrx_word' id='word_1_170' title='bbox 109 2247 114 2252; x_wconf 98' lang='lat'>-</span> <span class='ocrx_word' id='word_1_171' title='bbox 155 2227 253 2290; x_wconf 91' lang='lat' dir='ltr'><strong>neque</strong></span> <span class='ocrx_word' id='word_1_172' title='bbox 276 2209 308 2270; x_wconf 92' lang='lat' dir='ltr'><strong>in</strong></span> <span class='ocrx_word' id='word_1_173' title='bbox 330 2209 482 2289; x_wconf 78' lang='lat' dir='ltr'><strong>primibus</strong></span> <span class='ocrx_word' id='word_1_174' title='bbox 505 2211 625 2272; x_wconf 93' lang='lat' dir='ltr'><strong>omnino</strong></span> <span class='ocrx_word' id='word_1_175' title='bbox 647 2209 774 2291; x_wconf 89' lang='lat' dir='ltr'><strong>pedibus</strong></span> <span class='ocrx_word' id='word_1_176' title='bbox 800 2210 877 2278; x_wconf 81' lang='lat' dir='ltr'><strong>ulli..</strong></span> <span class='ocrx_word' id='word_1_177' title='bbox 907 2209 1020 2272; x_wconf 85' lang='lat' dir='ltr'><strong>camelo</strong></span> <span class='ocrx_word' id='word_1_178' title='bbox 1052 2209 1104 2272; x_wconf 79' lang='lat' dir='ltr'><strong>tali</strong></span> <span class='ocrx_word' id='word_1_179' title='bbox 1127 2213 1160 2271; x_wconf 90' lang='lat' dir='ltr'><strong>si·</strong></span> 
     </span>
     <span class='ocr_line' id='line_1_24' title="bbox 154 2291 1160 2380; baseline 0 -20"><span class='ocrx_word' id='word_1_180' title='bbox 154 2298 241 2360; x_wconf 90' lang='lat' dir='ltr'><strong>miles</strong></span> <span class='ocrx_word' id='word_1_181' title='bbox 269 2297 405 2380; x_wconf 76' lang='lat' dir='ltr'><strong>bubuIiS,</strong></span> <span class='ocrx_word' id='word_1_182' title='bbox 437 2297 490 2360; x_wconf 90' lang='lat' dir='ltr'><strong>scd</strong></span> <span class='ocrx_word' id='word_1_183' title='bbox 520 2301 651 2362; x_wconf 90' lang='lat' dir='ltr'><strong>minores</strong></span> <span class='ocrx_word' id='word_1_184' title='bbox 682 2291 780 2380; x_wconf 82' lang='lat' dir='ltr'><strong>paulo.</strong></span> <span class='ocrx_word' id='word_1_185' title='bbox 832 2307 878 2360; x_wconf 91' lang='lat' dir='ltr'><strong>est</strong></span> <span class='ocrx_word' id='word_1_186' title='bbox 910 2301 989 2362; x_wconf 91' lang='lat' dir='ltr'><strong>enim</strong></span> <span class='ocrx_word' id='word_1_187' title='bbox 1022 2298 1160 2362; x_wconf 84' lang='lat' dir='ltr'><strong>bisulcum</strong></span> 
     </span>
     <span class='ocr_line' id='line_1_25' title="bbox 155 2387 1158 2471; baseline 0 -23"><span class='ocrx_word' id='word_1_188' title='bbox 155 2387 326 2449; x_wconf 87' lang='lat' dir='ltr'><strong>discrimine</strong></span> <span class='ocrx_word' id='word_1_189' title='bbox 350 2390 470 2470; x_wconf 83' lang='lat' dir='ltr'><strong>exiguo,</strong></span> <span class='ocrx_word' id='word_1_190' title='bbox 496 2406 551 2469; x_wconf 91' lang='lat' dir='ltr'><strong>pes</strong></span> <span class='ocrx_word' id='word_1_191' title='bbox 573 2389 605 2448; x_wconf 92' lang='lat' dir='ltr'><strong>in</strong></span> <span class='ocrx_word' id='word_1_192' title='bbox 627 2390 752 2468; x_wconf 88' lang='lat' dir='ltr'><strong>vestigio</strong></span> <span class='ocrx_word' id='word_1_193' title='bbox 775 2407 918 2452; x_wconf 88' lang='lat' dir='ltr'><strong>carnosus</strong></span> <span class='ocrx_word' id='word_1_194' title='bbox 944 2397 980 2452; x_wconf 94' lang='lat' dir='ltr'><strong>ut</strong></span> <span class='ocrx_word' id='word_1_195' title='bbox 1007 2391 1085 2471; x_wconf 87' lang='lat' dir='ltr'><strong>ursi,</strong></span> <span class='ocrx_word' id='word_1_196' title='bbox 1110 2405 1158 2468; x_wconf 87' lang='lat' dir='ltr'><strong>qua</strong></span> 
     </span>
     <span class='ocr_line' id='line_1_26' title="bbox 155 2476 1053 2556; baseline 0.002 -18"><span class='ocrx_word' id='word_1_197' title='bbox 155 2477 192 2538; x_wconf 87' lang='lat' dir='ltr'><strong>dc</strong></span> <span class='ocrx_word' id='word_1_198' title='bbox 216 2493 304 2538; x_wconf 77' lang='lat' dir='ltr'><strong>carisa</strong></span> <span class='ocrx_word' id='word_1_199' title='bbox 326 2477 358 2538; x_wconf 90' lang='lat' dir='ltr'><strong>in</strong></span> <span class='ocrx_word' id='word_1_200' title='bbox 380 2476 513 2556; x_wconf 81' lang='lat' dir='ltr'><strong>longiore</strong></span> <span class='ocrx_word' id='word_1_201' title='bbox 536 2477 643 2541; x_wconf 88' lang='lat' dir='ltr'><strong>itinere</strong></span> <span class='ocrx_word' id='word_1_202' title='bbox 668 2479 732 2543; x_wconf 90' lang='lat' dir='ltr'><strong>sine</strong></span> <span class='ocrx_word' id='word_1_203' title='bbox 756 2477 879 2540; x_wconf 84' lang='lat' dir='ltr'><strong>calciatu</strong></span> <span class='ocrx_word' id='word_1_204' title='bbox 902 2479 1053 2540; x_wconf 78' lang='lat' dir='ltr'><strong>fatiscunt.</strong></span> 
     </span>
    </p>

    <p class='ocr_par' dir='ltr' id='par_1_7' title="bbox 102 2557 1157 2738">
     <span class='ocr_line' id='line_1_27' title="bbox 102 2557 1157 2650; baseline 0.005 -28"><span class='ocrx_word' id='word_1_205' title='bbox 102 2572 154 2622; x_wconf 77' lang='lat' dir='ltr'><strong>too</strong></span> <span class='ocrx_word' id='word_1_206' title='bbox 222 2559 281 2628; x_wconf 84' lang='lat'><strong>46.</strong></span> <span class='ocrx_word' id='word_1_207' title='bbox 297 2557 393 2650; x_wconf 89' lang='grc'>(106)</span> <span class='ocrx_word' id='word_1_208' title='bbox 411 2565 544 2646; x_wconf 87' lang='lat' dir='ltr'><strong>Ungulac</strong></span> <span class='ocrx_word' id='word_1_209' title='bbox 558 2569 692 2630; x_wconf 87' lang='lat' dir='ltr'><strong>veterino</strong></span> <span class='ocrx_word' id='word_1_210' title='bbox 705 2575 821 2630; x_wconf 89' lang='lat' dir='ltr'><strong>tantum</strong></span> <span class='ocrx_word' id='word_1_211' title='bbox 839 2569 942 2648; x_wconf 89' lang='lat' dir='ltr'><strong>generi</strong></span> <span class='ocrx_word' id='word_1_212' title='bbox 959 2575 1157 2630; x_wconf 86' lang='lat' dir='ltr'><strong>renascuntur.</strong></span> 
     </span>
     <span class='ocr_line' id='line_1_28' title="bbox 155 2653 1156 2738; baseline 0 -22"><span class='ocrx_word' id='word_1_213' title='bbox 155 2673 225 2718; x_wconf 90' lang='lat' dir='ltr'><strong>sues</strong></span> <span class='ocrx_word' id='word_1_214' title='bbox 239 2657 271 2716; x_wconf 92' lang='lat' dir='ltr'><strong>in</strong></span> <span class='ocrx_word' id='word_1_215' title='bbox 284 2653 401 2736; x_wconf 83' lang='lat' dir='ltr'><strong>lllyrico</strong></span> <span class='ocrx_word' id='word_1_216' title='bbox 416 2653 594 2736; x_wconf 87' lang='lat' dir='ltr'><strong>quibusdam</strong></span> <span class='ocrx_word' id='word_1_217' title='bbox 607 2655 681 2718; x_wconf 90' lang='lat' dir='ltr'><strong>locis</strong></span> <span class='ocrx_word' id='word_1_218' title='bbox 695 2655 803 2718; x_wconf 88' lang='lat' dir='ltr'><strong>sohdas</strong></span> <span class='ocrx_word' id='word_1_219' title='bbox 816 2656 926 2720; x_wconf 87' lang='lat' dir='ltr'><strong>habent</strong></span> <span class='ocrx_word' id='word_1_220' title='bbox 938 2657 1075 2738; x_wconf 88' lang='lat' dir='ltr'><strong>ungulas.</strong></span> <span class='ocrx_word' id='word_1_221' title='bbox 1103 2675 1156 2720; x_wconf 89' lang='lat' dir='ltr'><strong>cor·</strong></span> 
     </span>
    </p>
   </div>
   <div class='ocr_carea' id='block_1_4' title="bbox 149 2897 1154 3744">
    <p class='ocr_par' dir='ltr' id='par_1_8' title="bbox 149 2897 1154 3744">
     <span class='ocr_line' id='line_1_29' title="bbox 226 2897 1154 2970; baseline -0.001 -18"><span class='ocrx_word' id='word_1_222' title='bbox 226 2903 240 2952; x_wconf 93' lang='lat'>1</span> <span class='ocrx_word' id='word_1_223' title='bbox 261 2898 433 2953; x_wconf 83' lang='lat' dir='ltr'><strong>antestamur</strong></span> <span class='ocrx_word' id='word_1_224' title='bbox 445 2897 561 2970; x_wconf 76' lang='lat' dir='ltr'><strong>Lipsius</strong></span> <span class='ocrx_word' id='word_1_225' title='bbox 574 2900 651 2969; x_wconf 78' lang='lat' dir='ltr'><strong>epist.</strong></span> <span class='ocrx_word' id='word_1_226' title='bbox 665 2905 766 2969; x_wconf 73' lang='lat' dir='ltr'><strong>quaem.</strong></span> <span class='ocrx_word' id='word_1_227' title='bbox 781 2903 830 2954; x_wconf 87' lang='lat' dir='ltr'><strong>IV</strong></span> <span class='ocrx_word' id='word_1_228' title='bbox 834 2905 881 2957; x_wconf 80' lang='lat'><strong>26.</strong></span> <span class='ocrx_word' id='word_1_229' title='bbox 910 2899 964 2955; x_wconf 71' lang='lat' dir='ltr'><strong>ait</strong></span> <span class='ocrx_word' id='word_1_230' title='bbox 976 2904 1083 2956; x_wconf 69' lang='lat' dir='ltr'><strong>linio.</strong></span> <span class='ocrx_word' id='word_1_231' title='bbox 1105 2898 1154 2954; x_wconf 80' lang='lat' dir='ltr'><strong>adt·</strong></span> 
     </span>
     <span class='ocr_line' id='line_1_30' title="bbox 153 2969 1153 3028; baseline -0.001 -5"><span class='ocrx_word' id='word_1_232' title='bbox 153 2977 183 3026; x_wconf 85' lang='lat' dir='ltr'><strong>n.</strong></span> <span class='ocrx_word' id='word_1_233' title='bbox 217 2970 385 3024; x_wconf 78' lang='lat' dir='ltr'><strong>attestantur</strong></span> <span class='ocrx_word' id='word_1_234' title='bbox 402 2987 427 3024; x_wconf 76' lang='lat' dir='ltr'><strong>u.</strong></span> <span class='ocrx_word' id='word_1_235' title='bbox 531 2975 585 3026; x_wconf 76' lang='lat' dir='ltr'><strong>te</strong></span> <span class='ocrx_word' id='word_1_236' title='bbox 602 2969 719 3026; x_wconf 90' lang='lat' dir='ltr'><strong>minimo</strong></span> <span class='ocrx_word' id='word_1_237' title='bbox 737 2989 763 3028; x_wconf 86' lang='lat' dir='ltr'><strong>o.</strong></span> <span class='ocrx_word' id='word_1_238' title='bbox 796 2987 882 3027; x_wconf 81' lang='lat' dir='ltr'><strong>eom.</strong></span> <span class='ocrx_word' id='word_1_239' title='bbox 900 2977 935 3026; x_wconf 76' lang='grc' dir='ltr'><strong>Ι.</strong></span> <span class='ocrx_word' id='word_1_240' title='bbox 968 2989 1006 3027; x_wconf 80' lang='lat' dir='ltr'><strong>an</strong></span> <span class='ocrx_word' id='word_1_241' title='bbox 1023 2971 1075 3026; x_wconf 90' lang='lat' dir='ltr'><strong>mi·</strong></span> <span class='ocrx_word' id='word_1_242' title='bbox 1091 2974 1153 3024; x_wconf 73' lang='lat' dir='ltr'><strong>ital</strong></span> 
     </span>
     <span class='ocr_line' id='line_1_31' title="bbox 153 3039 1153 3168; baseline 0.003 -73"><span class='ocrx_word' id='word_1_243' title='bbox 153 3039 305 3168; x_wconf 48' lang='lat' dir='ltr'><strong>anitreubrpo</strong></span> <span class='ocrx_word' id='word_1_244' title='bbox 323 3043 428 3168; x_wconf 62' lang='grc' dir='ltr'><strong>Β.71οα</strong></span> <span class='ocrx_word' id='word_1_245' title='bbox 432 3040 502 3166; x_wconf 57' lang='lat' dir='ltr'><strong>ibim</strong></span> <span class='ocrx_word' id='word_1_246' title='bbox 517 3059 561 3098; x_wconf 79' lang='lat' dir='ltr'><strong>ro.</strong></span> <span class='ocrx_word' id='word_1_247' title='bbox 589 3043 626 3100; x_wconf 80' lang='lat' dir='ltr'><strong>ab</strong></span> <span class='ocrx_word' id='word_1_248' title='bbox 643 3060 703 3168; x_wconf 43' lang='lat' dir='ltr'><strong>13ss</strong></span> <span class='ocrx_word' id='word_1_249' title='bbox 697 3048 732 3100; x_wconf 84' lang='lat' dir='ltr'><strong>tt.</strong></span> <span class='ocrx_word' id='word_1_250' title='bbox 757 3043 828 3168; x_wconf 56' lang='lat' dir='ltr'><strong>inibi</strong></span> <span class='ocrx_word' id='word_1_251' title='bbox 844 3048 907 3099; x_wconf 74' lang='lat' dir='ltr'><strong>n.</strong></span> <span class='ocrx_word' id='word_1_252' title='bbox 926 3041 1027 3168; x_wconf 44' lang='lat' dir='ltr'><strong>&#39;eng‘</strong></span> <span class='ocrx_word' id='word_1_253' title='bbox 1046 3042 1153 3122; x_wconf 67' lang='lat' dir='ltr'><strong>meod,</strong></span> 
     </span>
     <span class='ocr_line' id='line_1_32' title="bbox 153 3129 1154 3172; baseline -0.001 -2"><span class='ocrx_word' id='word_1_254' title='bbox 153 3131 214 3172; x_wconf 64' lang='lat' dir='ltr'><strong>an.</strong></span> <span class='ocrx_word' id='word_1_255' title='bbox 254 3129 286 3167; x_wconf 87' lang='lat' dir='ltr'><strong>e.</strong></span> <span class='ocrx_word' id='word_1_256' title='bbox 411 3156 417 3168; x_wconf 90' lang='lat'>.</span> <span class='ocrx_word' id='word_1_257' title='bbox 462 3129 590 3168; x_wconf 82' lang='lat' dir='ltr'><strong>enumo.</strong></span> <span class='ocrx_word' id='word_1_258' title='bbox 618 3132 647 3168; x_wconf 90' lang='lat' dir='ltr'><strong>m</strong></span> <span class='ocrx_word' id='word_1_259' title='bbox 702 3133 751 3169; x_wconf 89' lang='lat' dir='ltr'><strong>um</strong></span> <span class='ocrx_word' id='word_1_260' title='bbox 790 3131 952 3171; x_wconf 80' lang='lat' dir='ltr'><strong>‚emeno</strong></span> <span class='ocrx_word' id='word_1_261' title='bbox 1022 3131 1154 3171; x_wconf 84' lang='lat' dir='ltr'><strong>.c.1mu</strong></span> 
     </span>
     <span class='ocr_line' id='line_1_33' title="bbox 152 3183 1150 3256; baseline -0.001 -17"><span class='ocrx_word' id='word_1_262' title='bbox 152 3189 198 3241; x_wconf 75' lang='lat' dir='ltr'><strong>ad.</strong></span> <span class='ocrx_word' id='word_1_263' title='bbox 219 3185 224 3254; x_wconf 87' lang='grc' dir='ltr'>Ι</span> <span class='ocrx_word' id='word_1_264' title='bbox 244 3183 353 3240; x_wconf 78' lang='lat' dir='ltr'><strong>Vina.</strong></span> <span class='ocrx_word' id='word_1_265' title='bbox 378 3187 383 3254; x_wconf 94' lang='grc' dir='ltr'>Ι</span> <span class='ocrx_word' id='word_1_266' title='bbox 408 3185 508 3240; x_wconf 74' lang='lat' dir='ltr'><strong>stantis</strong></span> <span class='ocrx_word' id='word_1_267' title='bbox 525 3191 557 3240; x_wconf 83' lang='lat' dir='ltr'><strong>B.</strong></span> <span class='ocrx_word' id='word_1_268' title='bbox 583 3187 623 3240; x_wconf 81' lang='lat' dir='ltr'><strong>-ie</strong></span> <span class='ocrx_word' id='word_1_269' title='bbox 642 3189 667 3242; x_wconf 83' lang='lat' dir='ltr'><strong>d.</strong></span> <span class='ocrx_word' id='word_1_270' title='bbox 692 3187 805 3242; x_wconf 62' lang='lat' dir='ltr'><strong>demo.</strong></span> <span class='ocrx_word' id='word_1_271' title='bbox 830 3188 835 3256; x_wconf 93' lang='grc' dir='ltr'>Ι</span> <span class='ocrx_word' id='word_1_272' title='bbox 860 3185 1041 3244; x_wconf 69' lang='lat' dir='ltr'><strong>extrahilv.</strong></span> <span class='ocrx_word' id='word_1_273' title='bbox 1064 3186 1150 3241; x_wconf 74' lang='lat' dir='ltr'><strong>int-1</strong></span> 
     </span>
     <span class='ocr_line' id='line_1_34' title="bbox 152 3255 1150 3328; baseline 0.002 -16"><span class='ocrx_word' id='word_1_274' title='bbox 152 3258 272 3312; x_wconf 73' lang='lat' dir='ltr'><strong>extrue.</strong></span> <span class='ocrx_word' id='word_1_275' title='bbox 345 3260 415 3312; x_wconf 86' lang='grc'><strong>9,10</strong></span> <span class='ocrx_word' id='word_1_276' title='bbox 433 3255 552 3312; x_wconf 82' lang='lat' dir='ltr'><strong>sinistris</strong></span> <span class='ocrx_word' id='word_1_277' title='bbox 568 3255 657 3312; x_wconf 72' lang='lat' dir='ltr'><strong>Ite&#39;o.</strong></span> <span class='ocrx_word' id='word_1_278' title='bbox 684 3274 743 3313; x_wconf 78' lang='lat' dir='ltr'><strong>-res</strong></span> <span class='ocrx_word' id='word_1_279' title='bbox 759 3263 815 3313; x_wconf 75' lang='lat' dir='ltr'><strong>lte.</strong></span> <span class='ocrx_word' id='word_1_280' title='bbox 892 3263 1088 3328; x_wconf 80' lang='lat' dir='ltr'><strong>11pes1ro.</strong></span> <span class='ocrx_word' id='word_1_281' title='bbox 1112 3273 1150 3327; x_wconf 74' lang='lat' dir='ltr'><strong>pc</strong></span> 
     </span>
     <span class='ocr_line' id='line_1_35' title="bbox 152 3326 1149 3402; baseline 0.003 -22"><span class='ocrx_word' id='word_1_282' title='bbox 152 3326 218 3380; x_wconf 88' lang='lat' dir='ltr'><strong>dnm</strong></span> <span class='ocrx_word' id='word_1_283' title='bbox 235 3331 267 3380; x_wconf 79' lang='lat' dir='ltr'><strong>tt.</strong></span> <span class='ocrx_word' id='word_1_284' title='bbox 341 3331 375 3380; x_wconf 85' lang='lat'><strong>14</strong></span> <span class='ocrx_word' id='word_1_285' title='bbox 393 3342 526 3383; x_wconf 79' lang='lat' dir='ltr'><strong>carnosae</strong></span> <span class='ocrx_word' id='word_1_286' title='bbox 544 3333 596 3384; x_wconf 74' lang='lat' dir='ltr'><strong>lto.</strong></span> <span class='ocrx_word' id='word_1_287' title='bbox 618 3329 623 3398; x_wconf 82' lang='grc' dir='ltr'>Ι</span> <span class='ocrx_word' id='word_1_288' title='bbox 642 3327 782 3398; x_wconf 82' lang='lat' dir='ltr'><strong>quaedam</strong></span> <span class='ocrx_word' id='word_1_289' title='bbox 799 3331 985 3386; x_wconf 63' lang='lat' dir='ltr'><strong>flammante</strong></span> <span class='ocrx_word' id='word_1_290' title='bbox 994 3329 1052 3385; x_wconf 67' lang='grc' dir='ltr'><strong>θεῖ.</strong></span> <span class='ocrx_word' id='word_1_291' title='bbox 1077 3327 1149 3402; x_wconf 84' lang='lat' dir='ltr'><strong>qued·</strong></span> 
     </span>
     <span class='ocr_line' id='line_1_36' title="bbox 151 3395 1149 3472; baseline 0.005 -23"><span class='ocrx_word' id='word_1_292' title='bbox 151 3401 176 3450; x_wconf 79' lang='lat' dir='ltr'><strong>d.</strong></span> <span class='ocrx_word' id='word_1_293' title='bbox 257 3401 292 3451; x_wconf 79' lang='lat'><strong>20</strong></span> <span class='ocrx_word' id='word_1_294' title='bbox 310 3397 433 3467; x_wconf 79' lang='lat' dir='ltr'><strong>ungulae</strong></span> <span class='ocrx_word' id='word_1_295' title='bbox 450 3395 523 3452; x_wconf 75' lang='lat' dir='ltr'><strong>icius</strong></span> <span class='ocrx_word' id='word_1_296' title='bbox 542 3399 642 3456; x_wconf 75' lang='lat' dir='ltr'><strong>Ianam.</strong></span> <span class='ocrx_word' id='word_1_297' title='bbox 669 3418 739 3472; x_wconf 89' lang='lat' dir='ltr'><strong>ung-</strong></span> <span class='ocrx_word' id='word_1_298' title='bbox 757 3399 833 3458; x_wconf 77' lang='lat' dir='ltr'><strong>incus</strong></span> <span class='ocrx_word' id='word_1_299' title='bbox 851 3407 885 3458; x_wconf 74' lang='lat' dir='ltr'><strong>lt</strong></span> <span class='ocrx_word' id='word_1_300' title='bbox 914 3399 1051 3458; x_wconf 76' lang='lat' dir='ltr'><strong>enmoule</strong></span> <span class='ocrx_word' id='word_1_301' title='bbox 1067 3401 1149 3456; x_wconf 84' lang='lat' dir='ltr'><strong>hictus</strong></span> 
     </span>
     <span class='ocr_line' id='line_1_37' title="bbox 149 3465 1149 3575; baseline 0.006 -52"><span class='ocrx_word' id='word_1_302' title='bbox 149 3471 182 3519; x_wconf 80' lang='lat' dir='ltr'><strong>B.</strong></span> <span class='ocrx_word' id='word_1_303' title='bbox 211 3467 251 3536; x_wconf 83' lang='lat' dir='ltr'><strong>(in</strong></span> <span class='ocrx_word' id='word_1_304' title='bbox 268 3467 300 3536; x_wconf 83' lang='lat' dir='ltr'><strong>n)</strong></span> <span class='ocrx_word' id='word_1_305' title='bbox 319 3465 426 3537; x_wconf 80' lang='lat' dir='ltr'><strong>ungula</strong></span> <span class='ocrx_word' id='word_1_306' title='bbox 443 3467 503 3524; x_wconf 88' lang='lat' dir='ltr'><strong>eius</strong></span> <span class='ocrx_word' id='word_1_307' title='bbox 521 3487 544 3524; x_wconf 89' lang='lat' dir='ltr'><strong>r.</strong></span> <span class='ocrx_word' id='word_1_308' title='bbox 576 3469 684 3554; x_wconf 81' lang='lat' dir='ltr'><strong>ungula</strong></span> <span class='ocrx_word' id='word_1_309' title='bbox 700 3489 736 3575; x_wconf 70' lang='lat' dir='ltr'><strong>o.²</strong></span> <span class='ocrx_word' id='word_1_310' title='bbox 820 3477 854 3528; x_wconf 73' lang='lat'><strong>23</strong></span> <span class='ocrx_word' id='word_1_311' title='bbox 876 3471 1000 3528; x_wconf 83' lang='lat' dir='ltr'><strong>bisulcus</strong></span> <span class='ocrx_word' id='word_1_312' title='bbox 1017 3469 1082 3528; x_wconf 62' lang='lat' dir='ltr'><strong>nm</strong></span> <span class='ocrx_word' id='word_1_313' title='bbox 1107 3469 1149 3538; x_wconf 73' lang='lat' dir='ltr'><strong>cfr·</strong></span> 
     </span>
     <span class='ocr_line' id='line_1_38' title="bbox 231 3537 1148 3677; baseline 0.01 -15.188"><span class='ocrx_word' id='word_1_314' title='bbox 150 3537 722 3677; x_wconf 44' lang='lat' dir='ltr'><strong>&#39;arez&#39;</strong></span> <span class='ocrx_word' id='word_1_315' title='bbox 735 3545 1148 3673; x_wconf 56' lang='lat' dir='ltr'><strong>‘retr</strong></span> 
     </span>
     <span class='ocr_line' id='line_1_39' title="bbox 151 3671 783 3744; baseline 0.022 -16"><span class='ocrx_word' id='word_1_316' title='bbox 151 3671 188 3724; x_wconf 65' lang='grc' dir='ltr'><strong>ι’.</strong></span> <span class='ocrx_word' id='word_1_317' title='bbox 216 3691 259 3729; x_wconf 83' lang='lat' dir='ltr'><strong>-so</strong></span> <span class='ocrx_word' id='word_1_318' title='bbox 277 3691 301 3730; x_wconf 85' lang='lat' dir='ltr'><strong>v.</strong></span> <span class='ocrx_word' id='word_1_319' title='bbox 326 3677 332 3744; x_wconf 92' lang='grc' dir='ltr'>Ι</span> <span class='ocrx_word' id='word_1_320' title='bbox 355 3679 413 3732; x_wconf 86' lang='lat' dir='ltr'><strong>ursi</strong></span> <span class='ocrx_word' id='word_1_321' title='bbox 430 3685 525 3736; x_wconf 70' lang='lat' dir='ltr'><strong>nato.</strong></span> <span class='ocrx_word' id='word_1_322' title='bbox 553 3681 589 3736; x_wconf 88' lang='lat' dir='ltr'><strong>-is</strong></span> <span class='ocrx_word' id='word_1_323' title='bbox 606 3687 638 3738; x_wconf 70' lang='lat' dir='ltr'><strong>BL</strong></span> <span class='ocrx_word' id='word_1_324' title='bbox 666 3683 730 3743; x_wconf 80' lang='lat' dir='ltr'><strong>nesi</strong></span> <span class='ocrx_word' id='word_1_325' title='bbox 747 3689 783 3742; x_wconf 81' lang='lat' dir='ltr'><strong>lt.</strong></span> 
     </span>
    </p>
   </div>
   <div class='ocr_carea' id='block_1_5' title="bbox 0 0 1202 3940">
    <p class='ocr_par' dir='ltr' id='par_1_9' title="bbox 0 0 1202 3940">
     <span class='ocr_line' id='line_1_40' title="bbox 0 0 1202 3940; baseline 0 1"><span class='ocrx_word' id='word_1_326' title='bbox 0 0 1202 3940; x_wconf 95' lang='lat' dir='ltr'><strong> </strong></span> 
     </span>
    </p>
   </div>
  </div>
 </body>
</html>
