2396 3940
158 147 225 213 250
501 151 530 208 C.
549 149 649 204 PLINI
669 148 827 206 SECUNDI

101 305 280 384 coasalna,
298 304 401 363 invitat
420 301 456 362 ad
474 299 595 362 rabiem.
632 300 669 360 de
688 319 891 381 purpurarum
908 301 1018 380 linguis
1037 299 1158 361 diximus.

157 397 238 458 ranis
257 394 352 474 prima
370 391 518 471 cohaeret,
536 391 639 450 intima
658 389 790 452 absoluta
810 410 827 450 a
845 399 974 471 gutture,
994 407 1055 468 qua
1074 405 1160 446 uocem

105 497 157 547 173
167 487 289 560 mittunt
312 499 423 562 mares,
450 498 519 540 cum
541 487 685 540 vocantur
713 480 891 560 ololygones.
937 487 1015 540 stato
1042 477 1077 538 id
1102 485 1160 536 tem

157 593 230 658 pore
255 573 366 652 evenit,
390 568 537 630 cientibus
561 567 598 628 ad
620 571 730 630 coitum
755 571 888 630 feminas.
933 577 998 630 tum
1027 565 1162 646 siquidem

157 665 301 726 inferiore
319 659 403 720 labro
427 657 555 720 demisso
579 657 615 718 ad
638 657 847 722 libramentum
870 677 962 738 aquae
987 658 1106 720 modice
1127 671 1181 713 re*

159 762 262 834 ceptae
289 753 321 812 in
351 751 452 810 lauces
484 747 644 827 palpitante
676 747 718 810 ibi
749 749 849 828 lingua
881 746 1012 808 ululatus
1045 745 1162 808 eliditur.

157 853 230 905 tunc
255 849 284 902 et
307 839 420 900 extenti
443 836 605 898 buccarum
635 839 719 900 sinus
745 838 914 919 perlucent,
942 836 1023 898 oculi
1051 835 1163 914 flagrant

158 931 260 994 labore
278 927 421 1013 perpulsi.
463 925 572 1006 quibus
594 928 626 989 in
649 930 815 1006 posteriore
838 934 923 1007 parte
946 926 1053 1007 aculei,
1077 925 1122 985 his
1141 933 1163 982 et

159 1022 264 1082 dentes
288 1025 318 1078 et
340 1015 454 1098 lingua,
477 1014 582 1094 apibus
605 1019 694 1078 etiam
716 1016 889 1098 praelonga,
916 1018 1054 1076 eminens
1080 1023 1109 1075 et
1133 1015 1163 1073 ci-

159 1109 250 1171 cadis,
296 1105 405 1186 quibus
433 1104 554 1166 aculeus
581 1107 613 1166 in
642 1125 693 1182 ore
721 1106 888 1185 fistulosus,
915 1105 962 1166 his
990 1124 1048 1166 nec
1077 1105 1182 1182 linguat

159 1218 214 1261 nec
238 1198 352 1258 dentes.
389 1193 567 1276 quibusdam
590 1197 712 1256 insectis
734 1198 815 1258 intus
838 1195 951 1275 lingua,
974 1203 1010 1256 ut
1032 1194 1164 1255 formicis.

105 1299 157 1349 174
167 1297 302 1350 ceterum
320 1285 377 1345 late
400 1283 557 1364 elephanto
579 1287 747 1366 praecipue.
784 1285 907 1366 reliquis
930 1287 961 1344 in
984 1303 1042 1348 suo
1067 1300 1164 1364 genere

160 1395 277 1458 semper
296 1373 438 1456 absoluta,
461 1373 574 1434 homini
592 1381 708 1436 tantum
730 1375 771 1436 ita
794 1393 881 1455 saepe
905 1375 1071 1436 constricta
1095 1373 1164 1432 renis

158 1477 192 1529 ut
221 1463 361 1530 intercidi
390 1482 440 1524 eas
470 1481 594 1524 neeesse
626 1464 673 1524 sit.
717 1463 868 1526 Metellum
898 1464 1074 1543 pontificem
1104 1462 1164 1522 adeo

158 1555 361 1636 inexplanatae
385 1554 477 1614 luisse
502 1555 677 1635 accipimus,
704 1561 738 1614 ut
765 1553 866 1614 multis
893 1551 1050 1614 mensibus
1078 1560 1182 1614 tortnsu

159 1645 311 1728 credatur,
339 1642 410 1704 dum
436 1641 596 1704 meditatur
619 1645 651 1704 in
679 1641 839 1704 dedicanda
866 1641 937 1706 aede
962 1641 1022 1721 Opi
1044 1642 1166 1722 opiferae

159 1737 267 1796 dicere.
314 1734 423 1794 ceteris
447 1735 572 1812 septimo
600 1732 694 1792 lerme
723 1751 799 1794 anno
828 1749 999 1792 sermonem
1027 1733 1166 1811 exprimit.

161 1824 262 1886 multis
281 1841 351 1882 vero
371 1821 437 1882 talis
456 1840 504 1882 ars
523 1824 587 1884 clus
607 1824 761 1906 contingit,
783 1831 817 1884 ut
836 1823 933 1884 avium
954 1828 984 1882 et
1003 1821 1166 1882 animalium

159 1907 239 1975 vocis
262 1912 423 1974 indiscreta
450 1911 555 1972 edatur
582 1913 716 1972 imitatio.
761 1910 930 1974 intellectus
958 1929 1100 1991 saporum
1126 1929 1165 1970 ce·

160 2006 233 2064 teris
257 2005 287 2062 in
311 2003 407 2081 prima
430 1999 544 2082 lingua,
566 1999 680 2062 homini
703 2009 733 2062 et
756 2003 787 2062 in
809 2001 914 2081 palato.

106 2101 159 2152 175
227 2084 301 2173 (66)
339 2089 485 2150 Tonsillae
513 2092 545 2150 in
573 2089 707 2170 homine,
737 2091 769 2150 in
799 2109 851 2152 sue
882 2089 1048 2171 glandulae.
1095 2089 1166 2170 quod

159 2183 305 2240 intereas
323 2197 397 2240 uvae
416 2181 534 2242 nomine
558 2177 662 2248 ultimo
685 2179 833 2259 dependet
854 2179 950 2262 palato
972 2179 1090 2243 homini
1111 2189 1166 2240 tan·

159 2279 222 2330 tum
255 2276 308 2328 est.
355 2267 410 2328 sub
443 2287 477 2330 ea
508 2271 606 2330 mittor
637 2269 738 2348 lingna
769 2268 843 2332 nulli
873 2287 926 2330 ova
958 2272 1168 2348 generantium.

160 2376 250 2438 opera
278 2359 342 2418 eius
370 2360 487 2436 gemina
514 2357 628 2435 duabus
658 2359 851 2438 interpositae
881 2358 998 2420 fistudis.
1048 2361 1167 2420 interior

160 2465 263 2509 earum
291 2445 456 2526 appellatur
487 2450 594 2510 arteria
629 2447 664 2508 ad
698 2447 870 2528 pulmonem
898 2456 988 2528 atque
1023 2467 1077 2510 cor
1105 2468 1167 2530 per·

108 2548 162 2598 116
172 2539 278 2599 tineus,
319 2535 395 2598 hanc
419 2539 516 2617 operit
538 2539 569 2598 in
593 2537 739 2616 epulando
764 2539 869 2617 spiritu
893 2546 923 2598 et
946 2557 1018 2599 voce
1042 2537 1092 2600 illa
1113 2557 1166 2598 me-

230 2734 246 2783 5
265 2727 375 2783 modice
393 2733 429 2780 u.
455 2743 516 2781 -cae
534 2745 578 2782 re.
656 2735 671 2782 6
691 2727 805 2782 eliditur
822 2733 857 2784 Ι
886 2727 1001 2782 edilitur
1018 2727 1064 2783 ι’.
1091 2727 1167 2783 elitur

158 2818 181 2856 r.
210 2799 322 2854 elicitur
339 2816 363 2854 o.
437 2800 538 2853 ltunc
556 2799 585 2852 et
602 2803 637 2852 11.
664 2801 732 2853 tunc
751 2799 788 2853 ad
806 2799 850 2852 13².
878 2801 945 2852 tunc
962 2799 1028 2852 B¹v.
1056 2800 1156 2872 sssuon

158 2889 194 2926 no
214 2874 259 2924 ed.
281 2873 285 2939 l
309 2870 414 2925 extenti
431 2869 548 2924 Mlt’de.
575 2869 668 2925 exenti
685 2869 790 2926 ΝΜ.
817 2872 877 2924 -nte
896 2871 938 2926 11¹.
1014 2870 1166 2941 Bperpulsi

158 2947 207 2996 1⁸
225 2943 284 2997 edd.
300 2947 363 2996 astte
377 2943 469 2996 Hand.
503 2941 626 3012 pelpulsi
643 2948 673 2998 D.
708 2943 814 3012 repulsi
832 2947 856 2998 d.
890 2941 967 3014 puisi
984 2948 1016 2998 B.
1051 2941 1164 3012 pmculsi

158 3019 208 3069 cet.
223 3014 290 3068 Dal.
322 3014 449 3083 propulsi
467 3013 558 3068 Hard.
591 3014 642 3080 cfr.
660 3029 722 3067 nov.
741 3015 792 3068 lue.
807 3031 838 3082 p.
849 3019 895 3069 52.
925 3016 929 3080 l
959 3016 989 3068 et
1006 3015 1052 3068 his
1076 3017 1104 3068 et
1118 3020 1158 3065 nx

158 3088 189 3140 et
207 3091 230 3142 d.
305 3091 338 3138 10
358 3085 463 3139 aculeis
481 3089 554 3140 Ded.
629 3091 661 3138 12
683 3085 1012 3140 escendentem
1030 3085 1162 3156 lomele-

158 3158 266 3228 phanto
293 3157 454 3226 perexigua.
486 3157 662 3225 probabilius
689 3161 728 3210 eet
755 3159 878 3212 ceterum
904 3157 995 3210 latet
1021 3157 1159 3230 elephanto

158 3229 321 3298 perexigua:
341 3230 391 3296 cfr.
406 3229 494 3282 Arist.
508 3229 534 3282 b.
549 3245 574 3282 o.
589 3229 657 3296 Π,6
675 3231 803 3292 γλῶτταν
818 3231 848 3282 δὲ
866 3230 921 3294 ἔχει
940 3229 1040 3296 μικράν
1059 3245 1095 3300 τε,
1107 3229 1160 3294 <pt

159 3302 212 3366 δρα
231 3301 275 3357 καὶ
294 3301 380 3368 ἐντός,
400 3303 470 3354 rbere
489 3301 589 3366 ἔργον
608 3301 695 3354 εἶναι
715 3299 808 3354 ἰδεῖν.
837 3301 886 3367 cfr.
901 3301 934 3354 de
944 3305 1022 3369 part.
1036 3317 1084 3355 an.
1098 3301 1157 3351 1117

157 3371 206 3434 uto.
299 3375 331 3424 15
354 3372 444 3426 tortus
462 3375 518 3422 Me.
551 3371 647 3424 tomus
666 3388 689 3427 r.
782 3377 814 3426 16
838 3369 892 3440 Opi
910 3371 1057 3426 Iordanes
1074 3371 1151 3440 epten

158 3441 735 3581 olfaceretrecensuisse
749 3441 1058 3568 *auulsum
1072 3439 1158 3567 tet

161 3574 165 3641 1
186 3578 245 3630 eius
265 3595 314 3632 om.
334 3581 378 3634 3¹.
454 3587 485 3635 19
504 3581 704 3638 indiscreta'bi.
731 3587 770 3638 -te
789 3602 814 3640 o.
839 3585 995 3640 discretaea
1013 3591 1044 3640 n.
1070 3587 1154 3638 aaa·

160 3645 200 3695 -to
218 3651 270 3700 lid.
345 3656 379 3703 24
398 3650 581 3721 interpositae
600 3653 748 3711 lineare.
777 3657 819 3710 -ta
836 3657 991 3712 reddaett.
