2302 3938
233 225 316 274 nnn.
332 227 420 283 niso.
437 229 468 275 v.
489 220 609 273 ar-aa,
626 219 774 290 (ao-29.)
951 212 1028 280 205-

17 381 89 442 lXX
103 381 232 462 quondam
254 381 363 461 oppida
383 381 498 460 habuit,
519 402 594 443 nunc
614 381 741 444 XXXVI
764 383 863 444 habet.
902 403 941 444 ex
967 384 1011 446 his

17 468 189 528 celeberrima
203 474 326 545 praeter
342 485 428 546 supra
450 467 525 528 dicta
543 463 652 548 Canas,
676 465 831 546 Candyba,
850 468 898 528 ubi
916 469 1012 530 lauda-

17 563 55 610 tor
78 550 177 610 Eunias
206 569 326 628 nemus,
356 550 490 630 Podalia,
527 548 637 614 Choma
668 551 851 632 praefluente
880 553 1010 630 Aedesa,

15 635 146 712 Cyaneae,
160 634 416 711 Ascaudiandalis,
432 635 563 714 Amelas,
577 636 774 716 Noscopium,
791 637 885 715 Tros,
905 637 1011 700 Telen-

1 723 66 780 dos.
109 719 315 799 conprehendit
340 719 560 782 mediterraneis
590 729 621 782 et
648 717 810 799 Cabaliam,
837 723 918 783 cuius
947 731 1008 784 tres

16 805 89 864 nrbes
101 803 253 881 Oenianda,
269 803 406 884 Balbura,
417 804 528 866 Bubon.
556 805 585 866 A
597 805 734 868 Telmeso
747 806 908 868 Asiaticum
919 825 998 868 mare
1011 811 1062 864 102

16 891 64 948 siue
83 887 261 968 Carpathium
277 898 308 950 et
330 907 405 969 quae
422 891 543 970 proprie
557 901 678 952 vocatur
694 891 775 954 Asia.
808 890 841 952 In
858 891 928 952 duas
947 911 1011 952 eam

16 983 97 1048 partes
114 973 246 1053 Agrippa
261 974 370 1034 divisit.
402 993 485 1034 unam
505 973 622 1036 inclusit
637 977 673 1038 ab
695 977 811 1037 oriente
830 974 957 1054 Phrygia
980 986 1010 1038 et

15 1056 150 1135 Lycaonia,
166 1057 203 1118 ab
220 1058 376 1120 occidente
391 1058 516 1138 Aegaeo
532 1061 624 1138 mari,
643 1060 797 1122 ameridie
812 1060 977 1139 Aegyptio,
994 1080 1010 1122 a

1 1145 199 1219 septentrione
214 1141 425 1222 Paphlagonia.
461 1143 544 1204 huius
559 1143 770 1223 longitudinem
786 1142 1010 1207 CCCCLXXbl

15 1245 143 1305 passuum,
170 1227 350 1289 latitudinem
373 1225 504 1292 CCCXX
523 1227 553 1289 lli
572 1229 653 1290 iecit.
693 1230 814 1292 alteram
835 1229 1009 1292 determina·

14 1317 42 1369 nt
57 1313 89 1371 ab
113 1314 228 1372 oriente
249 1311 388 1372 Armenia
410 1314 539 1390 minore,
561 1314 598 1374 ab
620 1313 773 1376 occidente
795 1313 937 1393 Phrygia,
954 1313 1009 1392 hy·

14 1399 111 1474 laonia,
129 1396 315 1475 Pamphylia,
338 1414 354 1458 a
369 1399 572 1475 septentrione
589 1401 739 1476 provincia
755 1397 890 1478 Pontica,
911 1419 927 1459 a
949 1419 1008 1460 me·

14 1481 67 1540 ridie
90 1483 161 1542 mari
188 1480 373 1561 Pamphylio,
399 1480 516 1560 longam
539 1481 673 1544 DLXXV
693 1482 723 1544 bl
743 1501 895 1563 passuum,
924 1484 1010 1546 latam

60 1647 138 1730 (29.)
160 1649 195 1710 ln
215 1652 346 1730 proxima
370 1667 421 1712 ora
440 1649 524 1713 Caria
546 1661 608 1731 est,
629 1671 698 1714 mox
717 1652 814 1731 lonia,
836 1653 911 1714 ultra
933 1656 1061 1714 eam103

13 1735 105 1796 leolis.
144 1731 231 1795 Caria
248 1735 361 1796 mediae
375 1735 475 1796 Doridi
500 1738 751 1811 circumfunditur,
774 1737 809 1798 ad
827 1756 906 1798 mare
930 1746 1008 1797 utro-

13 1837 52 1894 ‹pe
69 1820 163 1882 lutere
186 1819 326 1881 ambiens.
371 1821 401 1880 in
426 1839 461 1881 ea
482 1825 710 1900 promunturium
725 1821 889 1898 Pedalium,
916 1823 1007 1882 amnia

14 1901 112 1965 Glaucus
129 1904 272 1966 deferens
296 1903 492 1984 Telmedium,
517 1907 623 1986 oppida
644 1906 787 1983 Daedala,
811 1904 887 1984 Crya
910 1906 1008 1984 lugiti-

15 2005 106 2068 rorum,
129 1989 239 2050 llnmen
261 1989 365 2067 Axon,
388 1990 525 2070 oppidum
546 1988 682 2068 Calynda.
727 1988 777 2053 28.
801 1990 901 2050 Amnis
921 1989 1007 2050 ludos

14 2073 32 2130 iu
45 2072 241 2152 Cibyratarum
259 2075 336 2152 iugis
359 2083 441 2136 ortus
456 2077 562 2155 recipit
575 2074 627 2134 LX
641 2093 788 2154 perennes
805 2074 926 2152 lluvios,
949 2084 1009 2136 tor·

13 2167 88 2218 rentes
104 2176 182 2220 vero
198 2158 319 2237 amplius
337 2156 369 2219 C.
402 2160 539 2240 oppidum
555 2156 671 2220 Caunos
688 2159 822 2238 liberum,
839 2159 908 2220 dein
926 2159 1060 2237 Pyr-10⁴

14 2261 57 2304 uos.
84 2253 192 2323 portus
208 2241 333 2321 Cressa,
354 2260 444 2322 aquo
460 2243 580 2304 Rhodus
599 2244 693 2305 insula
709 2243 765 2304 XX
780 2243 817 2305 bl.
850 2245 933 2304 loeus
951 2243 1006 2304 ho-

13 2345 85 2405 tyna,
103 2327 215 2408 oppida
234 2325 391 2406 Tisanusa,
407 2325 548 2403 Paridon,
564 2327 721 2407 Larymna,
740 2330 820 2390 sinus
841 2328 1007 2407 Thymnias,

13 2415 222 2488 promunturium
237 2410 449 2491 Aphrodisias,
466 2413 603 2492 oppidum
617 2412 729 2492 Hydas,
746 2415 826 2474 sinus
843 2413 1007 2491 Schoenus,

12 2503 75 2572 regio
90 2497 254 2558 Bubassus.
295 2497 432 2576 oppidum
449 2497 504 2558 fuit
520 2497 685 2576 Acanthus,
707 2499 764 2560 alio
786 2501 901 2559 nomine
918 2498 1007 2558 Dulo-

13 2581 75 2656 polis.
111 2591 161 2642 est
178 2583 208 2640 in
223 2583 425 2661 promunturio
441 2578 550 2642 Cnidos
572 2582 681 2658 libera,
704 2581 840 2661 Triopia,
864 2582 931 2642 dein
954 2582 1007 2642 Pe·

13 2683 64 2738 gusa
85 2676 113 2728 et
138 2665 242 2726 Stadia
262 2665 419 2746 appellata.
455 2664 502 2726 Ab
527 2684 562 2726 ea
582 2665 670 2726 Doris
690 2668 802 2746 incipit.
841 2665 893 2726 sed
916 2668 1058 2744 prius105

14 2755 73 2826 terga
85 2761 113 2811 et
125 2749 362 2812 mediterraneas
374 2750 591 2811 iurisdictiones
604 2750 921 2812 indicassecooveniat.
945 2748 1008 2811 Una

15 2835 154 2911 appellatur
172 2833 350 2912 Cibyratica.
385 2835 479 2914 ipsum
496 2835 631 2914 oppidum
648 2834 792 2914 Phrygiae
808 2844 862 2896 est.
901 2853 1007 2896 conve-

16 2919 71 2977 niunt
90 2939 127 2980 eo
142 2917 232 2980 XXV
248 2920 383 2980 ciuitates
399 2919 593 2980 celeberrima
609 2919 682 2980 urbe
703 2919 855 2982 Laodicea.
895 2917 946 2983 29.
964 2919 1008 2982 lo·

17 3004 85 3076 posita
100 3013 147 3066 est
162 3003 245 3081 Lyco
267 3003 393 3082 flumini,
414 3003 507 3068 latera
527 3005 712 3066 adluentibus
730 3005 834 3084 Asopo
852 3013 882 3067 et
899 3002 1008 3084 Capro,

16 3089 134 3163 appellata
150 3091 247 3168 primo
268 3087 437 3167 Diospolis,
467 3089 534 3149 dein
551 3088 659 3150 Rhoas.
702 3089 808 3169 reliqui
830 3092 859 3150 in
883 3107 920 3151 eo
940 3109 1008 3151 con·

16 3183 80 3233 ventu
103 3193 181 3253 quos
206 3174 357 3233 nominare
385 3191 442 3234 non
465 3175 565 3254 pigeat
586 3173 775 3252 Hydrelitae,
801 3173 1007 3253 Themisones,
1045 3179 1049 3186 “

16 3252 200 3338 hierapolitae.
247 3257 335 3318 Alter
363 3267 523 3318 conventus
552 3277 568 3318 a
593 3259 727 3336 Synnade
749 3263 863 3340 accepit
892 3278 1006 3320 nomen.

17 3345 167 3404 conueniunt
183 3341 354 3420 Lycaones,
379 3343 521 3422 Appiani,
541 3341 686 3422 Corpeni,
709 3343 867 3422 Doryluei,
889 3343 1007 3420 blidaei,

19 3419 147 3506 hiienses,
162 3437 193 3489 et
209 3427 317 3507 reliqui
337 3427 484 3505 ignobiles
501 3428 602 3507 populi
619 3427 685 3488 XV.
710 3427 826 3490 Tertius
839 3429 997 3508 Apameam
1013 3438 1060 3490 tot

19 3508 73 3568 uadit
93 3522 159 3573 ante
180 3513 359 3593 appellatam
375 3509 535 3591 Celaenas,
565 3511 633 3574 dein
655 3511 793 3575 Ciboton.
834 3515 889 3574 sita
911 3522 958 3574 est
980 3516 1009 3575 in
