2364 3930
137 119 200 183 138
493 119 522 176 0.
541 119 641 174 PLINI
661 117 817 174 SECUNDI

135 271 221 352 natis,
244 271 275 330 in
288 268 393 331 orbem
407 271 605 351 circumactis,
628 268 750 330 dimidio
765 268 837 330 orbe
854 270 957 350 caesis,
978 271 1008 330 in
1021 269 1125 330 dorsum
1172 281 1173 340 t

136 359 228 441 elatis,
251 357 374 439 levibuS,
397 361 523 440 rugatis,
546 357 748 438 denticulatis
773 359 899 439 strictis,
921 360 1028 419 vertice
1048 361 1126 419 muri·
1172 359 1173 366 ’

136 451 225 510 catim
247 450 372 530 intorto,
395 450 527 528 margine
550 449 581 508 in
605 466 780 510 mucronem
803 449 926 530 emisso,
948 449 1019 508 loris
1040 448 1128 526 elimo,
1172 467 1173 470 ¹

83 552 134 604 103
143 540 225 600 intus
248 537 399 619 replicato,
422 539 481 598 iam
503 537 694 598 distinctione
717 537 875 619 virgulata,
899 539 1017 619 crinita,
1039 539 1131 616 crispa,

135 625 364 708 canadculatim,
382 629 555 706 pectinatim
571 626 673 708 divisa,
695 625 874 698 imbricatim
882 623 1011 708 lundata,
1032 625 1155 687 cancel-⁵

135 716 217 777 latim
240 715 404 797 reticulata,
427 718 458 777 in
482 714 645 797 obliquum,
668 717 835 777 innectum
855 734 996 798 expansa,
1018 715 1134 794 densata,

134 813 286 886 porrecta,
316 807 444 886 sinuata,
472 804 555 866 brevi
577 803 655 865 nodo
679 804 789 888 ligatis,
817 812 880 866 toto
903 805 996 866 latere
1020 807 1135 882 coneris,

135 894 171 954 ad
193 893 331 973 plausum
354 896 474 976 apertis,
497 894 533 954 ad
551 893 695 955 bucinum
713 897 856 956 recurvis.
893 897 1032 974 navigant
1052 893 1135 954 exiis

134 981 277 1042 Veneriae
300 982 537 1063 praebentesque
561 1001 719 1044 concavam
738 985 786 1044 sui
803 991 919 1063 partem
941 992 970 1044 et
989 1002 1077 1045 aurae
1095 1002 1136 1062 op-

133 1079 280 1152 ponentes
299 1090 353 1152 por
373 1090 488 1133 summa
506 1090 670 1153 aequorum
688 1073 843 1134 velificant.
880 1071 990 1134 saliunt
1012 1075 1136 1153 pectines
1150 1091 1171 1128 a

136 1168 166 1220 et
188 1169 272 1222 entra
294 1161 418 1222 volitant
441 1180 531 1241 seque
556 1169 586 1222 et
609 1164 667 1242 ipsi
690 1164 832 1223 carinant.

83 1257 135 1306 104
176 1243 262 1343 ⁸34.
286 1243 361 1333 (53)
386 1249 445 1312 Sed
468 1251 540 1330 quid
562 1250 635 1312 haec
658 1259 718 1313 tam
739 1271 830 1334 parva
847 1269 1058 1333 commemoro,
1081 1270 1140 1312 cum

134 1339 286 1419 populatio
309 1358 427 1401 morum
450 1347 538 1420 atque
564 1340 679 1402 luxuria
708 1359 769 1402 non
792 1341 910 1402 aliunde
938 1343 1034 1402 maior
1062 1359 1141 1421 quam

135 1449 151 1488 e
176 1429 356 1490 concharum
379 1448 488 1509 genere
511 1427 687 1509 proveniat?
730 1433 788 1492 iam
813 1430 934 1512 quidem
957 1449 995 1490 ex
1018 1437 1081 1492 tota
1101 1449 1140 1490 re·
1173 1423 1174 1518 j

134 1536 203 1578 rum
225 1526 331 1579 natura
354 1518 614 1580 damnosissimum
632 1522 729 1580 ventri
747 1538 828 1581 mare
849 1527 895 1581 est
912 1527 957 1580 tot
976 1519 1083 1602 modis,
1104 1529 1142 1578 tot
1155 1521 1174 1578 rt

134 1610 255 1689 mensis,
278 1615 323 1669 tot
345 1610 474 1688 piscium
497 1607 662 1690 saporibus,
686 1611 753 1688 quis
775 1611 871 1689 pretia
894 1610 1077 1688 capientium
1098 1627 1141 1688 pe·

83 1703 133 1754 105
144 1697 239 1758 riculo
258 1698 341 1758 liunt.
388 1691 446 1760 35.
471 1698 524 1758 sed
543 1705 633 1778 quota
655 1698 728 1758 haec
751 1701 849 1778 portio
871 1706 917 1760 est
939 1696 1144 1778 reputantibus

126 1805 292 1868 purpuras,
316 1786 477 1868 conchylia,
500 1784 696 1867 margaritas?
732 1806 838 1867 parum
861 1787 975 1849 scilicet
999 1788 1096 1848 fuerat
1117 1790 1144 1847 iu

134 1875 217 1954 gulas
241 1875 328 1936 condi
351 1878 456 1958 maria,
483 1878 542 1936 nisi
564 1875 713 1958 manibuS,
742 1875 876 1960 auribus,
907 1878 1003 1957 capite
1016 1885 1143 1956 totoque

134 1983 260 2044 corpore
289 1983 305 2025 a
328 1965 446 2026 fentinis
473 1967 555 2026 iuxta
577 1967 707 2046 virisque
736 1973 933 2046 gestarentur.
980 1965 1054 2046 quid
1077 1969 1145 2026 mari

135 2071 204 2113 curn
226 2053 367 2134 vestibuS,
391 2054 462 2134 quid
485 2054 574 2115 undis
597 2054 796 2134 fluctibusque
821 2074 890 2117 cum
912 2052 1045 2117 vellere?
1090 2075 1146 2116 non

134 2149 216 2202 recte
239 2144 346 2221 recipit
368 2142 441 2204 haec
465 2162 521 2204 nos
544 2162 646 2204 rerum
668 2153 778 2205 natura
794 2147 853 2206 nisi
864 2145 975 2206 nudos.
1014 2153 1089 2228 esto,
1111 2149 1146 2205 sit

134 2238 215 2292 tanta
237 2233 335 2292 ventri
363 2251 431 2294 curn
459 2250 494 2294 eo
521 2231 660 2294 societas!
706 2234 778 2314 quid
802 2229 935 2313 tergori?
964 2252 1074 2314 parurn
1096 2245 1147 2314 est,

134 2321 192 2379 nisi
222 2321 275 2398 qui
304 2323 452 2383 vescimur
480 2321 623 2402 periculis
654 2325 743 2384 etiam
773 2326 942 2384 vestiamur.
992 2323 1067 2384 adeo
1097 2343 1147 2403 per

134 2415 231 2470 totum
254 2427 364 2488 corpus
387 2413 483 2472 anima
505 2411 634 2472 hominis
657 2415 791 2491 quaesita
813 2415 938 2473 maxime
961 2411 1092 2493 placent.
1158 2431 1167 2468 Ξ

82 2504 134 2556 106
202 2491 276 2582 (54)
299 2498 484 2580 Principium
498 2519 569 2580 ergo
585 2501 782 2581 columenque
797 2505 929 2564 omnium
943 2521 1048 2564 rerum
1061 2505 1148 2582 pretii
1174 2573 1175 2584 ,

135 2591 311 2668 margaritae
340 2597 452 2651 tenent.
501 2589 621 2651 Indicus
653 2593 778 2652 maxime
811 2590 864 2652 has
896 2593 988 2653 mittit
1020 2611 1147 2653 oceanus
1174 2605 1175 2616 ¹

135 2679 213 2739 inter
239 2677 304 2738 illas
331 2676 434 2740 beluas
462 2678 536 2739 tales
559 2687 728 2762 tantasque,
759 2699 833 2760 quas
856 2680 997 2762 diximus,
1027 2700 1085 2762 per
1107 2691 1147 2743 tot

135 2770 227 2827 maria
249 2769 412 2849 venientes,
435 2777 496 2830 tam
517 2768 605 2848 longo
630 2771 780 2831 terrarum
802 2777 899 2832 tractu
923 2789 939 2831 e
964 2773 1055 2832 tantis
1080 2771 1148 2831 solis

135 2855 299 2917 ardoribus.
343 2865 431 2936 atque
450 2857 531 2919 Indis
555 2876 673 2937 quoque
697 2861 729 2923 in
747 2859 859 2921 insulas
880 2867 1027 2940 petuntur
1050 2869 1083 2921 et
1101 2860 1175 2921 art-e

92 2941 95 2948 “
134 2943 256 3004 modum
277 2963 396 3024 paucas.
442 2945 624 3009 fertilissima
647 2957 692 3010 est
715 2947 889 3029 Taprobane
913 2956 942 3008 et
966 2949 1095 3030 Stoidis,
1118 2961 1147 3010 ut

118 3187 125 3197 “
206 3188 450 3244 dceneliculelim
465 3189 531 3244 Dal.
560 3191 652 3246 cunic-
672 3210 696 3246 e.
720 3191 811 3246 canie-
830 3209 853 3246 r.
913 3191 1064 3262 cobliquo
1083 3193 1146 3246 11¹.

137 3259 285 3331 lexpanse
305 3277 330 3314 c.
369 3277 472 3330 spensa
494 3279 517 3315 r.
613 3263 779 3333 Splausum
802 3264 859 3318 lle.
895 3263 1054 3332 plaustrum
1078 3265 1146 3318 coni.

133 3331 207 3386 Dett.
242 3335 246 3401 Ι
280 3331 385 3400 apertis
403 3331 463 3385 ι’ᾱ.
490 3331 577 3401 pestis
596 3334 634 3387 2¹.
661 3334 748 3404 pertis
767 3352 790 3390 r.
863 3340 1051 3390 oooncaucm
1070 3337 1145 3391 codd.

135 3401 192 3456 Gel.
211 3405 271 3458 edd.
289 3407 350 3457 cett.
377 3404 458 3457 -ucnl
475 3407 520 3456 cd.
549 3407 663 3458 -cacent
674 3405 717 3460 1³².
743 3408 860 3462 -uacanl
875 3423 898 3462 r.
915 3408 919 3476 Ι
935 3406 978 3461 sui
995 3407 1075 3464 codd.
1089 3407 1145 3462 uer.

135 3473 204 3528 sd¹.
231 3473 255 3527 is
274 3473 312 3530 dl.
341 3473 394 3527 sibi
411 3491 434 3527 v.
454 3475 513 3528 edd.
532 3479 593 3529 cett.
679 3481 713 3532 25
733 3478 844 3534 animae
863 3497 887 3532 e.
973 3483 1007 3532 29
1027 3479 1144 3534 eteritis

135 3541 193 3596 lto.
216 3561 256 3598 an
277 3544 426 3598 cleantis?
498 3551 531 3598 31
552 3545 657 3600 Stoidis
670 3553 720 3603 oet.
735 3548 802 3604 Dat.
830 3548 932 3622 dosidis
945 3549 990 3604 12¹.
1017 3549 1084 3604 lidis
1102 3552 1143 3604 12¹.

134 3611 219 3665 loidis
237 3631 253 3668 r
271 3616 347 3670 codd.
365 3615 453 3670 Baro.
481 3616 626 3671 Aslhoidis
644 3619 731 3674 Barla.
760 3620 867 3690 Tyndis
885 3620 969 3677 Salva.
