2286 3938
144 177 166 242 2
495 175 524 230 0.
542 176 644 230 Penii
663 174 821 231 SECUNDI

145 347 204 408 qua
226 335 329 388 natum
353 335 407 388 est.
453 326 511 388 heu
538 327 717 388 dementiam
746 325 782 386 ab
804 326 851 386 his
874 327 964 388 initiis
992 329 1142 388 existiman·

108 425 127 472 4
145 421 221 478 tium
239 416 275 477 ad
290 415 461 496 superbiam
480 435 512 478 se
527 413 659 496 genitos!
682 417 778 496 prima
796 415 913 476 roboris
932 435 1001 496 spes
1019 417 1142 496 primum·

144 527 202 588 qne
234 508 379 586 temporis
401 524 512 567 munus
544 505 720 586 quadripedi
757 505 884 566 similem
915 506 994 567 lacit.
1046 505 1136 584 quand

142 597 257 658 homiui
284 593 433 656 incessus!
467 595 585 674 quando
613 592 682 656 vox!
720 595 837 674 quando
864 595 984 656 firmum
1014 594 1087 655 cibis
1110 613 1135 654 os

143 687 284 768 quamdiu
306 685 453 765 palpitans
475 693 592 766 vertex,
624 702 757 744 summae
785 687 864 744 inter
892 694 1001 746 cuncta
1029 685 1141 744 animal

142 776 344 838 inbecillitatis
367 773 524 836 iudicium!
549 777 608 836 iam
631 773 728 834 morbi
751 782 796 834 tot
818 782 907 853 atque
930 775 1094 834 medicinae
1114 783 1136 832 to

142 873 246 927 contra
265 863 340 925 mala
359 866 554 945 excogitatae,
579 871 609 924 et
627 863 682 924 hae
697 881 816 944 quoque
836 862 961 925 subinde
981 863 1140 926 novitatibn

141 953 250 1016 victae!
282 962 313 1014 et
336 961 436 1014 cetera
459 955 571 1014 sentire
595 960 733 1016 naturam
756 971 852 1034 suam,
876 953 931 1014 alia
954 955 1140 1033 pernicitaten

141 1062 302 1125 usurpare,
325 1041 381 1102 alia
399 1051 556 1122 praepetes
575 1042 703 1123 volatus,
727 1041 782 1102 alia
805 1061 891 1124 nare,
913 1042 1071 1103 hominem
1092 1042 1139 1101 nihi

141 1136 219 1194 scire
242 1135 300 1194 nisi
323 1133 467 1212 doctriua,
490 1150 551 1192 non
574 1133 639 1214 lari,
662 1151 723 1193 non
745 1131 871 1214 ingredi,
898 1151 959 1192 uon
983 1135 1077 1212 vesci,
1097 1131 1138 1190 bn

140 1225 276 1302 viterque
296 1241 357 1282 non
377 1221 456 1282 alind
475 1215 598 1282 naturae
618 1230 724 1302 sponte
743 1240 831 1300 quam
845 1221 926 1311 llere.
956 1224 1064 1301 itaque
1082 1219 1140 1281 mult

142 1315 284 1396 exstitere
309 1313 438 1390 quinon
457 1313 540 1371 nasci
559 1313 705 1391 optimum
726 1319 884 1372 censerent
907 1319 960 1374 aut
979 1330 1074 1391 quam
1091 1313 1139 1370 ocis

105 1409 121 1458 5
142 1404 216 1462 sime
240 1401 360 1462 aboleri.
387 1403 441 1460 uni
459 1402 653 1461 animantium
672 1399 772 1462 luctus
791 1407 836 1462 est
850 1400 946 1482 datus,
970 1403 1030 1462 uni
1043 1401 1140 1461 luxuri

141 1500 172 1553 31
195 1492 316 1571 quidem
339 1488 605 1551 innumerabilibus
628 1490 724 1551 modis
747 1509 781 1551 ao
803 1509 858 1570 per
881 1490 1001 1569 singula
1026 1489 1143 1550 membr

140 1583 193 1642 uni
217 1579 347 1662 ambitio,
369 1581 423 1640 uni
446 1581 575 1661 avaritia,
598 1581 651 1640 uni
674 1581 810 1640 inmensa
831 1579 948 1640 vivendi
966 1580 1093 1661 cupido,
1112 1597 1127 1638 u

141 1671 329 1750 superstitio,
356 1671 409 1730 nni
438 1668 608 1748 sepulturae
637 1687 708 1729 cura
737 1677 826 1748 atque
854 1671 943 1730 etiam
971 1677 1050 1750 post
1077 1688 1105 1728 se

140 1761 252 1822 futuro.
280 1755 356 1821 nulli
368 1761 428 1819 rita
442 1758 584 1840 fragilior,
598 1757 672 1819 nulli
687 1777 790 1820 rerum
805 1760 938 1819 omnium
951 1757 1053 1820 libido
1067 1759 1132 1818 maio

140 1850 215 1911 nulli
237 1867 328 1930 pavor
352 1848 514 1931 confusior,
537 1847 611 1908 nulli
634 1847 732 1909 rabies
756 1851 862 1910 acrior.
907 1849 1047 1929 denique
1072 1857 1139 1908 ceter

128 1937 301 2000 'animantia
328 1940 359 1998 in
384 1955 438 1998 sno
461 1955 571 2017 genere
598 1937 692 2017 probe
717 1937 837 2018 degunt.
883 1941 1068 2020 congregari
1090 1936 1141 1996 ride

140 2048 207 2090 mus
237 2037 267 2089 et
294 2036 373 2089 stare
402 2035 506 2088 contra
534 2027 695 2088 dissimilia.
734 2027 862 2096 leonum
889 2028 997 2088 feritas
1028 2031 1107 2089 inter
1129 2045 1142 2084 s

140 2137 201 2178 non
224 2118 358 2198 dimicat,
390 2118 577 2197 serpentium
599 2135 718 2178 morsus
741 2136 801 2177 non
823 2119 899 2198 petit
921 2127 1100 2198 serpentes,
1126 2133 1142 2174 n

140 2209 231 2268 maris
255 2206 376 2286 quidem
394 2205 498 2267 beluae
522 2224 556 2266 ac
578 2208 677 2285 pisces
700 2207 759 2267 nisi
781 2209 813 2266 in
829 2207 944 2267 diversa
966 2225 1090 2286 genera
1106 2225 1131 2266 sa

141 2298 233 2358 viunt.
279 2304 309 2356 at
331 2295 460 2357 Hercule
487 2295 601 2356 bomini
623 2295 751 2376 plurima
778 2313 815 2356 ex
837 2296 956 2356 homine
984 2305 1064 2358 sunt
1087 2314 1140 2356 m·

104 2397 121 2442 o
210 2379 243 2449 l.
285 2384 323 2446 Et
346 2385 383 2446 de
406 2387 599 2449 universitate
623 2385 744 2465 quidem
766 2387 885 2465 generis
907 2383 1041 2447 hnmani
1065 2403 1141 2466 magu

141 2494 177 2535 ex
200 2482 284 2555 parte
307 2477 338 2534 in
361 2474 504 2535 relatione
528 2477 662 2553 gentium
681 2475 818 2536 diximus.
856 2493 954 2554 neque
980 2477 1071 2537 enim
1094 2479 1141 2544 ritu

140 2583 299 2645 moresque
327 2583 407 2625 nunc
435 2563 629 2625 tractabimus
656 2567 830 2626 innumeros
858 2583 892 2625 33
914 2565 1052 2627 totidem
1076 2585 1125 2646 pao

141 2663 214 2734 quot
232 2663 302 2717 sunt
321 2661 425 2714 coetus
439 2653 592 2714 homiuum
598 2702 606 2734 ,
626 2653 769 2732 quaedam
784 2663 882 2715 tamen
901 2653 982 2715 haud
1000 2659 1126 2716 omittrn

1114 2203 1142 2428 ssss

141 2745 231 2826 duco,
263 2747 450 2822 maximeque
473 2742 591 2823 longius
619 2743 655 2803 ab
678 2746 753 2804 mari
777 2745 960 2824 degentium,
996 2747 1034 2804 in
1059 2743 1127 2824 quib

139 2834 308 2913 prodigiosa
331 2833 428 2913 aliqua
452 2840 483 2893 et
504 2831 689 2894 incredibilia
712 2831 813 2894 multis
831 2835 928 2894 visum
950 2835 990 2893 iri
1012 2833 1129 2895 haudd

140 2922 210 2984 bito.
258 2925 324 3001 quis
356 2924 435 2993 enixu
462 2921 622 3002 Aethiopas
652 2930 810 3002 antequam
839 2929 977 2983 cerneret
1012 2923 1137 2984 credidit

140 3019 192 3072 aut
209 3010 281 3090 quid
300 3029 360 3071 non
379 3011 522 3072 miraculo
542 3019 601 3094 331,
625 3015 837 3093 cumprimum
855 3015 886 3072 in
905 3014 1052 3074 notitiam
1066 3015 1137 3074 veuit

141 3118 229 3179 quam
247 3100 340 3160 multa
353 3101 418 3161 lieri
432 3119 493 3161 non
506 3119 594 3180 posse
608 3103 783 3182 priusquam
802 3104 862 3163 sint
875 3102 951 3163 lacta
965 3102 1106 3164 iudicant

211 3326 389 3382 idemeutia
405 3331 459 3381 Ro.
515 3329 595 3383 6131
612 3330 696 3397 atque
709 3327 753 3382 Ili
776 3330 807 3383 1ο
826 3331 910 3398 atque
922 3327 967 3383 12².
990 3330 1138 3399 eosquos

138 3402 237 3470 totque
255 3417 278 3454 r.
302 3402 306 3470 1
330 3399 376 3453 131
392 3397 428 3452 111
445 3399 478 3454 io
495 3415 561 3466 roa,
578 3415 629 3455 om.
648 3417 671 3456 r.
745 3405 779 3454 10
796 3401 940 3455 nisirin
956 3417 1016 3456 rao.
1047 3401 1139 3456 311111,

138 3473 182 3526 N.
204 3471 294 3527 nichil
313 3471 337 3524 si
354 3476 386 3525 B.
408 3469 481 3526 nibil
499 3471 558 3526 sine
576 3489 600 3526 r.
618 3471 669 3539 cfr.
685 3471 742 3528 Ure.
761 3471 836 3527 mna.
855 3476 959 3528 3147.
1018 3479 1056 3528 19
1075 3489 1139 3542 prop

137 3547 170 3598 B.
242 3549 277 3598 16
299 3543 459 3598 innumeros
481 3559 515 3598 33
537 3542 572 3596 1²
593 3543 626 3597 iu
647 3559 702 3601 raa.
720 3548 774 3598 Bd.
806 3543 836 3598 iu
854 3559 983 3600 numeros
1002 3545 1039 3600 ab
1056 3543 1094 3598 lt*
1116 3547 1139 3602 m

150 3629 189 3666 en.
209 3614 257 3684 et).
285 3613 424 3670 mnumeri
443 3617 508 3669 sunt
525 3633 550 3668 o.
604 3619 638 3668 31
659 3632 692 3670 ac
710 3620 742 3670 B.
771 3617 861 3674 eutr.
915 3615 1073 3671 31313111

161 3686 206 3739 ml
221 3701 245 3741 r.
264 3686 314 3753 cfr.
334 3702 396 3742 ooo.
415 3687 468 3742 loc.
483 3703 513 3756 p.
532 3690 568 3742 45
586 3701 614 3740 n.
633 3691 678 3741 16.
