2396 3940
187 167 254 234 226
545 161 574 216 n.
593 161 694 218 PLINI
714 163 870 222 suenum

189 319 317 402 duntur,
348 321 408 381 vita
440 316 585 380 bimatum
616 327 678 376 nou
709 317 825 376 transit.
877 317 957 378 ictus
989 335 1090 378 eorum
1116 316 1174 376 haud

190 417 303 472 temere
326 411 391 470 sine
415 407 493 468 febri
516 414 570 468 est.
611 412 751 466 auctores
774 413 845 466 sunt
868 414 915 466 ter
937 409 1061 468 novenis
1082 409 1176 486 punctis

189 499 320 560 interfici
350 499 510 560 hominem.
566 495 692 556 aliomm
724 497 777 574 qui
807 497 942 556 mitiores
973 495 1108 558 videntur
1134 497 1177 558 duo

191 605 313 668 genera:
345 589 480 670 opifices,
507 587 638 648 minores
662 601 801 666 corpore,
829 587 880 664 qui
902 588 1072 648 moriuntm
1096 587 1178 664 bene,

138 683 173 731 74
191 686 302 739 matres
325 695 399 758 quae
418 676 539 738 biennio
557 675 675 736 durant.
711 673 743 735 hi
765 683 797 736 et
819 674 990 737 clementes.
1028 676 1109 736 nidos
1128 695 1179 734 reu

191 767 304 829 iaciunt
323 767 393 828 'iere
426 763 626 846 quadrimum,
658 767 689 825 in
721 763 831 844 quibus
862 765 984 845 opifices
1013 775 1179 846 generentur.

190 856 237 917 his
261 856 376 919 eductis
399 856 472 917 aiios
496 853 603 917 deinde
625 857 753 916 maiores
776 853 862 915 nidos
884 854 1015 938 fingunt,
1046 858 1076 916 in
1098 854 1179 934 quibus

190 949 301 1007 matres
325 947 448 1009 ¹iuturus
477 945 652 1026 producant.
703 946 763 1006 iam
792 952 858 1006 tum
888 945 1012 1025 opifices
1043 947 1179 1024 iunguntur

191 1051 315 1096 munere
339 1043 370 1097 et
384 1043 519 1116 ‘pascunt
542 1051 599 1096 eas.
645 1034 732 1096 latior
756 1042 884 1096 matrum
912 1036 1046 1116 species,
1063 1034 1179 1096 'dubium-

191 1140 249 1206 que
276 1143 315 1187 nn
342 1123 470 1186 habeant
497 1123 629 1206 aculcos,
661 1126 730 1203 quia
759 1141 819 1184 non
847 1124 1055 1204 egrediuntur.
1102 1135 1128 1184 et
1150 1127 1179 1182 bis

192 1217 238 1276 sni
261 1215 331 1276 fuci.
377 1214 497 1295 quidm
520 1216 680 1294 opinantur
703 1211 841 1275 omnihus
868 1213 915 1274 bis
939 1214 975 1275 ad
999 1214 1179 1276 hiemando

191 1304 291 1365 cidere
315 1304 442 1365 demens.
489 1321 545 1364 nec
568 1302 749 1364 crabronum
772 1311 872 1364 autem
895 1305 952 1364 nec'
975 1322 1130 1385 vesparum
1148 1321 1179 1375 ge

190 1396 257 1454 neri
279 1413 366 1473 reges
389 1401 441 1455 aut
463 1395 611 1474 examina,
634 1393 687 1454 sed
710 1391 836 1454 subinde
860 1397 1026 1454 renovatur
1050 1391 1179 1454 multitude

139 1574 171 1622 '15
191 1481 315 1635 subo&
339 1565 414 1655 (25)
442 1571 589 1644 Quartum
616 1573 695 1632 inter
722 1571 795 1634 haec
823 1590 917 1652 genus
945 1560 992 1634 est
1022 1461 1179 1921 balmensi

191 1665 224 1722 in
249 1661 369 1741 Assyria
394 1664 586 1742 proveniens,
618 1663 713 1722 maius
743 1679 833 1741 quiam
864 1679 954 1744 supra
983 1663 1076 1726 dicta.
1123 1662 1175 1722 nido

191 1752 254 1812 luto
277 1751 393 1831 tingunt
411 1751 480 1812 salis
500 1752 609 1833 specie,
631 1750 793 1831 adplicatos
816 1751 914 1835 lapidi,
936 1760 1023 1814 tauta
1047 1753 1176 1815 duritiae

192 1841 314 1921 spicudis
336 1841 483 1921 perforari
506 1843 553 1901 vix
575 1843 700 1920 possint.
746 1844 778 1903 in
805 1841 852 1903 bis
875 1859 960 1903 ceras
983 1842 1099 1923 largius

189 1947 261 2011 apes
285 1931 411 2012 faciunt,
434 1929 503 1990 dein
526 1931 669 1991 maiorem
691 1931 895 1994 vermiculum.

139 2029 172 2078 76
260 2013 334 2103 (26)
364 2019 403 2080 Et
430 2019 485 2080 alia
514 2019 622 2080 horum
653 2023 744 2100 origo.
791 2041 826 2082 ex
856 2022 1017 2102 grandiore
1050 2017 1178 2100 vermicui

191 2112 307 2188 gemina
334 2109 515 2189 protendens
544 2111 591 2170 sui
620 2113 739 2190 generis
770 2129 916 2173 cornuum
945 2113 1035 2175 urica
1065 2114 1110 2194 tit,
1138 2111 1178 2190 dei

191 2198 271 2276 quud
294 2206 416 2259 uocatur
439 2198 598 2281 bombylis,
617 2206 662 2260 'ex
685 2219 720 2261 ea
742 2201 927 2284 uecydailus‚
955 2221 993 2264 ex
1022 2203 1083 2264 hoc
1105 2205 1133 2262 iu
1152 2213 1178 2286 su

190 2285 343 2348 mensibus
380 2286 517 2368 bombyx.
576 2289 650 2350 teias
686 2309 863 2354 araneorum
900 2291 989 2354 modo
1030 2301 1135 2354 texunt
1165 2293 1178 2348 a

190 2383 304 2438 vestem
327 2375 489 2456 iusumque
514 2378 704 2461 feminarum,
728 2399 803 2462 quae
826 2380 1005 2462 bombycina
1035 2381 1154 2464 appellat

190 2468 285 2545 prima
309 2485 358 2527 eas
381 2466 530 2527 redordiri
552 2485 717 2547 rursusque
741 2477 843 2532 texere
866 2473 980 2533 invenit
1003 2473 1039 2533 in
1064 2471 1122 2533 Coo
1143 2489 1172 2529 m

190 2554 246 2616 lier
264 2555 425 2638 Pamphile,
448 2555 548 2617 Piatae
566 2557 634 2638 filia,
652 2575 712 2619 non
731 2559 892 2621 fraudanda
911 2561 1005 2642 gioria
1027 2563 1171 2641 excogitat

191 2647 314 2706 rationis
337 2652 371 2706 ut
394 2644 526 2707 denudet
548 2647 672 2708 seminas
695 2652 795 2710 vestis.

138 2741 171 2791 ἰτ
260 2730 316 2798 23.
342 2728 416 2818 (27)
446 2734 609 2816 Bombycas
637 2745 667 2798 et
693 2740 725 2798 in
753 2737 813 2799 Coo
841 2738 937 2802 insuia
965 2743 1053 2802 nasci
1082 2739 1174 2802 trador

191 2885 404 2894 'affl

192 3030 197 3042 .
263 2960 354 3015 thau
372 2966 407 3014 td.
433 3032 438 3044 .
505 2963 659 3018 itemeres
678 2969 709 3018 R.
742 2979 848 3021 emeres
867 2969 891 3019 d.
917 2967 921 3034 Ι
947 2965 1007 3020 sine
1026 2970 1087 3022 lc.
1119 2963 1177 3087 sin}

189 3048 218 3083 111
237 3048 260 3084 r.
333 3034 1177 3107 4monanturoeeAatsi.b.o.IX41p.628A‚4.ori-t

261 3108 277 3156 d
302 3119 339 3158 aa
357 3103 412 3158 bae
431 3103 482 3159 et?
514 3106 563 3174 cfr.
583 3106 670 3163 Arist.
690 3108 707 3162 t.
727 3108 745 3162 t.
764 3124 788 3164 o.
808 3113 834 3165 3.
925 3104 1177 3180 6'genaranturss]

189 3189 259 3228 corr.
278 3178 303 3228 d.
386 3181 419 3230 10
437 3176 481 3230 his
499 3177 586 3232 uin
605 3179 633 3234 ll.
716 3185 748 3234 11
769 3197 818 3236 suo
837 3199 861 3236 a.
886 3180 1043 3251 lfaoidn.
1078 3179 1177 3236 fodri

188 3245 242 3300 foti
261 3265 285 3300 o.
377 3253 410 3302 15
433 3251 564 3316 quartum
582 3255 627 3304 do.
660 3263 734 3305 *rum
752 3267 775 3306 r.
880 3257 913 3307 17
936 3252 1029 3323 lapidi
1049 3271 1074 3308 n.
1105 3237 1177 3306 ded

188 3316 277 3399 lotide
296 3335 319 3371 r.
406 3324 440 3372 18
458 3319 488 3372 in
505 3320 550 3374 his
568 3325 620 3376 Ba.
653 3325 686 3376 nb
703 3339 736 3376 ns
754 3329 784 3377 n.
816 3326 849 3378 ut
867 3343 890 3378 a.
917 3325 921 3392 Ι
944 3324 1057 3395 largius
1076 3326 1171 3390 11.t·,a

187 3385 275 3440 Arest.
293 3389 318 3442 b.
338 3405 363 3442 o.
379 3391 450 3445 1124
464 3393 643 3459 p555A18
661 3395 827 3463 ὼχρότεροε.
903 3399 938 3450 20
957 3412 991 3450 ex
1009 3401 1038 3452 d.
1069 3405 1103 3452 ea
1120 3395 1169 3450 roi

186 3461 248 3509 vett.
276 3457 393 3513 eBarb.
466 3466 498 3541 ²¹.
519 3461 575 3514 suis
593 3469 651 3518 ΒΕ.
675 3467 679 3533 Ι
701 3465 781 3521 urica
799 3467 868 3521 coci.
887 3467 980 3522 Haud.
1008 3486 1074 3524 -oas
1093 3470 1118 3524 u.
1143 3485 1166 3518 ‘a'

187 3540 221 3576 ca
237 3541 262 3578 o.
280 3528 362 3607 [fili.
436 3535 469 3585 22
487 3532 623 3600 mcydalis
642 3539 666 3588 d.
740 3543 774 3592 25
792 3537 936 3593 redordori
954 3539 997 3594 n1.
1027 3539 1156 3595 retardari

188 3609 294 3660 -rquerr
311 3615 336 3652 a.
431 3606 465 3655 26
487 3601 586 3658 Plotae
609 3607 666 3662 eod.
686 3607 770 3677 Obiff.
799 3609 919 3666 Πλάτεω
937 3612 1028 3666 Ara-st.
1048 3613 1075 3666 b.
1095 3629 1119 3666 n.
1137 3613 1173 3658 ΓΙ

185 3666 376 3734 a.551B,1c.
403 3670 515 3738 plateae
533 3689 577 3729 ro.
650 3683 684 3732 28
702 3681 819 3737 madunt
836 3683 895 3738 edd.
911 3681 968 3738 Gai.
996 3685 1061 3738 ·tnr
1078 3684 1105 3738 id.
