2572 3936
338 148 533 204 11111111.
553 148 593 202 lx
611 154 716 204 29—30
737 149 862 219 (rc-49)
1045 147 1109 214 135

2 289 3 324 ³
89 303 174 362 enim
205 299 360 378 complexu
391 306 421 359 et
451 297 553 360 sorbet
582 297 744 360 acetabulis
772 317 806 358 ac
833 317 993 360 numeroso
1021 307 1109 361 suctu

2 401 3 414 ¹
89 389 195 470 trabit,
218 407 287 450 cum
309 391 340 448 in
363 388 524 467 naufragos
545 390 734 448 urinantesve
757 390 902 468 impetum
925 391 1012 468 cepit.
1056 388 1109 450 sed

2 475 3 478 ’
90 480 118 538 si
142 481 316 559 invertatur,
346 477 529 556 elanguescit
550 479 603 538 vis.
649 479 844 557 exporrigunt
867 479 947 538 enim
970 496 1001 538 se
1025 495 1110 538 resu-

88 569 196 648 pinati.
242 575 341 628 cetera
369 585 444 646 quae
472 566 565 627 idern
592 565 695 627 retulit
722 573 856 626 monstro
878 569 1019 647 propiora
1041 585 1108 646 pos·

59 665 173 718 51111
192 656 294 717 videri.
345 655 478 717 Carteiae
505 657 537 716 in
564 657 684 718 cetariis
711 655 853 718 adsuetus
881 657 962 717 exire
991 674 1007 716 e
1035 657 1110 716 marl
1129 665 1163 715 91

89 748 123 806 11
146 746 229 808 lacus
253 764 359 807 eorum
381 752 500 826 apertos
524 751 612 824 atque
640 744 682 804 ibi
705 743 880 806 salsamenta
902 745 1039 824 populari
1066 779 1109 808 -,-

89 838 169 896 mire
188 835 328 898 omnibus
346 836 469 899 marinis
489 833 697 913 expetentibus
716 834 837 894 odorem
857 853 976 914 quoque
996 851 1109 914 eorum,

92 943 153 1004 qua
177 923 213 984 de
233 943 322 986 causa
344 931 375 986 et
393 925 488 984 nassis
511 923 679 983 inlinuntur
702 956 754 1004 -,
778 925 925 984 convertit
947 925 979 984 in
1002 941 1035 984 se
1059 941 1108 982 cn·

92 1014 214 1075 stodum
240 1013 474 1093 indignationem
501 1011 677 1072 adsiduitate
706 1013 779 1074 furti
805 1013 955 1074 inmodici.
1006 1029 1110 1091 saepes

48 1119 77 1160 ιο
92 1111 180 1164 erant
204 1102 351 1185 obieqtae,
381 1102 434 1163 sed
461 1101 514 1162 has
542 1100 772 1183 transcendebat
795 1120 850 1181 per
874 1101 1024 1183 arborem,
1054 1118 1109 1160 nec

92 1192 278 1272 deprehendi
306 1195 405 1272 potuit
434 1193 492 1252 uisi
522 1208 630 1251 canum
660 1193 827 1270 sagacitate.
875 1190 907 1250 hi
934 1189 1111 1250 redeuntem

92 1284 312 1343 circumvasere
335 1288 440 1362 noctu,
471 1281 640 1360 concitique
664 1279 804 1340 custodes
831 1297 975 1359 expavere
999 1281 1110 1338 novita-

92 1379 163 1432 tem.
208 1373 339 1450 primum
371 1372 504 1431 omnium
533 1369 704 1449 magnitudo
732 1369 865 1429 inaudita
894 1376 970 1449 erat,
1003 1366 1110 1429 deinde

94 1459 176 1520 colos
203 1462 301 1520 muria
332 1459 415 1520 obliti
443 1459 533 1520 odore
563 1458 629 1520 diri.
676 1459 742 1538 quis
769 1457 812 1518 ibi
838 1457 980 1539 polypum
1007 1475 1110 1536 exspe-

52 1565 80 1606 15
95 1557 206 1610 ctasset
232 1557 283 1610 aut
305 1551 346 1610 ita
369 1544 584 1628 cognosceret?
637 1566 706 1608 cum
728 1555 863 1608 monstro
887 1547 1028 1608 dimicare
1054 1545 1111 1606 sibi

93 1638 280 1700 videbantur.
319 1656 446 1717 namque
466 1645 497 1698 et
515 1636 624 1699 adflatu
638 1636 766 1697 terribili
787 1655 875 1698 canes
894 1635 1007 1718 agebat,
1030 1653 1110 1696 nunc

95 1730 238 1788 extremis
262 1727 396 1788 crinibus
418 1720 593 1807 flagellatos,
617 1745 696 1786 nunc
719 1725 940 1788 robustioribus
962 1724 1110 1786 bracchiis

2 1843 6 1848 ·
96 1817 245 1878 clavarum
268 1816 355 1878 modo
378 1819 525 1898 incussos,
548 1833 695 1894 aegreque
719 1815 821 1876 multis
842 1815 1022 1876 tridentibus
1041 1831 1110 1874 ccu-
1130 1831 1165 1881 91,

96 1907 146 1967 tici
167 1908 290 1987 potnit
311 1907 469 1968 ostendere
483 1904 607 1966 Lucvdlo
632 1911 721 1984 caput
739 1906 804 1965 eius
823 1904 895 1966 dolii
908 1903 1110 1984 magnitudine

56 2011 83 2054 1ο
98 1997 307 2077 amphorarum
330 1995 501 2075 quindecim
524 2012 615 2075 capax
633 2001 732 2076 atque,
754 2001 788 2054 ut
802 1995 896 2072 ipsius
916 1992 1024 2054 Trebi
1046 2011 1111 2054 ver-

68 2089 69 2092 ’
97 2085 143 2146 bis
167 2093 242 2168 utar,
274 2084 402 2146 barbas
432 2102 519 2165 quas
549 2085 605 2144 vix
635 2090 790 2162 utroque
821 2082 991 2144 bracchio
1019 2100 1110 2142 com-

97 2174 207 2255 plecti
227 2182 336 2256 esset,
360 2175 538 2235 clavarum
552 2173 652 2234 modo
667 2180 822 2254 torosas,
841 2171 964 2252 longas
982 2169 1112 2252 pedum

98 2279 186 2346 xxx,
212 2262 413 2324 acetabulis
441 2265 515 2323 sive
544 2261 711 2324 caliculis
739 2260 928 2323 urnalibus
955 2261 1113 2343 pelvium

98 2354 211 2434 modo,
235 2353 361 2413 dentes
384 2351 626 2430 magnitudini
648 2351 922 2430 respondentes
967 2350 1112 2430 reliquiae

58 2456 85 2500 as
100 2443 267 2503 adservatae
291 2440 434 2501 miraculo
457 2439 627 2519 pependere
650 2439 749 2519 pondo
777 2452 856 2502 Dcc.
902 2441 1016 2520 saepias
1040 2457 1112 2519 quo-

100 2550 156 2611 que
185 2539 215 2591 et
242 2529 387 2609 lolligines
415 2529 549 2590 eiusdem
575 2527 786 2608 magnitudinis
814 2529 952 2608 expulsas
981 2532 1012 2590 in
1041 2529 1113 2590 litus

99 2621 171 2684 illud
194 2620 287 2683 idem
309 2627 415 2680 auctor
438 2625 492 2679 est.
537 2619 569 2677 in
592 2625 696 2678 nostro
719 2618 794 2677 mari
818 2616 964 2697 lolligines
988 2620 1114 2696 quinum

100 2710 268 2772 cubitorum
296 2705 464 2789 capiuntur,
493 2709 609 2786 saepiae
638 2705 750 2766 binum.
800 2724 897 2784 neque
926 2707 972 2767 his
1000 2705 1112 2766 bimatu

101 2800 213 2880 longior
236 2801 303 2859 vita.

62 2905 117 2970 ⁸⁰st
166 2881 239 2972 (49)
263 2887 438 2966 Navigeram
462 2885 687 2947 similitudinem
715 2892 745 2944 et
768 2883 853 2944 aliam
876 2886 908 2952 in
931 2883 1112 2964 Propontide
1132 2891 1166 2944 94

101 2981 191 3040 visam
215 2977 272 3038 sibi
294 2975 425 3056 prodidit
448 2975 646 3036 Mucianus:
670 2973 814 3035 concham
832 2992 898 3035 esse
918 2975 1004 3036 acatii
1025 2973 1112 3034 modo

174 3221 289 3275 leucio
312 3220 412 3275 Imeus.
450 3217 549 3274 -111111
576 3217 673 3271 Bw.
712 3218 771 3272 -chu
793 3215 842 3275 diu
863 3216 909 3272 12².
947 3219 1061 3286 sumptu
1086 3221 1113 3272 d.

104 3291 218 3358 suetudo
238 3291 275 3344 2².
307 3291 456 3346 suetudum
474 3290 512 3344 α’.
571 3287 719 3344 acetariis
737 3292 783 3343 dc.
815 3288 895 3343 -teris
912 3305 936 3344 1.
1010 3289 1114 3346 711111

103 3363 188 3418 111911.
215 3362 293 3416 mille
312 3379 335 3416 r.
407 3360 588 3420 dimmodici
604 3359 684 3414 Risi
712 3376 758 3414 -ea
776 3360 813 3415 2¹.
841 3376 903 3415 -cae
923 3360 996 3430 (add.
1013 3361 1113 3415 incas.

103 3435 155 3505 his)
174 3439 199 3488 d.
228 3436 307 3488 -cant
323 3451 347 3488 1.
409 3439 442 3489 13
462 3432 561 3488 deinde
580 3432 610 3486 in
628 3435 652 3488 d.
681 3449 720 3486 un
737 3430 822 3485 dein?
885 3437 919 3486 14
937 3448 976 3486 111
994 3430 1113 3487 odores?

173 3513 207 3562 16
226 3504 353 3560 adfictaiu
370 3505 414 3560 12¹.
443 3523 482 3560 an
500 3499 665 3559 adflictam?
755 3509 788 3557 23
809 3503 963 3558 acetabulis
982 3503 1020 3559 22.
1046 3503 1114 3558 aeit-

2 3595 5 3644 ῑ,
103 3579 146 3634 2².
174 3577 292 3634 stabulis
310 3594 333 3632 1.
400 3583 434 3631 24
453 3576 588 3646 reliquiae
606 3593 630 3630 1.
659 3591 742 3644 -quae
761 3579 807 3629 ed.
836 3591 901 3644 -que
920 3592 943 3630 1.
1005 3581 1038 3630 25
1058 3581 1115 3638 o'ed

104 3651 201 3706 nbat.
229 3648 329 3704 neem
347 3655 376 3704 r.
449 3655 482 3704 31
503 3649 588 3704 acatii
606 3648 713 3703 dBarb.
742 3647 837 3703 achati
855 3664 878 3704 1.
