2364 3930
167 163 233 228 210
514 162 542 216 Ο.
562 163 661 218 PLINI
681 161 836 216 SECUNDI

167 311 309 394 membra,
332 313 416 373 tenui
438 311 526 372 modo
549 309 648 371 fistula
671 310 867 371 cohaerentia.
894 310 1000 389 aliquis
1024 328 1094 370 vero
1116 327 1164 368 non

167 409 229 462 tota
247 403 387 483 incisura,
410 419 475 461 eam
494 399 641 460 ambiente
659 417 742 480 ruga,
765 399 866 460 sedin
888 399 951 459 alvo
975 407 1027 460 aut
1049 417 1165 477 superne

167 498 284 550 tautum
305 489 468 551 imbricatis
490 487 820 570 flexilibusvertebris,
847 507 994 566 nusquam
1021 486 1091 548 alibi
1112 505 1166 566 spe·

132 582 292 640 notatione
316 587 437 641 naturae
461 597 564 640 rerum
587 579 719 642 artificio.
766 573 800 640 2.
832 579 863 637 in
890 579 1005 656 magnis
1032 576 1166 656 siquidem

168 667 344 748 corporibus
362 677 413 729 aut
431 675 512 730 certe
536 667 697 728 maioribus
719 667 813 728 facilis
836 666 952 728 officina
976 667 1098 746 sequaci
1118 685 1166 724 ma·

166 761 243 819 teria
261 757 326 819 tuit.
362 760 394 818 in
411 757 459 818 bis
481 765 541 818 tam
564 759 662 836 parvis
686 764 774 836 atque
797 763 858 816 tam
880 755 970 816 nullis
995 773 1072 835 qnae
1095 757 1166 832 ratio,

168 853 277 926 quanta
299 849 352 928 vis,
375 865 464 922 quam
486 845 700 906 inextricabilis
722 843 882 924 perfectio!
928 845 983 906 ubi
1005 853 1052 906 tot
1075 863 1167 905 sensus

167 935 321 996 collocavit
343 938 375 996 in
398 931 515 996 culice?
539 968 581 978 -
605 942 636 995 et
658 942 729 995 sunt
751 934 806 994 alia
827 934 908 1000 dictu
929 937 1047 995 uduora
1066 967 1108 976 -
1125 931 1166 992 sed

165 1023 219 1086 ubi
240 1027 337 1086 risum
359 1027 391 1085 in
412 1043 447 1084 eo
465 1020 655 1104 praetendit?
677 1023 730 1084 ubi
753 1031 903 1104 gustatum
926 1019 1106 1104 adplicavit?
1126 1020 1167 1082 ubl

147 1129 150 1135 ·
166 1113 322 1174 odoratum
340 1109 490 1174 inseruit?
512 1112 564 1175 ubi
582 1131 653 1173 vero
672 1113 873 1173 truculentam
890 1113 970 1174 illam
990 1121 1020 1174 et
1044 1114 1166 1191 portione

115 1208 147 1280 ‚3
166 1205 322 1264 maximam
349 1220 452 1263 vocem
478 1198 684 1282 ingeneravit?
713 1220 772 1282 qua
800 1201 963 1263 subtilitate
993 1203 1102 1280 pinnas
1130 1199 1168 1260 ad·

166 1294 285 1373 nexuit,
312 1291 513 1372 praelongavit
534 1291 645 1370 pedum
672 1309 773 1372 crura,
801 1291 947 1372 disposuit
974 1292 1108 1350 ieiunam
1132 1307 1168 1348 ra·

165 1399 249 1442 ream
271 1383 316 1442 uti
339 1381 436 1442 alvum
459 1381 580 1462 avidam,
604 1381 756 1460 sauguinis
784 1388 814 1442 et
840 1381 1032 1460 potissimum
1060 1379 1168 1438 humaui

166 1471 246 1530 sitim
264 1467 412 1530 accendit!
435 1469 528 1530 telum
549 1488 620 1530 vero
643 1469 838 1549 perfodiendo
861 1471 973 1548 tergori
995 1487 1062 1548 quo
1085 1471 1169 1548 spicu-

164 1558 234 1619 lavit
255 1561 389 1642 ingenio,
419 1566 507 1638 atque
530 1559 617 1619 utin
645 1559 759 1640 capaci,
789 1576 858 1618 cum
885 1559 968 1620 cerui
993 1576 1062 1618 uon
1089 1559 1170 1637 possit

165 1647 290 1728 exilitas,
312 1649 466 1728 reciproca
488 1649 640 1726 generavit
663 1655 726 1708 arte
750 1655 784 1708 ut
810 1645 948 1708 fodiendo
976 1649 1170 1708 acuminatum

164 1739 276 1815 pariter
305 1735 513 1815 sorbendoque
544 1736 713 1798 fistulosum
743 1734 837 1798 esset!
870 1754 944 1814 quos
977 1735 1113 1796 teredini
1142 1733 1169 1793 ad

129 1825 341 1904 4perl'oranda
364 1824 472 1885 robora
495 1843 564 1886 cum
587 1843 660 1884 sono
683 1833 761 1886 teste
785 1826 888 1886 dentes
916 1824 1036 1905 adfixit,
1065 1825 1171 1904 potissi·

165 1932 304 1992 mumque
335 1931 351 1972 e
381 1912 461 1992 ligno
492 1913 623 1976 cibatum
645 1911 729 1974 fecitl
759 1914 812 1974 sed
841 1916 1007 1992 turrigeros
1043 1914 1169 1992 elephan-

163 2011 262 2064 torum
286 2004 429 2063 miramur
456 2021 576 2064 umeros
603 2009 818 2082 taurorumque
849 2002 922 2063 colla
951 2010 982 2062 et
1012 2009 1121 2063 truces
1147 2003 1171 2060 iu

164 2091 289 2152 sublime
307 2093 411 2172 iaetus,
429 2093 551 2171 tigrium
568 2093 700 2173 rapinae,
722 2093 843 2153 leonum
860 2091 958 2172 iubas,
982 2109 1058 2170 cum
1081 2109 1172 2150 rerum

163 2187 267 2240 natura
290 2199 436 2258 nusquam
463 2183 556 2260 magis
583 2199 672 2260 quarn
700 2183 732 2242 in
761 2182 891 2242 minimis
920 2188 983 2240 tota
1013 2183 1067 2242 sit.
1113 2197 1172 2258 qua·

162 2276 285 2348 propter
315 2287 439 2350 quaeso,
470 2288 508 2330 ne
538 2269 683 2350 legentes,
716 2272 855 2348 quoniam
887 2287 923 2330 ex
951 2269 998 2330 his
1032 2277 1173 2349 spernunt

162 2356 269 2438 multa,
303 2359 393 2420 etiam
421 2357 514 2419 relata
543 2358 661 2419 fastidio
691 2359 848 2439 damnent,
882 2377 950 2420 cum
980 2361 1012 2418 ιἰι
1048 2367 1172 2419 contem·

161 2446 289 2526 platioue
313 2455 436 2510 naturae
459 2447 533 2506 nibil
555 2450 650 2526 possit
672 2447 766 2509 videri
788 2463 1014 2550 supervacuum.

126 2541 143 2592 t
229 2529 324 2598 3.2
288 2529 339 2618 (2)
370 2535 498 2599 lusecta
509 2535 595 2598 multi
617 2544 764 2616 negarunt
787 2538 914 2616 spirare,
940 2535 1033 2614 idque
1065 2538 1172 2596 ratione

160 2625 388 2706 persuadenteS,
418 2628 558 2704 quoniam
587 2627 701 2686 viscera
728 2627 872 2686 interiora
901 2642 994 2685 nexus
1027 2625 1173 2704 spirabilis

160 2732 220 2774 nou
249 2716 390 2776 inessent.
439 2716 539 2798 itaque
569 2716 668 2776 vivere
698 2722 733 2775 ut
761 2715 864 2794 fruges
895 2712 1099 2794 arboresque,
1127 2713 1172 2773 sed

158 2803 321 2882 plurimum
352 2805 498 2864 iuteresse
528 2805 622 2884 spiret
654 2803 764 2883 aliquid
796 2821 834 2864 an
865 2804 949 2864 vivat.
1000 2803 1114 2864 eadem
1142 2801 1172 2862 de

160 2909 248 2952 causa
271 2911 327 2954 uec
350 2895 525 2972 sanguinem
551 2892 598 2955 his
626 2911 706 2974 esse,
739 2895 790 2972 qui
818 2894 857 2952 sit
882 2891 973 2954 nullis
999 2891 1171 2952 carentibus

160 2979 250 3040 corde
279 2990 367 3063 atquc
397 2984 506 3044 iecore.
560 2983 602 3044 sic
630 2999 687 3045 nec
715 2984 828 3062 spirare
859 2999 893 3041 ea
928 2979 1040 3059 quibus
1077 2981 1172 3062 pulmo

158 3139 370 3150 ---—-——....

228 3227 393 3298 2ruge1l²
419 3227 539 3282 &amiel
565 3228 718 3338 rogam.
744 3243 824 3282 maer
896 3224 1076 3281 3flex1hbus
1094 3227 1169 3280 Μ

158 3297 231 3351 ιιι.
311 3299 605 3368 becciqueeticm.
697 3305 713 3354 ‘t
732 3297 961 3369 q.uamchus
993 3297 1105 3352 famil

158 3373 244 3422 1112
259 3369 431 3423 adnexmte
448 3371 528 3424 ectut
542 3371 569 3424 ll
627 3375 711 3424 1213
727 3386 843 3424 caueam
857 3367 1030 3424 coddBard.
1052 3369 1168 3424 memb.

229 3445 261 3491 13
281 3441 343 3494 diat.
325 3445 416 3508 t.epo
440 3439 779 3510 lpobissimamlffllid.
857 3446 1012 3510 ligonem
1028 3441 1126 3496 uitare
1143 3446 1167 3492 B,

227 3509 287 3560 24·
279 3526 351 3562 mc.
379 3525 429 3564 om.
449 3511 477 3563 ll.
548 3517 582 3564 27
601 3511 675 3565 inter
693 3514 723 3566 ab
740 3529 790 3568 ora
807 3511 881 3566 Dect.
907 3513 991 3568 deleri
1009 3514 1073 3566 cult
1092 3513 1167 3567 Geor·

216 3577 309 3642 philol.
328 3582 452 3632 XXXII
460 3596 490 3648 p.
502 3584 565 3634 690.
638 3587 672 3636 28
690 3583 816 3638 inessent
829 3584 923 3638 Ianus
940 3599 1002 3640 cum
1021 3583 1083 3638 Uri.
1098 3581 1166 3637 clud

221 3650 261 3698 ³8.
290 3650 420 3703 &setlle
493 3655 526 3704 29
546 3650 653 3718 ahquid
671 3653 735 3709 rav
764 3655 841 3710 der.
