2340 3934
186 194 229 258 86
534 191 564 246 C.
582 191 682 246 PLINI
701 190 858 245 suenum

186 362 268 425 pore.
314 346 435 423 sanguis
463 345 493 404 in
520 341 610 403 corde
638 350 668 402 et
696 343 775 402 circa
803 340 907 402 oculos
930 348 1053 419 tantum,
1082 342 1157 398 oisoou

187 435 250 496 siue
274 433 385 513 splene.
430 432 564 494 hibernis
587 430 741 494 mensibus
764 431 835 492 latet
858 439 891 492 ut
914 429 1047 491 lacertae,

134 531 185 582 123
255 518 314 586 34.
339 516 412 606 (52)
454 522 547 583 Mutat
570 521 687 582 colores
710 529 740 581 et
765 520 943 600 Scytharum
966 519 1111 580 tarandrus
1129 539 1157 578 oo

186 612 264 673 aliud
289 631 325 674 ex
349 615 386 674 iis
409 631 483 692 quae
508 611 567 691 pilo
587 612 755 672 vestiuntur
778 612 836 671 nisi
858 612 889 670 iu
912 609 993 672 ludis
1015 609 1117 690 lycaon,
1134 629 1157 668 ru

185 702 285 763 iubata
309 695 442 764 traditur
459 704 567 762 cervix.
612 719 681 761 nam
704 694 790 761 thoes
818 734 861 742 -
888 699 1027 780 luporum
1054 699 1080 759 id
1100 719 1154 777 gun

187 799 232 852 est
251 795 406 872 procerius
425 791 623 871 longitudine,
641 789 786 851 brevitate
806 807 929 852 crurum
947 789 1096 868 dissimile,
1110 788 1157 847 nlo

186 881 275 962 saltu,
298 890 405 942 venatu
430 883 544 962 vivens,
571 883 734 941 innocuum
757 879 870 940 homini
898 915 940 924 ——
969 879 1106 958 habitum,
1128 897 1157 938 oo

134 979 186 1027 124
195 970 339 1052 colorem,
362 979 491 1052 mutant,
514 989 569 1050 per
587 970 701 1031 hiemes
720 969 805 1051 hirti,
824 978 935 1031 aestate
954 969 1037 1031 nudi.
1063 969 1157 1032 tersorio

152 1099 157 1107 ‚
185 1061 356 1139 magnitudo
381 1079 456 1141 quae
479 1059 547 1120 bovi
571 1069 630 1142 ost,
665 1067 753 1140 caput
776 1062 871 1120 maius
894 1062 1017 1120 cervino
1046 1057 1157 1119 neo-sbi

185 1149 267 1230 mile,
298 1170 410 1212 cornua
433 1169 562 1231 ramosa,
591 1149 719 1229 ungulae
742 1148 862 1230 bifidae,
889 1149 978 1210 villus
1001 1147 1157 1228 magnitudis

132 1267 134 1272 ·
185 1257 339 1320 ursorum,
369 1241 436 1322 sed,
466 1258 535 1300 oum
558 1239 645 1300 libuit
668 1241 715 1300 sui
743 1239 852 1299 coloris
876 1258 956 1320 esse,
988 1241 1062 1300 asini
1086 1237 1157 1298 simili:

184 1331 297 1408 tergori
320 1338 401 1390 tanta
424 1329 533 1390 duritia
560 1337 594 1389 ut
617 1329 755 1390 thoraces
784 1348 820 1388 ex
848 1347 884 1389 eo
908 1329 1026 1390 iaciant.
1072 1328 1157 1388 colono

184 1421 317 1480 omnium
354 1418 509 1500 arborum,
546 1419 701 1499 ironicum,
738 1417 847 1479 florum
878 1418 1072 1498 locorumque
1100 1415 1157 1478 reddi

184 1516 321 1569 metuens
350 1510 382 1568 in
410 1507 519 1587 quibus
546 1507 631 1589 latet,
662 1507 789 1587 ideoque
820 1525 888 1568 raro
918 1511 1046 1590 capitur.
1090 1509 1157 1567 miror

185 1606 264 1658 esset
283 1596 416 1658 habitum
441 1599 560 1678 corpori
578 1606 638 1658 tam
659 1597 854 1678 multiplicem
872 1597 949 1678 dari,
974 1597 1124 1659 mirabilius
1139 1609 1157 1658 11

185 1695 214 1746 11
238 1686 314 1747 villo.

132 1782 183 1832 125
253 1770 311 1839 35.
333 1770 407 1861 (53)
440 1777 593 1857 Hystrioes
611 1785 735 1857 generat
753 1777 836 1838 ludia
860 1787 889 1839 et
907 1778 1009 1840 Africa
1033 1780 1107 1858 spino
1121 1783 1157 1840 rod

183 1873 277 1927 tectas
307 1875 341 1928 ut
368 1871 399 1928 ia
427 1869 634 1928 irenaceorum
661 1885 784 1948 genere,
818 1867 870 1928 sed
900 1868 1029 1948 hystrici
1055 1845 1157 1945 longiori

184 1953 279 2016 aculei
303 1965 345 2037 et,
373 1975 441 2018 eum
464 1957 592 2018 intendit
616 1965 728 2039 eutem,
752 1957 888 2018 missiles.
934 1977 988 2019 ora
1012 1957 1156 2038 urguentiu

183 2044 247 2122 figit
270 2063 377 2106 cauum
400 2054 431 2106 et
452 2045 540 2126 paulo
563 2047 681 2125 longius
704 2046 858 2108 iaculatur.
888 2047 1025 2109 hibernis
1048 2043 1156 2109 auteurs

183 2133 336 2194 mensibus
360 2135 474 2216 condit,
498 2155 573 2215 quae
597 2143 703 2196 natura
726 2136 827 2196 multis
851 2145 882 2197 ot
905 2145 974 2198 ante
994 2141 1089 2198 omnia
1108 2135 1156 2196 ursi

130 2228 182 2277 120
251 2217 309 2284 36.
340 2217 415 2307 (54)
464 2225 577 2286 Eorum
607 2228 705 2287 coitus
734 2225 841 2286 hiemis
868 2229 967 2309 initio,
1008 2247 1062 2288 1110
1087 2227 1150 2302 vulga

183 2311 398 2392 quadripedum
419 2333 512 2396 more,
535 2315 586 2376 sed
606 2314 750 2376 ambobus
771 2315 949 2378 cubantibus
972 2317 1144 2397 complexisq

182 2399 251 2461 dein
275 2420 412 2464 secessus
435 2407 465 2465 in
490 2424 598 2485 specus
617 2407 785 2486 separatim,
808 2408 840 2466 iu
859 2406 969 2485 quibus
988 2410 1103 2488 pariunt
1118 2417 1155 2464 ,11

182 2489 229 2550 die
253 2491 414 2570 plurimum
439 2497 554 2573 quinos.
603 2495 633 2554 hi
657 2504 728 2556 sunt
751 2495 874 2556 candida
902 2497 1094 2576 informisque
1114 2493 1155 2558 cau

181 2579 269 2659 paulo
293 2581 430 2643 muribus
453 2586 560 2665 maior,
587 2587 651 2645 sine
676 2585 784 2665 oculis,
812 2587 876 2645 sine
899 2585 972 2667 pilo,
998 2603 1108 2665 ungues
1126 2593 1138 2642 1

181 2676 246 2729 tum
276 2675 454 2750 prominent,
500 2673 575 2734 hanc
606 2673 762 2734 lambendo
793 2673 934 2753 paorlatim
962 2677 1094 2755 figurant.
1130 2691 1142 2730 n

181 2761 341 2838 quicquam
378 2764 475 2822 rarius
512 2781 601 2842 quam
635 2765 800 2842 parientem
837 2763 937 2825 videre
970 2783 1078 2825 ursam.
1121 2759 1152 2821 ide

180 2865 278 2907 mares
302 2850 499 2929 quadragenis
523 2853 628 2918 diebus
651 2853 757 2933 latent,
786 2853 912 2914 feminae
936 2857 1087 2934 quaternis
1109 2867 1154 2911 11111

129 2941 180 2992 121
192 2935 282 2998 sibus.
315 2958 423 3018 specus
443 2943 468 3000 si
487 2960 547 3001 non
565 2942 709 3022 habuere,
733 2961 884 3003 ramorum
903 2944 1099 3022 lnrtioumquo
1118 2959 1149 2998 ro·

181 3022 263 3104 gerie
296 3028 451 3092 aedificant
483 3031 715 3110 inpenetrabiles
744 3031 890 3092 imbribus
923 3033 1061 3112 mollique
1089 3029 1151 3091 lroul

253 3271 411 3327 2-laoertae
429 3279 481 3328 sd.
511 3277 553 3328 -10
571 3291 594 3328 r.
614 3275 799 3342 0101111111.
815 3278 933 3333 1028.
1005 3284 1021 3330 3
1041 3279 1069 3331 01
1084 3273 1153 3326 221

180 3357 231 3396 om.
250 3360 273 3397 r.
345 3351 378 3398 14
396 3345 515 3414 ideoque
533 3346 676 3403 nrdRob.
703 3347 768 3402 ideo
786 3353 838 3402 Ba.
909 3353 941 3402 15
960 3352 1003 3402 est
1020 3349 1124 3402 00121,

176 3421 214 3468 ti
235 3415 333 3484 spinea
351 3422 428 3470 lira.
452 3419 456 3485 1
480 3419 665 3473 0001101000.
692 3422 733 3474 -ia
752 3420 779 3474 ll.
853 3425 886 3473 18
905 3423 939 3474 111
954 3421 984 3474 111
1001 3435 1055 3490 eqo.
1080 3415 1130 3470 sch

180 3502 214 3539 se
233 3504 252 3538 u
270 3504 293 3540 r.
385 3495 416 3542 19
435 3488 541 3542 missile
560 3506 610 3543 ora
628 3492 664 3546 ⁸¹.
694 3490 779 3546 libus
798 3508 847 3546 ora
864 3491 908 3544 122.
937 3490 1130 3546 missorium

182 3623 188 3634 ¹
253 3558 683 3616 commendabamus.
757 3568 792 3616 24
811 3579 934 3618 secessus
952 3561 1050 3616 Fldlr.
1075 3574 1146 3614 reo-⁸

180 3641 237 3677 mo·
257 3627 294 3680 (1¹.
324 3645 416 3684 cessus
435 3647 458 3684 r.
538 3632 741 3688 tibicinii.
815 3639 848 3688 31
868 3633 1085 3706 impenetrabiles
1100 3631 1144 3682 iio

179 3709 235 3746 ros.
256 3697 359 3753 assos.
383 3701 574 3769 penetralibus
593 3703 630 3756 2¹.
655 3704 788 3759 -abilibus
807 3712 836 3760 D.
860 3705 1086 3776 poeuehabilibus
1101 3703 1134 3752 si
