2478 3936
149 165 238 213 mv
550 141 757 198 PRAEFATIO

149 300 251 357 torum
273 314 360 354 nemo
388 295 530 355 disseruit
555 297 677 371 praeter
700 293 864 370 Silliginm,
896 293 960 368 qui,
982 311 1152 370 quemqnam

81 423 90 458 Ι
117 436 127 468 q
150 379 329 446 R'enaonicus
361 384 604 461 disquisitionem
635 383 843 444 Plinianarum
870 383 902 442 II
924 401 952 458 p
977 384 1148 444 Yth-til

151 475 299 535 editiones
327 492 429 534 omncs
460 473 648 533 enumeravit
678 476 709 532 et
738 491 814 549 qnae
845 471 884 531 ad
911 471 1153 548 bibliogrophiam

150 565 303 641 pertinent
321 563 489 640 descripsit,
513 566 616 622 tamen
637 563 669 621 in
691 561 842 621 nonnullis
861 561 934 620 locis
958 561 1080 637 erravit,
1098 581 1155 621 non

151 656 205 714 ahs
228 673 261 714 re
280 653 339 713 erit
356 653 481 712 brevem
502 652 625 711 illarum
647 671 803 712 recensum
825 651 985 710 instituere
1008 651 1040 708 et
1062 651 1153 726 qualos

152 763 204 803 eae
228 743 289 802 sint
313 759 387 818 quas
410 759 475 820 ego·
491 741 615 801 adhibui
643 760 790 818 quemque
817 741 917 800 locum
943 738 1025 800 inter
1053 743 1154 800 octone

150 834 275 893 teneant
298 849 455 907 exponere.

217 922 319 996 Atque
342 919 487 980 editiones
511 920 632 997 quidem
654 919 825 996 publicatae
849 921 920 978 sunt
943 920 1015 978 anto
1038 919 1151 994 primun

151 1009 301 1070 Harduini
323 1010 487 1070 editionem
508 1028 633 1070 numero
659 1011 714 1086 75,
741 1009 795 1068 aod
816 1009 905 1085 pauci
928 1010 1001 1068 sunt
1029 1007 1153 1084 editores,

152 1119 280 1176 quorum
298 1117 391 1176 opera
403 1101 505 1159 textus
524 1098 767 1158 emendationem
785 1099 976 1175 aliquantum
992 1100 1155 1174 procedam

153 1207 217 1248 esse
239 1189 431 1248 iudicandum
454 1189 502 1248 sit.
547 1207 618 1248 nem
645 1189 911 1265 quotienscumque
939 1188 1032 1248 homo
1060 1187 1156 1264 insigni

153 1281 184 1338 et
206 1277 358 1338 doctrinae
382 1279 521 1354 copiast
543 1279 656 1354 ingenii
679 1279 742 1338 acio
764 1277 920 1354 praeditus
948 1277 1054 1336 studia
1075 1277 1158 1339 Plinio

151 1367 351 1444 impenderat,
379 1368 601 1444 insequentium
624 1367 775 1427 editorum
797 1369 919 1427 caterva
945 1366 1082 1444 vestigia
1097 1366 1162 1424 eius

152 1456 317 1533 premebat,
340 1459 376 1516 ut
394 1457 517 1532 grandis
540 1457 593 1516 ille
616 1457 782 1518 editionum
798 1475 942 1516 numerus
965 1475 1029 1516 non
1047 1459 1111 1514 tam
1132 1455 1163 1513 ab

153 1545 302 1605 editomm
325 1563 415 1622 quam
437 1564 456 1604 a
478 1547 741 1623 typographorum
762 1546 913 1606 industria
939 1545 1098 1622 profectus
1124 1545 1163 1603 sit

152 1637 228 1695 tres
248 1635 350 1694 autem
369 1635 455 1711 quasi
478 1635 620 1696 aetates
642 1635 865 1714 progredientis
884 1635 1108 1695 emendationis
1125 1653 1162 1693 us

153 1745 211 1802 que
234 1725 272 1784 ad
295 1724 484 1783 Harduinnm
506 1726 581 1801 puto
605 1725 734 1786 discerni
755 1743 857 1802 posse,
885 1743 1015 1802 quarum
1043 1725 1167 1801 prims,

153 1833 230 1892 quae
258 1813 413 1874 duodecim
442 1815 519 1875 vidit
548 1815 707 1889 editiones,
736 1815 847 1892 viginti
876 1815 936 1874 dno
967 1831 1065 1874 annos
1095 1833 1166 1873 oom-

99 1911 103 1918 '
151 1905 296 1981 plectitur
323 1905 355 1962 et
380 1922 476 1981 usque
504 1905 543 1962 ad
569 1923 595 1963 a.
622 1907 705 1964 1491
734 1905 876 1980 pertinet.
926 1905 1067 1963 omnium
1093 1903 1165 1964 enim

152 1993 353 2070 principem
367 2011 393 2052 a.
411 1995 495 2053 1469
511 1991 675 2054 Venetiis
689 1993 761 2053 facit
775 1993 901 2054 Ioannes
917 1993 1072 2070 Spirensis
1086 1996 1165 2070 typo

154 2081 288 2158 graphus
312 2080 519 2159 Germanicus,
543 2099 619 2159 quae
642 2083 747 2159 editio,
774 2103 843 2142 oum
865 2101 926 2143 non
953 2083 1022 2159 plus
1053 2083 1168 2142 centnm

154 2170 375 2246 exemplaribus
400 2173 525 2248 vulgata
547 2189 612 2232 esse
634 2173 764 2248 feratur,
788 2173 827 2232 ob
850 2173 1011 2234 raritatem
1034 2173 1075 2230 ab
1098 2171 1170 2230 anti-

155 2260 279 2336 quitatis
302 2261 488 2320 amatoribus
510 2263 542 2320 in
565 2262 679 2321 deliciis
701 2261 847 2339 habetur,
874 2261 1043 2320 editoribus
1072 2265 1171 2320 autern

153 2349 310 2425 perpaucis
333 2353 406 2410 nota
428 2351 500 2429 fuit,
526 2351 636 2410 nedum
664 2351 702 2410 ad
729 2369 851 2410 manum
878 2354 967 2410 esset.
1013 2351 1173 2410 Broterius

155 2457 221 2498 eam
244 2457 260 2497 e
283 2439 466 2498 bibliotheca
489 2439 676 2502 Mazarinaca
697 2441 916 2500 commodatam
943 2441 977 2498 in
1003 2459 1097 2499 usum
1124 2440 1174 2498 ad-

154 2529 261 2603 hibuit,
284 2531 354 2605 post
373 2547 441 2587 eum
460 2529 596 2606 Silligius
620 2531 780 2608 exemplar,
804 2530 883 2606 quod
901 2531 950 2588 est
967 2530 1173 2590 bibliothecae

153 2619 297 2695 lenensis,
316 2612 490 2694 ‘diligenter
504 2613 707 2696 examinavit',
725 2619 778 2678 sed
797 2613 825 2678 ‘e
838 2619 939 2680 codice
958 2621 1034 2678 satis
1049 2613 1174 2679 vitioso'

154 2708 336 2784 descriptam
358 2725 425 2766 eam
447 2725 512 2766 esse
531 2707 606 2766 dixit
625 2701 667 2789 (v.
685 2709 779 2785 praef.
793 2729 822 2786 p.
836 2701 958 2790 LXIV),
983 2710 1177 2769 consentiens

153 2798 206 2856 ifle
225 2797 346 2875 quidem
364 2815 432 2856 oum
450 2797 609 2858 ltezaonico
627 2798 676 2857 l.l.
690 2819 719 2874 p.
736 2801 808 2875 279,
827 2799 879 2875 qui
896 2798 1003 2858 multis
1022 2799 1177 2858 maximis·

156 2905 213 2963 que
242 2887 394 2946 erroribus
423 2889 537 2946 scatere
565 2905 632 2946 eam
658 2887 809 2947 iudicavit.
857 2889 954 2948 multo
986 2889 1178 2948 emendatior

155 2993 220 3034 esse
243 2975 353 3034 dicitur
376 2975 494 3034 editio·
511 2975 680 3053 Romane,
709 2994 799 3054 quam
825 2995 902 3038 anno
925 2977 1104 3054 insequenti
1126 2977 1177 3036 ad·

153 3065 252 3124 iutore
267 3063 423 3124 Theodoro
440 3064 519 3124 Gara
538 3066 656 3126 curavit
673 3066 800 3126 Ioannes
814 3065 951 3126 Andreas
966 3067 1085 3126 Buxius
1105 3067 1177 3126 Ale-

134 3201 135 3206 ,
154 3154 260 3214 riensis
280 3154 444 3230 episcopus·
455 3155 486 3212 et
504 3153 592 3213 Pauli
609 3155 640 3214 ΙΙ
657 3173 754 3232 papae
765 3156 973 3216 ¹bibliothecae
990 3157 1177 3234 praefectus,

156 3243 207 3320 qui
224 3243 286 3302 iam
304 3243 375 3301 ante
392 3243 536 3304 Ioannem
554 3243 725 3321 spirensem
743 3245 882 3306 editionis
903 3245 1058 3322 parandae
1084 3265 1178 3306 causa

154 3333 253 3392 Plinio
277 3349 399 3409 operam
421 3336 594 3393 novaverat.
638 3336 767 3412 utraque
789 3353 875 3410 usus,
902 3335 955 3395 sed
982 3337 1029 3394 ita
1054 3339 1095 3396 ut
1116 3337 1177 3396 Ro

154 3440 274 3480 menam
291 3422 468 3498 plerumque
487 3423 668 3484 exscriberet
691 3415 758 3505 (cfr.
772 3425 949 3484 Rezzonicus
968 3426 988 3484 l.
1003 3426 1023 3484 l.
1036 3445 1066 3502 p.
1084 3417 1176 3508 288),

153 3509 319 3569 Venetiis
333 3527 359 3568 a.
376 3512 461 3571 1472
476 3511 648 3572 Nicotaus
666 3513 797 3574 Ienson
810 3515 1021 3592 typographus
1037 3514 1174 3574 Gallicus

160 3597 224 3658 ‘lodi
246 3599 348 3673 Plena
369 3599 494 3660 Seumdi
515 3603 663 3662 odoratis
685 3603 822 3664 historice
844 3605 932 3664 libros
955 3603 1062 3683 edidit,
1088 3605 1174 3664 ouius
