2390 3938
562 55 769 130 nummum
867 143 872 154 .

158 225 279 304 quidem
305 227 430 287 remedii
456 245 516 287 non
543 245 601 306 ego
627 227 767 288 inventor
794 227 876 303 apud
902 227 1026 286 Plinium
1047 227 1134 306 exstiti
1165 206 1173 313 ᾗ

159 317 213 378 sed
229 316 291 376 iam
304 317 395 392 primi
413 317 543 378 editores
557 316 717 393 permultis
730 317 804 376 lucie
822 335 915 375 unam
927 317 1053 393 pluresve
1067 336 1135 377 uoces
1165 330 1176 400 q

159 405 289 466 orationi
301 406 502 484 inseruerunt,
521 425 611 483 saepe
624 406 670 464 illi
684 405 805 482 quidem
817 408 940 482 praeter
952 406 1136 484 necessitatem,
1165 412 1176 501 fu

160 513 237 572 quae
264 498 330 555 erat
356 496 440 555 rudis
468 497 559 572 atque
586 495 714 572 inpolita
741 495 863 554 illorum
893 496 1067 556 saeculorum
1089 514 1137 554 cou-
1166 504 1176 569 *u

160 583 297 661 suetudo,
321 585 374 645 sed
395 603 619 663 nonnumquam
640 588 704 644 tam
727 587 810 662 apte,
833 586 869 643 ut
891 584 979 645 hodie
1001 586 1139 661 quoqnain
1164 544 1172 583 ¹

159 677 245 736 textu
267 675 361 751 vulgo
384 675 580 736 retineantur.
617 673 733 734 codices
756 674 836 734 enirn
854 674 986 734 Pliniani
1006 692 1094 734 omnes
1110 675 1139 731 le
1175 677 1176 729 ὲ

160 763 244 824 cunis
264 762 338 822 adeo
357 764 506 842 laborant,
528 766 564 823 ut
582 764 672 826 huius
690 764 811 840 generis
833 764 979 824 vitiorum
1000 757 1141 840 ‘largiorem
1175 782 1176 819 u

160 853 282 914 messim
311 852 362 912 vix
393 853 473 929 apud
502 854 599 912 ullum
628 854 723 912 alium
754 853 934 930 scriptorem
962 853 1092 912 Latinum
1112 854 1140 910 iu·
1175 873 1176 908 u

160 933 273 1002 veniri'
297 940 433 1020 Silligius
456 943 653 1018 praefationis
676 963 706 1019 p.
727 941 857 1002 XLVIII
881 941 1075 1003 confitendum
1096 959 1142 999 esee
1175 960 1176 998 u

161 1031 326 1107 censuerit,
353 1033 385 1090 et
408 1051 498 1108 quern
520 1033 600 1092 idem
622 1033 655 1092 in
678 1032 873 1108 sequentibus
895 1032 1016 1109 paginis
1037 1031 1142 1090 exhibui
1175 1030 1176 1088 ξ

161 1121 284 1198 longam
307 1122 563 1182 enumerationem
585 1121 790 1198 exemplorum
813 1139 849 1180 ex
876 1122 992 1184 ultimis
1017 1120 1094 1180 libris
1110 1137 1143 1194 pe

161 1211 289 1270 titorum
310 1211 471 1272 manifesto
493 1211 614 1287 putavit
636 1210 814 1270 documento
843 1229 923 1288 esec,
951 1229 1039 1286 quam
1062 1210 1143 1267 misera
1175 1245 1176 1267 u

163 1299 334 1360 condicione
356 1301 486 1376 triginta
507 1301 579 1360 libri
606 1301 722 1376 priores
750 1299 790 1360 ad
815 1319 871 1360 nos
897 1298 1145 1377 pervenissentin
1175 1349 1176 1356 ,

163 1389 272 1466 quibus
296 1389 454 1466 egregium
476 1389 678 1466 antiquissimi
704 1389 815 1449 codicis
837 1389 1068 1466 Bambergensis
1086 1405 1146 1464 prae
1175 1409 1176 1444 u

164 1477 273 1538 sidium
291 1477 378 1537 nobis
397 1477 523 1538 deesset.
557 1478 715 1538 esulanus
733 1481 818 1538 nunt
836 1477 896 1540 litt.
915 1479 1030 1538 Monac.
1046 1477 1143 1536 arsut
1175 1498 1176 1534 u

162 1585 191 1627 n.
216 1569 280 1626 164
303 1587 332 1642 p.
356 1568 421 1627 270
445 1586 509 1644 sqq.
554 1567 635 1644 quud
656 1568 747 1644 paulo
774 1570 844 1643 post
870 1568 1045 1643 planissime
1070 1564 1146 1625 couir-
1175 1571 1176 1622 i

163 1659 279 1715 mutum
292 1658 340 1716 eet
352 1656 533 1716 auctoritate
552 1656 662 1716 codicis
680 1657 821 1732 rescripti
832 1657 873 1733 M,
893 1657 1026 1734 quitum
1042 1655 1146 1730 singulus
1175 1656 1176 1713 i

163 1764 250 1806 voces
262 1747 301 1804 et
313 1745 489 1823 particulas,
507 1747 575 1806 tum
591 1746 709 1808 minora
726 1747 776 1807 vel
794 1746 944 1823 ampliora
963 1745 1147 1806 sententiarum

163 1835 299 1894 membra
317 1826 385 1916 (cfr.
402 1835 521 1896 Peleius
539 1857 568 1912 p.
589 1827 645 1917 10)
670 1837 752 1896 solus
770 1837 905 1912 praebet,
930 1839 1008 1912 quae
1030 1853 1047 1892 a
1068 1831 1146 1893 celeus

165 1924 275 1984 omissa
298 1943 364 1986 esee
387 1927 477 1984 antea
498 1943 585 1988 nemo
609 1925 780 2002 suspicatus
808 1928 889 2002 erat,
915 1925 1083 2000 iterumque
1105 1939 1146 1980 mn·

164 2013 318 2072 firmatum
346 2015 393 2074 est
423 2014 574 2074 codicibus
605 2033 623 2073 a
652 2014 827 2075 Detlefseno
857 2014 956 2092 primo
987 2011 1146 2084 collatisin

163 2103 197 2162 in
215 2099 323 2178 quibus
346 2105 550 2164 correctorum
571 2104 699 2163 maxime
722 2123 814 2180 opere
831 2105 955 2164 lucunas
979 2104 1090 2180 aliquot
1106 2099 1147 2158 feli-

165 2191 240 2250 citer
263 2191 398 2267 expletas
422 2209 488 2252 esse
515 2194 710 2270 cognovimus
738 2185 806 2273 (cfr.
828 2213 897 2255 nov.
920 2194 978 2252 luc.
1001 2213 1031 2269 p.
1054 2194 1099 2252 60.
1117 2191 1146 2247 61.

167 2282 217 2340 63.
239 2273 304 2362 72).
340 2281 435 2366 movit
452 2301 501 2340 me
522 2286 681 2358 praeterea
698 2282 876 2344 Aristotelis
898 2283 1072 2358 auctoritas,
1092 2279 1148 2338 cuius

157 2369 269 2446 libros,
291 2369 471 2447 ubicumque
489 2371 522 2430 in
540 2372 645 2432 eadem
663 2389 698 2432 ac
716 2371 847 2432 Pliniani
865 2371 996 2448 materia
1013 2372 1147 2436 versantur.

166 2459 368 2520 curiosissime
386 2461 601 2538 pervestigari,
624 2479 661 2520 ex
683 2479 741 2536 quo
760 2461 844 2522 fonte
867 2461 1068 2521 certissimam
1086 2459 1148 2517 inter·

166 2549 238 2608 dum
260 2548 297 2609 de
320 2550 434 2609 lacunis
458 2550 661 2610 coniecturam
682 2550 800 2610 hauriri
821 2569 911 2626 posse
939 2550 1102 2609 luculenter
1117 2563 1148 2619 ap

165 2641 253 2716 paret
273 2670 312 2680 —
332 2641 368 2698 ut
389 2658 483 2699 unum
501 2639 670 2718 exemplum
687 2657 798 2716 ponam
817 2671 859 2682 -
879 2658 915 2699 er
933 2639 978 2698 XI
997 2641 1070 2715 230,
1089 2651 1149 2712 quen

165 2729 273 2806 locum,
295 2731 457 2806 postquam
471 2729 629 2793 Pintianus
642 2727 765 2806 ¹primus
783 2729 924 2806 tentavit,
948 2728 1112 2788 Harduinus
1127 2739 1149 2780 cx

166 2817 332 2880 Aristotele
351 2819 491 2894 supplere
505 2819 652 2895 voluerat,
671 2817 723 2876 sed
742 2818 854 2895 etipse
873 2821 904 2877 et
916 2817 1035 2894 posteri
1051 2817 1149 2878 editores

166 2907 340 2967 mutilatum
357 2908 569 2984 vulgaverunt,
592 2907 685 2967 donec
703 2907 813 2967 collato
832 2907 933 2968 codice
951 2908 979 2966 R
996 2907 1149 2966 intellectum

167 2999 214 3056 est
232 2995 419 3056 intercidisse
438 2996 532 3058 verba
553 2997 585 3056 ht
607 2999 743 3058 cumrato
764 3014 824 3057 aua
844 3001 1017 3061 aasmmtar,
1040 2999 1075 3055 ut
1093 3008 1148 3070 pror·

160 3103 219 3152 ¹sus
241 3102 319 3144 nunc
342 3103 410 3144 cum
433 3085 600 3145 Aristotele
623 3086 740 3146 Plinius
762 3087 939 3147 consentiat.
985 3085 1085 3162 itaque
1103 3095 1149 3157 quu-

166 3175 248 3234 niam
274 3192 312 3233 nc
340 3175 447 3252 optimi
477 3174 597 3251 quidem
626 3175 742 3238 codices
771 3175 887 3236 lacunis
916 3178 1039 3248 vacant,
1068 3167 1147 3234 sedin

167 3263 304 3324 omnibus
331 3264 445 3340 passim
471 3283 532 3324 non
558 3263 646 3326 modo
675 3264 797 3342 singula
822 3265 928 3339 verba,
956 3260 1148 3326 verumetiam

161 3353 279 3428 integri
300 3371 407 3412 versus
431 3353 547 3413 scribae
570 3354 655 3413 oculo
674 3357 799 3430 propter
817 3353 991 3414 litterarum
1014 3344 1147 3413 similitudi·

167 3459 237 3501 nem
260 3441 420 3508 aberrante
437 3441 678 3516 interciderunt,
706 3461 804 3520 neque
831 3442 1001 3519 putandum
1028 3445 1073 3502 est
1094 3431 1146 3498 felii

267 3529 379 3607 ubique
406 3531 549 3612 accidisse
576 3531 608 3591 id
635 3531 715 3608 quod
744 3550 833 3608 saepe
861 3531 1007 3592 mollisse
1036 3529 1147 3592 udonus
