2286 3938
19 211 20 254 l

18 309 20 342 ε
116 269 181 336 230
468 287 787 340 c.1>u1u1sucuun1

98 361 109 395 d

17 441 18 444 ’
117 444 252 522 planities
276 445 442 522 contingat,
469 447 498 505 11
524 446 647 523 quodam
667 447 731 506 lacu
754 446 913 526 hospitari,
938 448 1004 508 inde
1030 448 1120 510 lenem

117 527 226 603 fluere,
253 529 301 588 ubi
323 531 484 607 minimum,
509 529 564 590 vll
584 531 691 590 milium
718 549 853 610 passuum
874 531 1051 610 'latitudine,
1077 535 1120 592 uhi

115 611 273 687 modicum,
297 613 453 673 stadiorum
477 611 517 690 G,
539 615 688 675 altitudine
705 633 843 694 nusquam
861 619 974 677 minore
993 635 1121 696 passuum

114 694 182 772 XX,
199 699 357 757 nouissima
369 707 458 776 gente
474 697 666 778 Gangaridum
680 697 877 779 Calingarum.
903 703 986 779 regia
1003 700 1121 763 Pertalis

114 789 245 842 vocatur.
1135 798 1142 838 u

63 871 98 926 06
178 863 229 927 19.
260 866 336 945 Regi
355 867 450 930 LXM
471 870 615 948 peditum,
635 871 749 948 equites
772 868 819 946 M,
843 869 992 949 elephanti
1007 869 1084 931 bod
1099 873 1123 930 11

115 951 266 1027 procinctu
281 951 424 1012 bellorum
440 954 592 1014 excubant.
619 973 740 1032 namque
756 957 816 1015 vita
830 955 994 1015 mitioribus
1012 955 1122 1034 populis

113 1034 248 1095 Indorum
273 1037 465 1116 multipertita
488 1039 612 1117 degitur.
656 1039 791 1100 tellurem
816 1048 974 1114 exercent,
999 1039 1123 1100 militiam

114 1119 162 1178 alii
179 1131 352 1200 capessunt,
379 1141 494 1183 merces
515 1123 563 1182 alii
589 1142 656 1183 suas
678 1123 805 1184 evehunt
831 1133 1030 1202 externasque
1051 1127 1122 1184 inue-

112 1203 199 1283 hunt,
224 1224 273 1266 res
301 1207 431 1284 publicas
463 1209 572 1285 optumi
600 1208 794 1286 ditissimique
822 1217 999 1287 temperant,
1027 1209 1142 1268 11111111

112 1289 252 1367 reddunt,
268 1292 388 1368 regibus
404 1292 545 1352 adsident.
575 1295 702 1370 quintum
720 1311 814 1369 genus
834 1293 1006 1353 celebratae
1023 1293 1122 1352 illicet

112 1391 207 1452 prope
236 1377 266 1434 11
289 1375 465 1452 religionem
485 1395 591 1437 versae
618 1378 781 1455 sapientiae
807 1377 934 1437 deditum
964 1377 1123 1436 voluntaria

111 1475 230 1536 semper
250 1468 345 1519 morte
366 1463 453 1520 vitam
474 1479 600 1522 accenso
621 1464 701 1540 prius
723 1478 798 1538 rogo
822 1462 891 1521 linit.
928 1477 1017 1520 unum
1041 1479 1123 1540 super

111 1541 185 1602 haee
201 1551 248 1602 est
263 1545 430 1605 semiferum
445 1564 479 1606 ac
495 1545 610 1625 plenum
625 1545 736 1605 laboris
753 1547 875 1606 inmensi
892 1554 938 1620 et,
963 1562 1025 1622 quo
1041 1563 1122 1623 supra

111 1626 186 1686 dicta
202 1629 401 1706 eontinentur,
416 1629 540 1690 uenandi
556 1629 730 1708 elephantos
742 1629 943 1708 domandique.
975 1629 1024 1688 his
1036 1638 1120 1704 arant,
1133 1645 1142 1682 u

111 1711 155 1770 his
177 1713 368 1788 invehuntur,
393 1714 465 1774 haec
486 1716 609 1775 maxime
625 1733 737 1774 novere
760 1716 912 1792 pecuaria,
937 1713 981 1772 his
1004 1713 1122 1774 militant

111 1797 303 1877 dimicantque
320 1817 373 1876 pro
389 1799 503 1859 linibus.
543 1800 687 1860 delectum
704 1801 732 1857 in
751 1799 829 1859 bella
845 1800 924 1857 vires
942 1807 1122 1858 11111111-

59 1891 94 1944 67
110 1899 166 1960 que
182 1883 349 1961 magnitudo
367 1884 482 1944 iaciunt.
519 1883 617 1944 Insula
632 1885 661 1942 in
677 1881 776 1961 Gange
795 1891 840 1942 est
855 1900 977 1958 magnae
993 1883 1120 1960 amplitu-

111 1966 184 2026 dinis
201 1977 319 2044 gentem
339 1970 492 2029 continens
515 1987 612 2044 unam,
635 1969 751 2028 nomine
767 1965 1011 2044 Modogalingam.
1046 1965 1141 2052 Ultra,

111 2051 159 2109 siti
182 2061 248 2110 sunt
267 2051 427 2132 Modubae,
454 2052 617 2130 Molindae,
644 2050 763 2112 Uberae
779 2069 842 2112 eum
863 2051 973 2129 oppido
993 2051 1121 2111 eiusdem

110 2137 234 2194 nominis
249 2137 414 2213 magnifico,
429 2135 601 2213 Modresae,
617 2137 709 2211 Preti,
723 2134 875 2212 helissae,
892 2134 1005 2212 Sasuri,
1022 2135 1121 2196 Fassu·
1138 2185 1139 2202 ,

110 2217 173 2296 lae,
191 2217 338 2297 Golebae,
354 2220 544 2298 Orumcolae,
559 2221 657 2298 Abali,
673 2219 823 2280 Thalutae.
855 2237 909 2278 rex
924 2219 1031 2279 horum
1049 2218 1121 2298 pedi·
1138 2203 1139 2232 ¹

110 2311 169 2363 tum
185 2302 260 2382 111,
276 2308 403 2383 equitum
415 2303 516 2380 111111,
535 2306 755 2384 elephantorum
768 2303 824 2364 1111
835 2303 864 2362 M
879 2305 908 2362 11
923 2305 1013 2363 armis
1030 2304 1120 2363 habet.
1136 2347 1137 2414 ,

109 2385 243 2448 Validior
260 2389 364 2450 deinde
381 2411 454 2468 gens
472 2391 625 2465 Andarae,
647 2389 778 2468 plurimis
794 2391 884 2464 vicis,
907 2385 992 2448 XXX
1009 2387 1106 2466 oppidi

110 2490 184 2550 quae
196 2477 284 2533 muris
299 2476 485 2553 turribusque
497 2478 674 2552 muniuntur,
690 2476 755 2551 regi
769 2473 893 2552 praebet
906 2472 1039 2550 pediturn
1051 2471 1074 2532 G
1086 2471 1101 2530 1
1118 2489 1119 2492 ¹

110 2559 237 2636 equitum
258 2556 332 2634 MM,
359 2560 533 2639 elephantos
552 2559 588 2619 M.
623 2559 796 2618 fertilissimi
823 2567 890 2617 sunt
910 2558 972 2616 auri
995 2555 1109 2620 Dardae

57 2649 92 2702 68
108 2643 198 2703 Setae
214 2661 286 2704 vero
301 2653 331 2704 et
353 2647 475 2722 argenti.
509 2644 562 2703 sed
580 2646 672 2702 omnia
689 2642 811 2703 inludia
827 2659 938 2720 prope,
962 2658 1023 2702 uon
1040 2641 1102 2700 mod

108 2731 138 2787 in
154 2727 211 2788 hoc
229 2737 339 2805 tractu,
357 2731 488 2807 potentia
510 2724 700 2806 ela'ritateque
718 2727 892 2787 antecedunt
906 2725 989 2785 Prasi
1008 2725 1108 2802 amplis

109 2814 180 2872 sima
193 2812 265 2872 urbe
278 2813 475 2891 ditissimaque
488 2812 672 2888 Palibothra,
688 2813 762 2872 unde
775 2811 888 2890 quidam
899 2813 992 2888 ipsam
1005 2819 1095 2888 gente

108 2896 294 2958 Palibothros
312 2907 432 2974 vocant,
457 2899 541 2957 immo
559 2915 630 2958 vero
648 2907 766 2958 tractum
785 2899 985 2957 universuma
1010 2895 1109 2972 Gange

108 2984 173 3059 regi
190 3000 290 3041 eorum
310 2981 436 3060 peditum
452 2981 503 3042 DG
519 2981 566 3058 M,
588 2985 713 3060 equitum
728 2980 812 3042 XXX
827 2979 869 3052 M,
897 2979 1093 3058 elephantoru

108 3065 191 3126 Vllll
206 3064 253 3143 M,
272 3084 325 3144 per
341 3085 440 3127 omnes
456 3068 519 3127 dies
535 3067 763 3146 stipendiantur,
790 3065 865 3125 unde
881 3065 1063 3124 coniectatio
1082 3065 1108 3122 11

57 3159 92 3212 119
107 3171 180 3229 gens
197 3169 283 3230 opum
300 3161 354 3212 est.
390 3153 436 3211 Ab
454 3152 498 3212 his
513 3155 541 3210 in
557 3153 698 3212 interiore
720 3153 777 3211 situ
792 3150 951 3210 Monaedes
974 3158 1006 3208 et
1026 3148 1108 3207 Suari

14 3239 17 3244 '
109 3254 229 3315 quorum
239 3254 322 3296 mons
337 3235 448 3296 Maleus
466 3239 495 3296 11
509 3255 567 3315 quo
584 3236 700 3296 umbrae
715 3236 750 3296 ad
767 3236 1001 3314 septentrionem
1016 3233 1107 3292 cadun

107 3322 218 3396 hieme,
238 3330 350 3382 aestate
368 3323 395 3380 11
411 3331 554 3398 austrum,
570 3339 624 3401 per
639 3337 728 3380 senos
745 3339 872 3380 menses.
897 3320 1083 3396 septemtrion

107 3425 145 3466 eo
162 3415 254 3466 tractu
272 3405 363 3466 semel
381 3424 456 3466 anno
472 3406 631 3486 adparere,
649 3424 703 3465 111
724 3407 778 3464 nisi
795 3401 851 3462 XV
866 3403 986 3476 diebus,
1005 3401 1098 3462 Baelo

107 3501 209 3550 auctor
224 3500 287 3568 est,
301 3491 358 3550 hoo
375 3491 448 3550 idern
464 3490 594 3568 pluribus
611 3491 684 3551 locis
705 3490 803 3549 ludiae
820 3490 881 3548 lieri
898 3486 1104 3564 Megasthene¹

107 3577 264 3634 austrinum
284 3575 381 3654 polum
408 3575 469 3636 Indi
489 3575 622 3636 Diamasa
645 3584 758 3634 vocant.
800 3573 900 3632 Amnis
927 3571 1061 3630 Iomanes
1091 3571 1096 3626 i
