2308 3936
116 201 177 266 116
464 214 496 264 c.
517 215 613 264 sunu
635 213 786 265 suenum

113 373 241 435 siderum
258 371 403 434 elementa
419 370 610 450 cogentibus,
633 369 697 431 aliis
714 387 787 432 vero
805 369 1003 433 fundentibus.
1026 373 1073 434 sed
1086 374 1109 434 in

113 458 245 519 dulcibus
259 459 341 536 aquis
357 456 441 518 lunae
456 455 621 518 alimentum
641 473 709 518 esse
727 456 802 515 siout
818 455 848 516 iu
862 458 981 518 marinis
997 457 1074 522 solis.

69 549 121 602 224
163 539 255 604 -102.
277 539 382 621 (105.)
409 539 591 602 Altissimum
615 556 695 601 mare
716 537 772 600 XV
795 538 955 602 studiorum
978 540 1110 602 Fabianus

113 627 207 688 tradit.
246 626 294 687 alii
317 628 348 688 in
363 625 458 686 Ponto
483 644 522 687 err
542 623 668 698 adverso
690 622 871 686 Coraxorum
888 627 987 705 gentis
1003 627 1110 706 (rotant

112 709 211 793 βαθέα
223 711 325 792 Ponti)
340 712 481 772 trecentis
496 711 562 772 iere
573 727 590 770 a
600 710 761 772 ooutiueuti
776 709 879 771 stadiis
889 713 1046 772 inmensam
1056 711 1129 774 alti-s

112 797 238 858 tudinem
254 797 341 857 meris
357 794 482 874 tradunt,
497 795 580 856 vadis
595 811 747 874 numquam
761 795 901 874 repertis.
932 793 1002 859 103.
1018 794 1110 875 (106.)

112 879 270 941 lllirabilius
284 878 430 940 idfaoiunt
446 897 539 960 aquae
554 879 656 940 duloes
675 881 757 940 iuxta
777 881 855 942 mare
880 889 912 940 ut
931 879 1035 940 fistulis
1053 883 1111 941 emi·

113 974 222 1026 santes.
242 982 306 1025 nam
318 982 373 1026 ueo
384 981 521 1043 aquarum
535 972 637 1026 natura
647 963 794 1025 miraoulis
807 973 915 1027 oessat.
932 963 1041 1026 Duloes
1050 968 1111 1024 mari

113 1049 303 1127 invehuntur,
325 1048 456 1110 leviores
477 1048 668 1110 hauddubie.
702 1047 772 1109 ideo
794 1057 824 1110 et
838 1050 983 1128 marinae,
1005 1066 1113 1128 quarum

113 1141 213 1194 nattum
233 1135 370 1212 gravior,
387 1135 480 1212 magis
501 1135 619 1195 invecta
637 1134 790 1195 sustinent.
832 1131 978 1206 Quaedam
999 1151 1067 1196 vero
1086 1143 1112 1194 et
1120 1156 1141 1196 ιι

113 1218 214 1280 duloes
228 1221 305 1280 inter
327 1237 360 1279 se
377 1227 563 1297 supermeant
577 1218 666 1297 alias,
686 1225 718 1278 ut
738 1219 768 1278 iu
784 1217 895 1280 liueino
911 1219 974 1280 lanu
990 1221 1112 1280 iuuentus

115 1305 215 1380 amuis,
230 1306 260 1364 in
274 1303 360 1364 Lario
378 1303 497 1382 Addua,
515 1303 545 1364 iu
558 1302 716 1364 Verbauuo
731 1302 859 1381 Ticinus,
875 1305 906 1364 iu
919 1303 1035 1364 benaco
1049 1302 1114 1363 lilin-

114 1389 188 1465 oius,
202 1389 231 1448 in
247 1387 378 1448 Sebinno
394 1385 499 1465 Ollius,
517 1389 547 1447 in
564 1385 710 1449 Lemanno
725 1386 900 1466 Rhodanus,
915 1387 1054 1450 hlutrans
1069 1387 1114 1448 Al·

114 1489 182 1550 pes,
200 1473 371 1550 superiores
387 1473 418 1530 iu
428 1471 522 1550 ltalia,
537 1470 690 1532 multorum
704 1471 813 1532 milium
824 1475 948 1532 transitu
960 1473 1115 1552 hospitales

114 1573 182 1615 suas
204 1563 312 1616 tantum
336 1573 392 1616 nee
418 1555 564 1634 largiores
589 1573 674 1635 quarn
694 1557 820 1618 intulere
836 1574 925 1635 aquas
949 1557 1113 1619 evehentes.
1123 1577 1144 1617 ιι

71 1649 122 1700 225
136 1640 280 1719 proditum
294 1639 351 1701 hoo
366 1648 397 1701 et
411 1641 442 1700 in
458 1639 569 1702 Oronte
581 1659 663 1702 amne
676 1641 781 1716 Syriae
792 1641 948 1726 multisque
960 1643 1036 1704 aliis.
1054 1640 1116 1714 Qui·

114 1726 177 1786 dam
192 1741 265 1786 vero
281 1725 349 1786 odio
367 1726 454 1786 maris
469 1727 533 1805 ipsa
550 1726 676 1786 subeunt
691 1725 774 1804 vada,
791 1728 867 1786 siout
883 1726 1042 1805 Arethusa,
1055 1728 1115 1787 lons

114 1809 314 1887 Syracusanus
327 1812 357 1871 in
374 1827 432 1890 quo
442 1810 601 1871 redduntur
615 1812 691 1871 iaota
701 1812 731 1871 in
743 1810 888 1890 Alpheum
899 1813 948 1890 qui
961 1829 1016 1891 per
1027 1809 1116 1887 Olym·

114 1899 190 1974 piam
209 1894 303 1956 iluens
320 1895 573 1975 Peloponnesiaco
591 1895 671 1956 litori
686 1896 855 1958 infunditur.
882 1896 1014 1957 Subeunt
1028 1904 1117 1956 terras

114 1997 274 2057 rursusque
300 1979 458 2040 redduntur
475 1979 570 2057 byeus
593 1982 623 2041 in
643 1979 731 2060 Asia,
759 1979 898 2042 Erasinus
921 1983 951 2041 iu
971 1981 1150 2068 Argolicam,

115 2061 212 2140 Tigris
229 2064 259 2121 in
278 2062 505 2142 Mesopotamia,
529 2073 560 2124 et
580 2083 654 2144 quae
679 2067 709 2127 io
724 2064 882 2146 Aesoulapi
898 2067 980 2126 iente
998 2065 1117 2127 Athenis
1149 2071 1150 2123 l

114 2155 298 2207 merserunt
316 2149 346 2208 in
362 2145 515 2210 Phalerico
531 2148 706 2228 redduntur,
723 2159 754 2212 et
769 2152 798 2210 iu
813 2149 933 2212 Atinate
949 2167 1051 2231 eampo
1073 2151 1118 2210 ilu-
1148 2227 1149 2230 Ἴ

115 2232 180 2290 vius
197 2247 311 2292 mersus
332 2239 401 2311 post
418 2230 475 2293 XX
489 2231 518 2292 Μ
534 2251 613 2312 pass.
633 2237 710 2313 exit,
731 2243 762 2295 et
781 2236 812 2294 in
829 2232 1013 2313 Aquileiensi
1032 2235 1119 2296 Tima-
1148 2233 1149 2299 l

73 2321 125 2374 226
141 2333 203 2375 uus.
242 2313 321 2376 Nihil
339 2319 369 2377 in
385 2315 553 2396 Asphaltite
576 2317 702 2380 Iudaeae
724 2318 787 2379 laon
811 2320 859 2396 qui
880 2319 1009 2380 bitumen
1029 2322 1119 2399 gignit

115 2401 208 2477 mergi
223 2408 339 2480 potest,
363 2419 419 2464 nee
439 2403 468 2462 in
485 2401 642 2464 Armeniae
658 2403 777 2463 maioris
791 2401 927 2466 Aritissa.
966 2405 991 2466 is
1008 2387 1148 2483 quidemesl

115 2484 243 2544 nitrosus
260 2486 358 2564 pisees
374 2485 433 2550 alit.
472 2485 505 2546 lu
521 2487 682 2548 Sallentino
698 2488 778 2548 iuxta
794 2487 931 2566 oppidum
945 2487 1119 2550 Manduriam

117 2566 196 2628 leons
212 2568 247 2628 ad
261 2573 408 2652 margines
423 2570 527 2652 plenus
545 2588 641 2650 neque
657 2571 807 2633 exhaustis
824 2573 907 2650 aquis
921 2574 1059 2636 minuitur
1075 2593 1119 2634 ne·
1146 2575 1147 2647 l

116 2668 171 2728 que
197 2652 298 2713 inlusis
320 2665 453 2734 augetur.
489 2655 522 2716 Ιιι
539 2653 677 2717 Oieouum
693 2656 810 2717 ilumine
834 2665 865 2716 et
884 2658 913 2716 in
929 2657 1039 2718 Pisone
1061 2659 1119 2719 latu

115 2733 221 2796 Veline
237 2736 344 2816 lignum
360 2739 505 2803 deiectum
516 2740 633 2820 lapideo
649 2744 760 2802 cortice
776 2740 938 2820 obducitur,
951 2751 982 2802 et
995 2744 1025 2802 iu
1037 2743 1119 2803 Surio
1145 2737 1146 2824 l

117 2816 264 2914 delphidis
286 2821 404 2886 flumine
424 2826 498 2887 adso
517 2834 549 2885 at
569 2824 695 2904 lapidem
715 2825 887 2905 plerumque
910 2825 1016 2888 durans
1033 2827 1145 2888 adbuoo

116 2909 228 2979 retegat
247 2914 360 2967 cortex.
398 2909 533 2970 similiter
556 2911 586 2970 in
610 2909 724 2972 flumine
744 2909 839 2974 Silero
861 2909 936 2971 ultra
953 2911 1120 2974 Surrentum
1144 2935 1145 2998 p

40 2993 46 3002 ·
116 2999 174 3043 nou
191 2987 316 3063 virgulta
338 2993 424 3054 modo
439 2995 565 3055 inmersa
580 3009 680 3054 verum
701 3004 731 3056 et
746 2993 817 3056 lolia
835 2994 1035 3074 lapidescunt,
1054 2998 1120 3058 alias

116 3067 225 3129 salubri
235 3077 307 3148 potu
320 3076 383 3136 eius
399 3095 500 3156 aquae.
533 3077 566 3140 ln
579 3078 659 3138 exitu
669 3079 781 3158 paludis
792 3079 936 3142 Reatinae
949 3098 1051 3142 saxum
1063 3101 1120 3143 ere·
1143 3105 1144 3171 l

116 3153 171 3210 seit
190 3153 234 3231 [et
248 3155 278 3214 in
293 3157 383 3220 rubro
392 3163 463 3224 mari
477 3161 562 3225 oleae
578 3163 769 3244 virentesque
784 3164 905 3226 irutiees
922 3167 1118 3246 enascuntur}

73 3242 122 3292 '227
142 3235 201 3335 §ed
220 3237 345 3339 Ιΐιιιιιίιιιιι
365 3247 553 3324 plurimorum
575 3257 677 3312 natura
699 3251 771 3311 mira
796 3258 843 3310 est
868 3249 1007 3330 fervore,
1034 3253 1143 3346 idquesp

117 3329 203 3381 atram
218 3341 247 3382 ιιι
264 3326 341 3402 rugis
359 3329 490 3412 Alpium,
516 3333 642 3415 ipsoque
662 3336 692 3396 in
709 3337 797 3412 mari,
818 3342 850 3394 ut
868 3335 947 3396 inter
960 3334 1074 3398 ltaliam
1094 3345 1119 3396 et

116 3406 270 3468 Aenariam
286 3417 316 3469 et
331 3412 360 3474 in
375 3413 482 3479 baiano
499 3421 579 3498 sinu,
598 3421 628 3481 et
645 3422 674 3480 in
691 3419 749 3480 Liri
766 3419 854 3480 iluvio
869 3420 1025 3500 multisque
1050 3423 1117 3482 aliis.

116 3506 180 3550 uam
194 3491 285 3554 duleis
302 3493 420 3562 haustus
436 3503 465 3563 in
480 3507 550 3565 mari
568 3505 698 3586 plurimis
716 3505 807 3584 loeis,
832 3513 862 3565 ut
884 3505 920 3568 ad
935 3503 1118 3568 chelidonias
