2572 3936
314 195 321 202 .
348 143 432 198 unu.
451 143 543 198 HIST.
562 143 601 198 XI
621 150 706 198 v-11
728 146 836 215 (v-10)
1032 147 1099 213 215

85 301 153 355 tura
179 293 296 373 scabra,
328 291 419 372 pedes
446 295 563 372 priores
590 301 702 376 rostro,
734 301 873 374 totaeque
901 304 1024 358 onustae
1052 316 1098 358 re·

20 431 21 462 ,
86 391 186 443 meant
208 384 324 443 sarcina
350 380 502 460 pandatae.
549 383 700 461 excipiunt
728 401 778 444 eas
806 391 908 445 ternae
936 393 1098 465 quaternae

20 465 21 470 ’
86 489 161 552 quae
189 477 359 532 exonerant.
405 479 474 531 sunt
505 473 583 530 enim
613 474 693 532 intus
723 491 841 552 qnoque
872 473 968 534 oflicia
998 474 1098 536 divisa.

20 613 21 636 2
86 561 159 622 aliae
182 568 315 643 struunt,
345 559 417 621 aliae
440 560 569 641 poliunt,
599 560 671 620 aliae
696 569 873 644 suggerunt,
903 562 974 624 aliae
999 563 1098 625 cibum
1117 573 1150 622 22

20 645 21 710 ]
55 659 258 730 acomparant
281 669 317 711 ex
341 668 376 710 eo
400 649 478 729 quod
503 648 631 710 adlatum
655 659 708 712 est.
754 670 852 731 neque
880 655 960 712 enim
983 672 1098 733 separa·
1140 713 1142 716 ,

20 735 21 740 ’
85 742 140 800 tim
163 747 338 821 vescuntur,
366 757 403 800 ne
432 739 624 818 inaequalitas
646 742 746 818 operis
769 748 800 801 et
822 740 882 802 cibi
904 741 954 802 liat
977 750 1006 802 et
1024 749 1098 802 tern-

85 830 177 907 poris.
229 836 350 889 struunt
380 846 465 889 orsae
496 846 512 888 a
542 831 794 890 concamaratione
829 830 885 891 alvi
924 839 1099 911 textumque

79 913 168 978 'velut
191 936 208 977 a
231 935 345 978 summa
368 917 426 978 tela
445 917 606 999 deducunt,
628 917 772 979 limitibus
795 918 873 979 binis
896 921 975 980 circa
998 923 1098 1000 singu·

86 1005 131 1066 los
161 1013 259 1086 actua,
289 1013 322 1066 ut
352 1005 416 1066 aliis
445 1009 571 1087 intrent,
601 1005 665 1066 aliis
695 1013 810 1068 exeant.
855 1008 913 1068 lavi
943 1011 1097 1088 superiore
1117 1015 1151 1066 23

45 1108 73 1146 1⁰
87 1103 172 1175 parte
196 1094 296 1176 adfixi,
320 1103 350 1155 et
372 1094 494 1173 paulum
517 1097 605 1156 etiam
631 1094 774 1156 lateribus
803 1096 890 1157 simul
917 1097 1041 1158 haerent
1069 1107 1098 1159 et

86 1184 218 1263 pendent
240 1186 306 1243 ima.
351 1183 449 1244 alvum
471 1203 531 1244 non
559 1185 748 1266 contingunt,
776 1193 848 1246 tunc
875 1184 999 1266 obliqui,
1027 1195 1099 1247 tunc

86 1271 221 1354 rotundi,
244 1272 370 1350 qualiter
392 1275 528 1353 poposcit
550 1273 644 1354 alvus,
668 1272 823 1352 aliquando
847 1282 877 1334 et
900 1275 1028 1336 duorum
1051 1293 1098 1354 ge·

87 1380 208 1442 nerum,
236 1380 304 1422 cum
327 1362 386 1422 duo
410 1364 544 1422 examina
571 1362 770 1423 concordibus
796 1361 914 1442 populis
942 1363 1100 1424 dissimiles

87 1449 218 1511 habuere
238 1452 322 1511 ritus.
358 1459 480 1512 ruentes
499 1469 583 1511 ceras
602 1450 738 1533 fulciunt,
761 1452 888 1531 pilarum
912 1453 1099 1532 intergerivis

44 1551 105 1600 15a
128 1540 191 1600 solo
219 1539 385 1622 fornicatis,
412 1558 449 1600 nc
477 1539 554 1601 desit
582 1541 678 1600 aditus
706 1541 742 1600 ad
771 1541 966 1602 sarciendum.
1011 1543 1100 1620 primi
1119 1548 1154 1597 24

88 1629 152 1689 fere
174 1636 237 1689 tres
260 1645 364 1689 versus
388 1631 490 1689 inanes
514 1637 681 1711 struuntur,
704 1647 741 1690 ne
764 1637 936 1710 promptum
959 1633 997 1690 sit
1021 1629 1100 1710 quod

88 1720 193 1779 invitet
215 1717 372 1778 iurantem'.
405 1719 554 1778 novissimi
579 1721 705 1778 maxime
728 1719 879 1798 inplentur
902 1718 997 1779 melle.
1034 1717 1100 1779 ideo

89 1825 192 1868 aversa
215 1806 278 1867 alvo
306 1807 364 1867 lavi
391 1807 570 1868 eximuntur.
616 1807 736 1886 gerulae
764 1808 910 1868 secundos
938 1807 1026 1868 ssatus
1054 1825 1100 1868 ca-

88 1903 181 1977 ptant.
227 1897 253 1956 si
273 1897 423 1956 cooriatur
441 1895 580 1978 procella,
603 1895 780 1976 adprehensi
801 1896 986 1976 pondusculo
1010 1895 1102 1976 lapilli

47 1997 78 2038 20
92 2003 124 2046 se
147 1983 265 2046 librant.
302 1984 422 2064 quidam
445 1987 475 2044 in
499 2003 619 2046 umcros
643 2003 712 2046 eum
734 1987 836 2064 inponi
859 1986 988 2047 tradunt.
1020 1988 1102 2047 iuxta

88 2093 159 2135 vero
182 2082 293 2136 terram
315 2073 414 2135 volant
434 2077 467 2154 in
486 2074 608 2135 adverso
627 2075 698 2135 ilatu
717 2074 856 2153 vepribus
876 2076 999 2135 evitatis.
1027 2076 1102 2134 mira
1120 2079 1155 2130 25

89 2163 255 2224 observatio
284 2165 396 2242 operis:
428 2166 608 2224 cessantium
636 2165 774 2223 inertiam
801 2171 916 2246 notant,
949 2166 1101 2244 castigant,

89 2271 158 2312 mox
181 2259 211 2312 et
233 2254 362 2330 puniunt
384 2259 489 2312 morte.
521 2253 596 2312 mira
618 2251 777 2312 munditia:
800 2253 981 2313 amoliuntur
1004 2253 1102 2312 omnia

91 2360 108 2403 e
135 2339 246 2421 medio,
279 2339 435 2419 nullaeque
469 2343 548 2400 inter
579 2359 669 2418 opera
697 2341 856 2420 spurcitiae
888 2344 997 2422 iacent3
1030 2343 1102 2420 quin

46 2442 75 2483 2⁵
91 2437 121 2490 et
154 2435 343 2489 excrementa
374 2430 561 2507 operantium
591 2431 689 2508 intus,
725 2448 763 2488 ne
799 2429 916 2508 longius
952 2429 1102 2512 recedant,

90 2537 185 2579 unum
215 2524 354 2596 congesta
384 2519 414 2576 in
441 2517 540 2576 locum
566 2516 694 2577 turbidis
722 2516 827 2578 diebus
854 2526 884 2578 et
913 2520 1012 2597 operis
1042 2520 1102 2578 otio

91 2603 225 2687 egerunt.
272 2624 340 2666 cum
369 2605 599 2687 advesperascit,
626 2608 658 2666 in
685 2605 749 2666 alvo
777 2614 915 2686 strepunt
942 2609 1041 2667 minus
1070 2625 1102 2666 ac
1121 2614 1158 2664 26

91 2699 199 2778 minus,
222 2695 317 2756 donec
340 2713 399 2755 una
422 2695 615 2756 circumvolet
638 2695 743 2756 eodem
762 2713 821 2774 quo
841 2697 978 2756 excitavit
995 2695 1103 2755 bombo

62 2843 66 2847 ,
92 2804 148 2847 ceu
178 2787 309 2866 quietem
344 2803 450 2864 capere
479 2787 642 2865 imperans,
675 2793 707 2846 et
737 2783 794 2846 hoc
823 2792 990 2846 castrorum
1012 2801 1104 2844 more.

49 2890 78 2930 ao
91 2883 164 2936 tunc
193 2881 318 2955 repente
351 2891 454 2934 omnes
486 2875 699 2934 conticescunt.
756 2867 805 2936 ll.
843 2873 946 2934 domos
976 2875 1106 2953 primum

91 2963 190 3044 plebei
219 2962 426 3045 exaedificant,
461 2962 567 3024 deinde
594 2962 725 3043 regibus.
775 2965 801 3024 si
830 2971 968 3043 speratur
996 2962 1106 3042 largior

166 3212 324 3260 tmrsusee
338 3223 362 3260 a.
379 3205 383 3270 Ι
400 3203 646 3260 concameratione
656 3221 681 3260 c.
710 3219 777 3259 -ava
789 3206 845 3258 rab
860 3205 888 3259 u.
961 3202 1107 3259 8uelut1t

93 3277 185 3350 Hand.
213 3277 329 3331 uclsbn.
356 3277 451 3330 oleti.
479 3275 564 3331 uelist
577 3294 601 3330 a.
629 3277 676 3331 vel
689 3292 778 3346 usqne
792 3277 851 3330 edd.
866 3280 930 3330 onte
943 3275 1035 3330 Hard.

94 3355 127 3404 11
151 3347 209 3402 ima
227 3348 254 3402 ll.
286 3363 342 3401 una
363 3364 392 3410 n,
420 3347 506 3402 imam
530 3347 655 3418 (alvrim)
677 3347 750 3402 Dect.
780 3349 784 3416 Ι
818 3348 885 3402 bunc
904 3347 976 3401 Detl.
1009 3361 1059 3400 om.
1079 3347 1106 3400 ll.

92 3435 168 3476 nunc
185 3435 211 3474 c.
236 3420 241 3484 Ι
264 3419 332 3473 tunc
349 3422 422 3472 ned.
450 3435 524 3472 nunc
541 3420 641 3488 ii(h)a.
733 3425 767 3475 in
786 3417 954 3490 apprehensi
973 3417 1030 3472 Gal.
1058 3417 1108 3471 -sis

93 3493 121 3548 u.
148 3493 151 3560 Ι
176 3489 270 3562 lapilli
288 3505 317 3544 se
337 3489 393 3544 cet.
422 3489 469 3543 -lis
487 3490 515 3544 ll.
544 3489 599 3556 cfr.
612 3491 732 3562 Quintil·
747 3491 765 3546 1.
784 3493 802 3546 1.
892 3495 925 3544 21
946 3488 1058 3545 enitatis
1077 3493 1109 3543 R.

94 3562 238 3618 euacuabis
258 3559 340 3615 e²di¹.
374 3560 501 3615 cuauatis
519 3561 590 3616 Ital.
677 3569 712 3616 24
730 3579 745 3618 c
763 3581 787 3617 n.
816 3579 866 3618 om.
886 3563 913 3617 ll.
1004 3566 1038 3616 29
1057 3561 1110 3615 im·

93 3651 195 3706 perans
214 3634 384 3688 dieraco.
412 3631 577 3702 impetretis,
593 3633 645 3704 (in-
663 3636 696 3704 n)
713 3651 737 3689 r.
764 3634 917 3705 inperitans
935 3633 970 3688 iis
989 3632 1051 3689 stit.
