2302 3938
125 186 185 249 136
502 198 810 249 commanerem

123 356 282 435 Anagnini,
305 353 449 430 Atellani,
462 353 609 430 Aelulani,
627 353 799 434 Arpinates,
821 355 1010 434 Auximates,
1033 357 1115 420 Abel·

123 441 197 518 lani,
220 439 364 501 Alfaterni
387 448 415 499 et
431 442 480 523 qui
496 459 534 501 ex
553 456 625 517 agro
640 437 740 499 batino
762 440 830 500 item
844 439 972 502 Hernico
989 444 1059 503 item
1071 443 1117 504 ba-

122 526 227 588 bicano
244 524 496 602 cognominantur,
522 523 679 600 Fovellae,
704 520 851 600 Galatiae,
869 522 1019 602 Casinum,
1039 525 1118 588 Gale-

122 631 203 688 num,
228 607 390 688 Capitulum
404 607 579 685 Harpalum,
602 606 757 670 Cernetani
773 609 822 688 qui
838 607 959 672 blaniaci
976 613 1118 689 cognomi-

122 703 239 772 nantur,
257 691 362 754 Gorani
379 712 395 753 a
411 693 548 755 Dardano
564 693 690 754 Troiano
713 694 786 768 orti,
804 691 998 771 Cubulterini,
1017 692 1136 758 castri-s

79 782 305 856 ddmouieuscs,
323 775 490 855 Cingulani,
506 779 666 840 Fabienscs
684 779 713 838 in
727 787 824 839 monte
841 778 975 856 Albano,
992 779 1119 861 Foropu·

123 866 271 946 pulienses
290 879 328 922 ex
342 860 486 937 Falerno,
502 862 686 940 Frusinates,
702 861 921 940 Ferentinates,
939 863 1119 943 Freginates,

123 948 293 1010 Fabraterni
304 946 443 1023 Veteres,
459 945 629 1009 Fabraterni
637 945 727 1024 Novi,
744 944 928 1024 Ficolenses,
944 947 1120 1028 Fregellani,
1148 971 1149 1014 l

118 1029 225 1090 Forum
241 1033 332 1112 Appi,
347 1031 516 1112 Forentani,
532 1031 646 1108 Gabini,
662 1031 874 1094 interamnates
890 1031 1025 1092 Sucasini
1038 1034 1085 1111 qui
1100 1042 1124 1092 et
1148 1047 1149 1070 ³

119 1112 270 1176 Lirenates
281 1125 434 1191 vocantur,
450 1116 625 1194 llionenses,
640 1115 770 1192 Lanuini,
786 1115 928 1193 Norbani,
942 1115 1123 1182 Nomentani.¹
1135 1137 1149 1180 a

120 1199 298 1261 Praenestini
313 1197 386 1259 urbe
400 1200 543 1280 quondam
558 1199 707 1279 Stephano
723 1200 817 1277 dicta,
840 1199 1049 1281 Privernates,
1072 1206 1119 1266 Se·

119 1286 179 1361 tini,
196 1285 316 1362 Signini,
333 1283 519 1361 Suessulani,
536 1283 675 1362 Telesini,
694 1283 852 1346 Trebulani
866 1288 1045 1364 cognomine
1061 1289 1119 1349 Fal-

121 1370 276 1444 linienses,
295 1366 437 1443 Treboni,
456 1367 622 1445 Tusculani,
639 1367 789 1446 Verulani,
805 1369 959 1448 Veliterni,
977 1371 1119 1434 Ulubren-

77 1461 185 1529 65ses,
201 1451 376 1528 Urbaoatcs,
394 1469 541 1532 superque
556 1452 649 1515 lloma
669 1454 749 1533 ipsa,
775 1455 856 1516 cuius
877 1473 983 1517 nomen
999 1457 1120 1518 alterum

119 1538 219 1598 dicere
240 1537 353 1597 arcanis
375 1537 612 1598 caerimoniarum
633 1538 718 1599 nefas
740 1537 878 1615 babetur,
907 1541 1080 1622 optimaque
1095 1551 1145 1601 atr

120 1621 238 1684 salutari
250 1621 307 1682 lide
319 1619 457 1683 abolitum
469 1623 625 1684 enuntiavit
635 1622 770 1684 Valerius
781 1624 920 1701 Soranus,
932 1626 1048 1706 luitque
1060 1643 1122 1688 mor
1149 1651 1150 1674 1

119 1723 240 1792 poenas.
273 1703 338 1768 Non
357 1705 481 1769 alienum
501 1709 615 1769 videtur
636 1709 768 1768 inserere
791 1707 849 1768 boc
870 1709 938 1769 loco
957 1712 1122 1791 exemplum

118 1795 270 1874 religionis
283 1795 427 1874 antiquae,
445 1793 483 1854 ob
499 1792 556 1856 boc
572 1790 696 1853 maxime
715 1791 858 1854 silentium
869 1794 1029 1856 institutae.
1049 1814 1122 1858 nam·

120 1899 177 1960 que
193 1881 258 1941 diva
271 1879 438 1957 Angerona,
456 1879 502 1939 eui
518 1877 733 1939 sacrificatura.
748 1877 775 1940 d.
787 1876 851 1938 XII.
864 1877 984 1942 kalend,
996 1877 1121 1954 Ianuar,

76 1976 112 2032 66
119 1983 171 2026 oro
187 1964 316 2042 obligato
329 1963 540 2043 obsignatoque
552 1961 735 2023 simulacrum
746 1961 843 2023 babet.
866 1961 977 2024 Urbem
986 1969 1148 2045 uesper-e

119 2059 163 2110 tas
178 2049 334 2108 habentem
351 2045 490 2107 Romulus
506 2047 638 2128 reliquit,
655 2056 702 2108 aut
718 2046 764 2126 (ut
781 2043 933 2125 plurimas?
942 2048 1124 2110 tradentibus

120 2133 287 2210 credamus)
304 2140 445 2211 quattuor.
472 2133 585 2192 moenia
601 2132 663 2192 eius
679 2131 831 2210 collegere
845 2131 951 2192 ambitu
966 2133 1123 2212 imperato·

119 2218 199 2278 ribus
216 2215 445 2295 censoribusque
462 2215 653 2295 vespasianis
667 2233 742 2278 anno
759 2215 892 2277 conditae
908 2213 1122 2280 DGGGXXVI.

120 2319 198 2381 pass.
216 2297 284 2361 Xlll
299 2299 328 2360 bi
344 2297 404 2367 GC,
431 2301 576 2380 conplexa
598 2310 711 2362 montes
727 2311 850 2380 septem.
863 2302 926 2379 ipsa
943 2302 1085 2364 dividitur
1099 2305 1124 2360 iu

120 2386 258 2463 regiones
281 2385 524 2464 quattuordecim,
549 2387 675 2466 compita
697 2385 799 2448 Larum
825 2382 962 2446 cclxv.
993 2387 1150 2448 eiusdem

121 2471 243 2550 spatium
267 2487 400 2530 mensura
425 2481 559 2532 currente
576 2490 593 2532 a
613 2471 734 2532 miliario
757 2472 785 2531 in
809 2471 904 2550 capite
922 2469 1049 2536 Romani
1072 2473 1127 2533 fori

121 2564 225 2617 statuto
242 2553 278 2615 ad
300 2555 427 2634 singulas
451 2565 565 2635 portas,
589 2573 664 2636 quae
686 2563 751 2615 sunt
767 2554 855 2616 hodie
871 2567 992 2632 numero
1007 2558 1128 2635 triginta

121 2649 234 2720 septem
252 2641 291 2701 ita
306 2649 336 2700 ut
354 2639 506 2700 duodecim
527 2639 619 2700 semel
640 2647 826 2700 numerentur
841 2649 1127 2721 praetereanturque

121 2745 159 2786 ex
174 2724 322 2786 veteribus
335 2733 448 2803 septem
463 2743 537 2804 quae
552 2742 619 2784 csse
635 2725 792 2800 desierunt,
810 2723 902 2785 eillcit
917 2741 1058 2803 passuurn
1075 2744 1128 2806 per

77 2810 111 2866 67
122 2810 261 2871 directum
286 2808 341 2870 XX
363 2806 574 2869 nucctxv.
600 2809 637 2870 ad
658 2818 788 2870 extrema
809 2825 882 2868 vero
899 2815 1045 2872 tectorum
1063 2829 1151 2871 curu

5 2913 8 2920 ’
122 2893 225 2955 eastris
240 2894 395 2972 praetoriis
411 2892 565 2954 abeodem
576 2893 697 2955 miliario
714 2911 769 2974 per
783 2893 867 2954 vicos
879 2895 1004 2955 omnium
1014 2896 1128 2956 viarum

120 2995 255 3038 mensura
278 2978 390 3055 colligit
411 2977 498 3057 paulo
521 2978 644 3057 amplios
664 2978 848 3058 septuaginta
873 2978 952 3040 milia
977 2997 1128 3060 passuum.

122 3062 199 3143 quod
224 3062 248 3121 si
273 3063 336 3142 quis
359 3061 535 3140 altitudinem
557 3071 699 3124 tectorum
725 3063 828 3139 addat,
851 3063 964 3142 diguam
987 3065 1130 3144 proiecto

121 3147 357 3209 aestimationem
375 3147 535 3226 concipiat,
558 3148 740 3227 fateaturque
761 3147 866 3208 nullius
883 3148 964 3210 urbis
985 3150 1130 3226 magnitu-

121 3232 216 3293 dinem
227 3231 256 3290 iu
266 3239 327 3292 toto
340 3230 413 3291 orbe
425 3231 556 3310 potuisse
572 3232 600 3291 ei
612 3233 787 3311 comparari.
806 3231 949 3294 clauditur
960 3233 996 3294 ub
1009 3235 1128 3293 oriente

121 3333 233 3396 aggere
251 3314 389 3396 'l'arquiui
401 3313 526 3395 Superbi
540 3315 615 3376 inter
630 3333 722 3395 pruma
737 3333 830 3395 opere
846 3317 981 3390 mirabili,
999 3335 1128 3396 namque

120 3421 187 3463 eum
201 3401 289 3461 muris
300 3401 435 3480 aequavit
450 3418 505 3479 qua
522 3401 646 3462 maxime
665 3399 783 3479 patebat
800 3400 878 3461 aditu
899 3401 996 3480 plano.
1022 3411 1130 3462 cetero

119 3489 226 3548 moni-ta
242 3494 305 3546 erat
319 3483 483 3566 praecelsis
494 3485 582 3545 muris
599 3494 647 3545 aut
662 3484 791 3564 abruptis
805 3485 960 3564 montibus,
976 3485 1031 3545 nisi
1045 3483 1130 3566 quod
