2396 3940
151 174 217 238 296
495 169 524 225 c.
543 167 644 224 sunu
663 167 822 224 suenum

152 322 337 404 Trogodytas
356 320 462 384 Sabaei
485 322 613 382 mausbu
635 322 735 382 maris.
777 321 869 382 sativa
892 335 1011 400 quoque
1032 321 1167 399 provenit

152 413 280 476 multum
303 411 431 473 silvestri
453 410 593 491 praelata.
637 409 748 490 gaudet
773 411 879 471 rastris
902 417 993 488 atque
1015 408 1167 488 ablaquea-

152 502 298 584 tiouibus,
320 501 425 562 melior
447 500 547 568 radice
570 499 754 579 refrigerata.

99 602 132 650 or
220 585 295 674 (34)
314 589 422 652 Arbori
439 589 564 651 altitudo
583 588 619 649 ad
638 589 771 668 quinque
790 588 899 670 cubita,
917 606 975 650 nec
993 590 1058 650 sinc
1076 590 1170 668 spina,

151 681 273 744 caudice
295 680 372 742 duro
396 687 427 740 et
448 681 575 760 intorto,
596 679 744 740 crassiore
767 697 858 758 quam
880 680 973 760 turis,
1002 685 1033 739 et
1059 677 1096 738 ab
1123 691 1193 738 ras

151 771 217 832 dice
240 771 329 832 etiam
348 787 437 848 quam
459 767 576 848 reliqua
598 769 646 828 sui
668 775 762 848 parte.
804 769 949 830 corticem
971 767 1069 829 levem
1090 769 1171 828 simi·

150 861 269 939 lemque
292 857 424 920 unedoni
446 856 586 920 scabrum
608 857 658 920 alii
684 859 904 938 spinosumque
928 857 1046 939 unere,
1068 857 1172 918 lolium

151 948 254 1030 olivae,
276 966 381 1009 verum
400 949 528 1028 crispius
548 953 578 1008 et
601 945 778 1030 aculeatum,
800 947 886 1008 luba
909 946 1044 1008 olusatri.
1082 947 1172 1024 aliqui

150 1036 278 1098 similem
300 1039 452 1118 iunipero,
481 1035 664 1098 scabriorem
686 1044 804 1100 tanturn
827 1037 983 1117 spinisque
1009 1035 1173 1116 horridam,

150 1126 221 1188 lolio
243 1127 433 1208 rotundiore,
456 1125 509 1188 scd
533 1143 639 1206 sapore
661 1127 800 1206 iuniperi.
846 1142 987 1187 necnon
1010 1126 1099 1187 suere
1123 1127 1194 1204 quir

150 1236 167 1278 e
190 1218 268 1278 turis
291 1215 398 1278 arbore
421 1223 585 1296 utrumque
608 1218 691 1277 nasci
713 1218 923 1278 mentirentur.

100 1312 133 1364 68
221 1300 295 1388 (35)
332 1305 509 1368 inciduntur
538 1305 586 1366 bis
615 1313 647 1366 et
676 1308 758 1386 ipsae
789 1305 944 1384 isdemque
975 1305 1174 1386 temporibus,

151 1395 204 1456 sed
227 1411 244 1456 a
266 1395 367 1458 radice
389 1413 486 1474 usque
509 1395 548 1456 ad
576 1413 675 1456 ramos
702 1397 755 1474 qui
782 1395 887 1457 valent.
934 1393 1046 1456 sudant
1074 1401 1174 1456 autem

151 1493 259 1564 sponte
276 1487 362 1565 prius
382 1501 471 1565 quam
493 1485 666 1546 incidantur
687 1491 783 1546 stacte
807 1484 896 1566 dicta,
919 1487 969 1546 cui
986 1483 1073 1546 nulla
1089 1503 1173 1564 prae-

151 1574 257 1636 fertur.
294 1573 331 1636 ab
349 1573 405 1635 hae
423 1576 517 1635 sativa
534 1581 564 1635 et
582 1576 614 1634 in
637 1573 767 1634 silvestri
786 1593 906 1654 quoque
925 1573 1034 1636 melior
1054 1577 1195 1646 aestivat

151 1681 212 1724 uon
235 1663 306 1726 dant
329 1682 366 1724 ex
389 1681 492 1725 murra
512 1665 668 1744 portiones
690 1663 756 1745 deo,
779 1666 921 1743 quoniam
943 1671 975 1725 et
998 1663 1080 1748 apud
1104 1664 1175 1724 alios

150 1755 292 1816 nascitur.
336 1755 403 1833 regi
431 1761 530 1814 tamen
561 1751 795 1814 Gebbanitarum
825 1761 945 1834 quartas
974 1760 1080 1834 partes
1112 1755 1175 1814 eius

150 1842 294 1922 pendunt.
334 1851 437 1904 cetero
460 1844 572 1923 passim
595 1861 612 1903 a
636 1842 723 1922 vulgo
747 1850 914 1924 coemptam
936 1844 968 1903 in
992 1842 1083 1904 folles
1107 1862 1174 1904 con·

151 1932 294 2013 lerciunt,
326 1934 481 2011 nostrique
511 1934 703 2012 unguentarii
732 1933 873 2013 digerunt
901 1931 981 1994 haurd
1012 1932 1176 1994 difficulter

151 2020 252 2082 odoris
275 2029 364 2102 atque
386 2020 577 2102 pinguedinis
600 2025 795 2101 argumentis.

98 2118 132 2166 aa
222 2104 279 2173 16.
304 2110 419 2172 Genera
442 2110 611 2191 complura:
641 2111 839 2191 Trogodytica
862 2111 1047 2173 silvestrium
1070 2114 1175 2192 prima,

152 2217 282 2278 sequens
304 2199 431 2283 Minima,
454 2202 485 2260 iu
509 2217 567 2280 qua
591 2207 622 2262 et
644 2200 833 2262 Astramitica
856 2208 902 2262 est
925 2209 956 2262 et
978 2199 1175 2263 Gebbanitica

153 2296 183 2350 et
205 2289 354 2350 Ausaritis
379 2288 611 2351 Gebbanitarum
640 2308 749 2372 regno,
779 2292 869 2352 tertia
896 2289 1036 2372 Dianitis,
1068 2301 1175 2371 quarta

151 2377 309 2461 collaticia,
338 2381 441 2458 quinta
465 2378 664 2441 Sambracena
690 2399 709 2440 a
731 2381 850 2442 civitate
878 2382 964 2460 regni
988 2379 1174 2442 Sabaeorum

151 2469 226 2529 mari
247 2470 392 2552 proxima,
416 2476 499 2530 sexta
523 2487 611 2549 quam
633 2469 800 2532 Dusaritim
822 2477 937 2532 vocant.
979 2477 1026 2530 est
1050 2479 1082 2532 et
1106 2483 1192 2531 can-2

152 2557 220 2618 dida
238 2577 299 2619 uuo
317 2565 432 2620 tantum
450 2558 525 2640 loco,
545 2577 619 2638 quae
638 2561 670 2620 in
684 2559 827 2622 Mesalum
846 2559 988 2640 oppidum
1006 2561 1173 2623 confertur.

223 2749 323 2804 ituris
337 2751 395 2806 ito.
424 2749 512 2804 cruris
527 2750 673 2806 coudDal.
688 2766 703 2805 e
718 2751 851 2821 ibcoplar.
865 2751 891 2806 lc.
901 2751 943 2820 pl.
959 2753 1005 2803 IX
1012 2755 1040 2816 4,
1051 2756 1078 2806 3.

151 2825 185 2874 10
203 2821 365 2876 rotundiora
384 2822 468 2876 deod.
479 2821 595 2890 Obiffo.
625 2838 682 2876 -em
700 2839 724 2878 r.
810 2822 988 2877 machmis
1006 2823 1108 2878 arbore
1127 2828 1170 2878 do.

151 2891 270 2947 etruria
289 2893 418 2949 arborem
435 2899 488 2948 na.
560 2899 609 2948 ,12
628 2893 676 2948 ‘bis
695 2896 726 2948 et
740 2893 821 2964 ipsae
838 2893 995 2963 iisdemque
1012 2911 1038 2949 o,
1068 2911 1170 2964 -pssas-

152 2963 271 3033 demque
291 2969 314 3021 ul.
348 2981 425 3036 —psar
444 2964 565 3034 denique
582 2965 648 3022 1³2¹.
686 2965 759 3020 binis
777 2967 808 3020 et
823 2965 903 3036 ipsse
921 2965 1043 3034 deniqne
1062 2965 1100 3020 ι’.

150 3041 185 3090 13
204 3051 298 3090 ramos
317 3040 363 3092 do.
391 3053 502 3092 ramum
519 3036 562 3090 11².
590 3053 652 3092 ram
665 3037 709 3094 til.
738 3054 817 3092 aram
835 3055 859 3094 a.
934 3043 967 3093 14
985 3039 1078 3092 stacta
1094 3037 1170 3091 2)ss

151 3107 302 3176 rodCbiff.
330 3110 432 3164 tacti.
462 3109 501 3164 -te
516 3107 574 3165 aie.
592 3109 596 3176 Ι
611 3108 792 3164 ἀὶοωωιῖν.
866 3115 897 3164 17
916 3109 1168 3180 gebbanitarum

150 3179 254 3250 gaebb-
273 3185 304 3234 o.
333 3179 399 3250 geb—
418 3199 443 3235 a
516 3186 568 3243 ‚22
592 3180 705 3236 Minoes
722 3181 810 3236 Borb.
836 3181 931 3236 minsa
948 3179 991 3235 bi.
1018 3180 1051 3236 in
1068 3195 1102 3237 ea
1120 3197 1142 3236 r.

150 3252 180 3304 at
197 3266 248 3306 ora.
263 3269 287 3306 c.
303 3252 308 3320 Ι
325 3249 485 3307 atramitica
499 3269 544 3306 ao.
561 3254 565 3321 Ι
582 3252 762 3324 gebbanitica
779 3253 836 3308 cdd.
846 3257 908 3308 cett.
932 3253 1036 3323 gaebb
1049 3259 1081 3307 n.
1103 3253 1166 3323 gab

149 3323 430 3380 sarantasmum.
458 3323 611 3392 gebbanita
628 3327 653 3378 d.
677 3323 847 3380 σπάθαι
961 3329 995 3380 23
1019 3323 1166 3395 gaebbsni·

149 3391 242 3446 tarum
259 3399 290 3447 n.
318 3393 385 3463 gab·
404 3413 428 3448 a.
523 3399 558 3449 24
577 3395 726 3450 collaticia
739 3396 796 3452 lta
825 3394 980 3451 Caucalitia
998 3395 1164 3452 condilum.

149 3461 271 3520 eDc'oec.
285 3467 359 3520 177.
380 3467 384 3534 Ι
406 3465 588 3520 sambracena
606 3465 665 3522 alc.
697 3467 748 3534 cfr.
763 3484 794 3536 p.
806 3471 873 3534 297,
883 3471 909 3522 3.
928 3473 954 3523 et
972 3471 1017 3521 VI
1025 3472 1071 3524 78.
1097 3485 1164 3522 sem-

149 3545 193 3585 ro.
266 3538 307 3588 25-
319 3534 473 3592 Dusaritim
492 3537 531 3592 ed.
546 3537 614 3592 Bos.
643 3539 694 3604 cfr.
709 3538 802 3608 Stepla.
816 3539 886 3610 Byr.
905 3555 927 3594 s.
939 3555 967 3595 o.
995 3541 1123 3608 Δουεαρὴ
1141 3543 1165 3592 rt

149 3599 273 3670 Hesgcla
286 3621 307 3659 e.
325 3622 350 3660 o.
383 3607 479 3676 ‹insyr-
496 3608 701 3677 nicod.(3biffi
734 3609 823 3666 dasir-
842 3611 965 3666 sIouas.
1002 3611 1089 3666 duria
1105 3611 1163 3665 edd.

150 3671 288 3729 pateras.
363 3682 397 3732 26
415 3677 554 3760 mesalum
571 3685 623 3738 ns.
652 3696 740 3736 mess·
760 3686 807 3738 do.
835 3683 885 3752 cfr.
901 3685 945 3737 VI
953 3688 1018 3740 158.
