2392 3946
272 182 356 238 ΝΑΤ.
375 178 468 238 Risu.
487 181 540 238 xv
558 189 628 240 r-o
648 183 739 252 <o-4)
952 179 1017 247 389

19 335 215 413 sequentisque
246 336 315 394 anni
347 335 463 395 damno.
517 335 626 414 quiippe
657 333 833 395 olivantibus
865 334 912 396 lex
945 336 1019 394 anti·

18 425 144 502 qmssima
176 423 245 485 luit:
277 421 389 484 oleam
420 441 462 484 ne
495 425 667 503 stringito
700 441 787 484 neve
819 422 1071 484 verberarem

18 513 61 591 qui
77 513 243 574 cautissime
262 519 353 592 agaret
370 511 537 575 harundine
555 511 612 573 levi
629 516 693 574 ictu
711 531 767 574 nec
790 511 930 574 adversos
950 531 1019 593 per·

19 603 123 662 mtiuut
144 618 251 662 ramos.
296 603 340 662 ric
363 617 483 682 quoque
506 601 653 664 alternare
677 603 795 664 tructus
822 604 940 684 cogitur
968 601 1019 662 rle·

17 692 101 751 cussie
122 690 320 772 germinibus,
350 707 406 752 nee
434 693 534 753 nunus
563 693 590 752 si
620 697 810 772 exspectetur
840 699 875 752 ut
904 690 1019 772 eadent,

17 778 152 840 haerendo
175 781 255 840 enim
278 779 356 841 ultra
379 797 467 842 surum
494 789 614 861 tempus
641 780 802 842 absumunt
830 779 1018 841 venientibus

16 867 175 930 alimentum
198 877 229 930 et
246 868 381 930 detinent
402 870 510 932 locum.
556 877 764 950 argumentum
787 877 835 932 est
856 868 937 948 quood
959 869 1019 929 nisi

18 966 75 1017 arte
94 957 243 1020 favonium
260 957 401 1019 collectae
423 977 514 1021 novas
537 962 616 1020 vires
639 965 797 1020 resumunt
819 965 850 1019 et
869 956 1019 1019 difficilius

17 1047 120 1107 eadunt.
964 1049 965 1052 ’

69 1129 122 1220 (4)
143 1133 262 1199 Primae
279 1152 350 1216 erpo
371 1137 411 1198 ul)
434 1145 576 1199 eurtumno
600 1137 780 1217 colliguntur
803 1136 875 1197 vitio
898 1153 1019 1216 operae,
1039 1137 1072 1188 13

16 1232 214 1307 tornaturae,
237 1227 320 1304 posia
338 1228 387 1287 oui
409 1226 572 1307 pluriumm
594 1228 702 1309 cornio,
725 1241 794 1286 mox
817 1223 947 1306 orchites
971 1226 1020 1285 cui

16 1312 72 1395 olei,
91 1322 161 1393 poet
182 1315 293 1376 radios.
327 1313 380 1376 llas
403 1318 482 1376 enim
506 1318 644 1377 ocissime
667 1323 835 1398 occupatae,
859 1315 927 1394 quia
949 1321 1021 1374 sunt

15 1405 191 1485 tenerrimae,
212 1419 334 1465 amurca
353 1407 432 1484 cogit
449 1404 597 1466 decidere.
635 1405 814 1467 ditior-untur
836 1421 907 1463 vero
931 1404 1019 1463 etiam

15 1489 186 1553 inllaru‘um
210 1509 343 1554 mensem
367 1493 500 1576 callosae,
523 1502 627 1555 eontra
650 1511 786 1556 umorem
808 1509 958 1573 pugnaees
981 1491 1020 1552 ob

15 1578 92 1658 idque
118 1583 273 1664 minimae,
303 1580 428 1664 Licinia,
458 1581 604 1666 Cominio,
633 1582 752 1665 Coctia,
781 1581 898 1664 Sergia,
931 1597 1020 1660 quam

15 1665 104 1731 Sabini
121 1673 236 1750 want
253 1679 372 1754 vocant,
394 1686 454 1732 non
474 1679 542 1734 ante
561 1673 670 1734 favonii
687 1671 826 1734 adflatum
848 1673 1019 1752 nigrescen-

15 1763 63 1839 tes,
82 1757 140 1821 hoc
164 1768 211 1822 est
232 1777 257 1821 a.
276 1759 305 1821 d.
323 1775 361 1823 vr
378 1761 417 1822 id.
435 1761 505 1823 Feb.
550 1771 622 1824 tuno
646 1761 828 1823 arbitramur
851 1777 901 1821 eas
923 1765 1018 1820 matu·
1039 1762 1073 1812 14

14 1863 136 1931 reseore,
159 1857 191 1910 et
214 1851 353 1928 quoniam
375 1850 618 1930 probatissimum
642 1869 678 1912 ex
701 1852 739 1912 iis
760 1851 812 1930 liat
834 1847 946 1930 oleum,
972 1865 1020 1909 ue-

14 1935 108 1998 cedere
142 1940 233 2000 etiam
265 1940 341 2000 ratio
372 1942 510 2020 pravitati
545 1940 676 2022 videtur,
711 1939 873 2018 feruetque
909 1938 1019 2018 frigore
1088 1996 1090 2000 ,

14 2029 208 2088 austeritatem
235 2027 314 2110 lieri,
340 2030 420 2090 siout
447 2029 561 2109 copiam
589 2030 773 2109 maturitate,
804 2043 874 2088 cum
904 2027 943 2088 sit
971 2026 1021 2086 illa

12 2111 116 2176 morus
139 2119 382 2200 corrumperis,
405 2118 457 2180 ced
480 2119 600 2198 generis
622 2117 705 2179 tarde
728 2117 966 2198 putrescentium
987 2117 1021 2176 in

13 2217 162 2266 amurcam.
215 2205 320 2268 similis
350 2224 436 2268 error
465 2206 619 2268 collectam
650 2205 787 2268 servandi
818 2207 850 2268 in
881 2203 1020 2267 tabulatis
1075 2269 1078 2273 ,

13 2308 59 2352 uec
80 2296 167 2374 priua
190 2311 279 2374 quam
299 2295 390 2357 sudet
411 2296 580 2378 prementi,
607 2313 676 2357 oum
704 2297 784 2357 omni
811 2311 895 2357 mora
921 2294 1021 2356 oleum

13 2379 171 2466 decrescat,
200 2399 322 2446 amurca
352 2393 503 2464 augeatur.
555 2387 656 2464 itaque
685 2385 774 2465 vulgo
804 2399 864 2445 non
894 2384 1022 2465 amplius

13 2486 89 2532 secas
105 2472 199 2534 libras
218 2474 343 2554 singulis
360 2473 467 2535 modiis
485 2475 612 2555 exprimi
630 2473 742 2534 dierunt.
778 2491 916 2534 amurcae
939 2491 1021 2533 men·

13 2575 103 2621 suram
120 2579 210 2622 nemo
229 2565 298 2645 agit,
321 2571 431 2644 quanto
450 2581 485 2624 ea
503 2564 652 2643 copiosior
670 2563 838 2642 reperiatur
860 2563 892 2622 in
915 2560 1020 2622 eodem

11 2663 111 2724 genere
130 2649 237 2714 diebus
256 2651 387 2714 adiectis.
424 2654 544 2714 omnino
567 2653 696 2713 invictus
719 2669 806 2713 error
828 2658 859 2712 et
879 2648 1019 2731 publicus
1039 2655 1072 2704 16

11 2807 216 2820 Ἢ-

70 2893 239 2965 itcirimgito
257 2895 319 2950 12¹0.
347 2893 521 2951 intirim-11².
617 2893 808 2950 therundine
827 2909 873 2947 oo.
901 2907 977 2946 -uem
995 2908 1018 2945 r.

74 2964 161 3038 ociis
178 2981 224 3021 eo.
251 2965 294 3022 aie
311 2983 334 3021 r.
359 2969 365 3037 1
389 2966 494 3022 cedent
511 2977 566 3036 epo.
600 2968 643 3020 et
660 2967 718 3020 lte.
814 2966 879 3019 'tet
895 2962 961 3018 ll’o.
988 2965 1021 3016 ut

12 3033 85 3091 rSa'll.
163 3043 199 3092 le
215 3038 324 3108 primae
340 3049 390 3108 epo
403 3051 464 3093 ooo.
479 3035 531 3092 loc.
542 3053 573 3106 p.
584 3042 630 3094 21.
659 3051 718 3090 -me
736 3034 902 3091 tractatae.
931 3052 1020 3089 -mmn

12 3107 137 3166 adeam
145 3105 204 3164 eet.
220 3113 226 3178 Ι
240 3107 413 3180 colliguntur
430 3109 458 3164 ll.
487 3107 575 3178 -gitur
593 3125 617 3163 o.
634 3108 639 3176 1
655 3099 903 3177 οῃθηθυᾱὰθαι
931 3120 972 3160 -ro
991 3105 1026 3167 ll,
1074 3135 1077 3141 ·

12 3179 62 3234 cdd.
74 3185 138 3236 om
146 3179 205 3237 (iol.
287 3186 319 3234 11
339 3180 420 3250 potio
437 3183 455 3234 ει
470 3181 501 3250 (a
518 3180 551 3233 in
564 3179 630 3248 roe.)
644 3179 704 3234 edd.
714 3182 774 3233 cett.
785 3175 846 3232 eet
875 3173 944 3232 —srie
957 3177 1019 3231 11¹0.

13 3249 498 3392 ememtteto
511 3250 625 3392 teet
643 3247 1021 3392 trterettet

13 3395 67 3459 -pet
81 3395 159 3449 estes
178 3409 202 3450 ι
236 3396 299 3464 -pct
316 3396 408 3449 oestuo
426 3393 560 3450 edocete
570 3391 700 3448 &ciffi
800 3395 834 3446 1³
858 3389 1022 3446 differentur

13 3463 66 3518 ⁰¹0.
140 3469 174 3521 15
193 3465 318 3520 ceminio
335 3470 385 3518 no.
458 3470 493 3519 20
512 3464 706 3520 austeritatem
724 3467 760 3518 Ι.
783 3463 834 3530 cfr.
849 3463 903 3516 loce.
913 3477 944 3532 p.
955 3465 1020 3517 102.

13 3534 182 3592 sterilitatem
200 3553 244 3592 ro.
271 3540 275 3606 1
300 3535 463 3591 maturitate
481 3539 527 3590 de.
556 3537 625 3591 -iem
643 3540 699 3590 ἰν.
789 3538 823 3588 28
846 3533 917 3589 hora
934 3533 1020 3588 occid.

13 3604 136 3663 cntchl.
222 3613 261 3663 'et
284 3607 406 3662 inuictus
424 3612 459 3665 Π.
488 3608 547 3661 eiu
565 3623 588 3662 r,
616 3607 646 3660 iu
664 3605 766 3660 vitree.
792 3608 796 3673 Ι
821 3607 851 3659 et
868 3607 949 3658 line.
978 3606 1022 3658 est

14 3681 71 3732 cdv.
