2396 3940
182 157 248 221 244
540 154 568 209 C.
588 153 688 208 PLINI
707 151 864 208 SECUNDI

183 307 299 387 reliquo
323 301 478 387 tempore?
502 307 599 366 animo
623 313 723 366 aulem
745 304 893 385 videmus,
917 306 1016 365 animo
1040 306 1170 364 cernimm.

184 397 263 460 oculi
290 415 346 458 ceu
374 414 441 456 vasa
468 394 613 475 quaedam
640 394 786 456 visibilem
814 396 879 456 eius
906 401 1025 474 partem
1050 395 1172 474 accipiunt

184 495 272 566 atque
304 487 481 548 tramittunt.
528 487 571 546 sic
598 503 704 564 magna
734 485 872 564 cogitatio
903 491 1044 545 occaecat
1072 483 1173 544 abducto

184 579 265 638 intus
285 577 357 637 visu.
404 577 446 636 sic
469 575 501 636 in
524 573 628 636 morbo
653 573 794 636 comitiali
816 575 914 634 animo
939 573 1081 654 caligante
1102 575 1175 653 aperti

132 666 267 728 ltrnibil
290 672 426 728 cernunt.
468 667 540 744 quin
563 673 593 726 et
615 663 787 745 patentibus
811 663 964 724 dormirmt
986 663 1102 744 lepores
1121 662 1167 724 nul

185 759 267 836 tique
286 755 449 836 hominum,
468 753 543 834 quos
562 753 773 832 κορυβαντιᾶν
792 752 897 816 Graeci
916 753 1031 815 dicunt.
1062 752 1175 814 tenuibu

184 846 345 924 multisque
364 843 544 906 membranis
563 863 615 906 eos
634 853 740 906 natura
759 845 934 926 composuit,
958 843 1077 905 callosis
1099 853 1174 904 conta

184 935 296 1014 frigora
319 935 493 1014 caloresque
516 937 548 996 in
576 937 686 996 extimo
715 937 838 1017 tunicis,
866 952 940 1014 quas
969 933 1096 995 subinde
1117 935 1169 1012 puri

184 1025 253 1086 ficet
271 1024 508 1086 lacrimationum
531 1024 638 1106 saliriS,
660 1024 792 1086 lubricos
815 1033 940 1104 propter
963 1025 1176 1086 incursauere

184 1113 318 1176 mobiles,

135 1210 186 1260 148
254 1197 329 1286 (55)
366 1203 461 1264 Media
490 1223 594 1265 eorum
622 1222 734 1264 cornua
763 1204 935 1264 fenestravit
962 1202 1093 1282 pupilla,
1117 1203 1170 1261 cuin

185 1297 337 1373 angustiae
361 1291 429 1354 non'
444 1295 547 1354 sinunt
569 1295 667 1373 vagari
690 1295 835 1354 incertam
864 1294 958 1354 aciem
986 1310 1024 1352 ae
1053 1291 1127 1352 velut
1148 1309 1172 1349 ra

185 1383 244 1444 nali
277 1384 410 1463 dirigunt
441 1382 597 1487 obiterque
630 1382 792 1444 incidentia
824 1381 908 1443 facile
942 1381 1109 1462 declinant,
1136 1377 1170 1438 alii

185 1475 275 1553 nigri,
303 1472 367 1533 aliis
391 1474 466 1552 ravi,
496 1473 560 1534 aliis
566 1471 683 1576 glauci
712 1471 820 1533 coloris
848 1470 971 1538 orbibus
1005 1474 1120 1532 circum
1121 1471 1165 1529 dati

185 1571 219 1623 ut
246 1561 337 1622 habili
364 1563 493 1623 mixtura
521 1569 551 1623 et
566 1550 740 1642 accipiatur
768 1563 960 1623 circumiecto
929 1561 1124 1622 tcaudore
1149 1558 1171 1618 lu

186 1658 407 1732 ettempernto
431 1669 611 1732 repercussu
634 1670 695 1712 non
719 1650 879 1732 obstrepat.
924 1651 1067 1732 adeoque
1089 1651 1132 1710 his
1151 1668 1173 1706 a·

187 1742 281 1803 soluta
300 1743 344 1802 vis
363 1740 477 1820 speculi
495 1748 529 1802 ut
547 1749 607 1802 tam
625 1759 715 1822 parva
733 1741 782 1802 illa
804 1741 915 1822 pupilla
932 1748 1033 1802 totam
1052 1742 1163 1820 imagine

186 1831 290 1892 reddat
313 1831 450 1891 hominis.
496 1849 530 1892 ea
554 1849 643 1892 causa
666 1839 712 1892 est
735 1839 769 1892 ut
791 1832 950 1911 pleraeque
974 1830 1088 1892 alitum
1109 1849 1124 1890 e
1145 1847 1176 1887 m

188 1920 276 1982 nibus
294 1920 448 1982 hominum
472 1920 575 1982 oculos
593 1923 783 2000 potissimum
802 1927 950 2001 appetant,
974 1921 1063 2000 quod
1083 1920 1165 1996 effigie

187 2028 271 2071 suam
293 2013 324 2070 in
348 2011 384 2070 iis
408 2018 565 2071 cernentes
584 2010 665 2072 velut
688 2010 724 2071 ad
748 2017 872 2090 cognata
895 2009 1052 2070 desideria
1076 2029 1126 2070 sua
1144 2019 1173 2067 tu

134 2099 277 2159 149dunt.
335 2101 466 2160 veterina
497 2107 613 2160 tantum
648 2100 793 2178 quaedam
827 2099 863 2160 ad
896 2101 1091 2160 incrementa
1123 2098 1173 2156 lun

186 2187 306 2248 morbos
326 2191 481 2250 sentiunt·
505 2189 558 2250 sed
580 2188 673 2249 homo*
693 2189 774 2250 solus
799 2191 906 2250 emisso
929 2207 1044 2250 umore
1071 2189 1169 2250 caerita

185 2276 337 2338 liberatur.
387 2285 455 2358 post
482 2279 677 2356 vicensimum
704 2295 815 2340 annum
841 2277 943 2339 multis
970 2280 1137 2340 restitutus
1159 2295 1172 2326 r

185 2368 281 2448 visus,
308 2366 484 2445 quibusdam
508 2369 607 2429 statim
630 2367 821 2430 nascentibus
844 2374 970 2448 negatus
996 2367 1085 2430 nullo
1113 2363 1175 2426 ocul

185 2475 253 2518 rum
276 2458 355 2537 vitio,
378 2455 480 2517 multis
504 2465 627 2536 repente
652 2456 766 2518 ablatus
790 2456 880 2518 simili
902 2457 992 2517 modo
1019 2457 1105 2520 nulla
1128 2475 1169 2535 pra

186 2546 310 2609 cedente
333 2547 449 2614 iniuria.
495 2565 583 2606 venas
608 2545 643 2607 ab
666 2546 713 2606 his
735 2547 884 2626 pertinere
908 2545 945 2606 ad
968 2546 1134 2608 cerebrum
1158 2563 1166 2622 ι

185 2636 320 2698 ritisslmi
335 2643 473 2696 auctores
487 2636 617 2697 tradunt.
646 2655 700 2715 ego
720 2644 750 2696 et
765 2636 800 2696 ad
815 2636 1005 2698 stomachum
1021 2636 1173 2698 crediderit

134 2732 185 2782 150
196 2733 277 2787 certe
297 2724 370 2786 nulli
389 2727 452 2785 sine
473 2725 689 2786 redundatione
709 2727 774 2786 eius
793 2727 909 2786 eruitur
928 2725 1052 2787 oculus.
1087 2727 1176 2786 morie

188 2813 268 2875 tibus
286 2814 352 2874 illos
376 2816 493 2894 operire
518 2833 683 2894 rursusque
707 2816 833 2895 inrogo
857 2815 1032 2895 patefacere
1050 2815 1171 2888 Quiritis

186 2921 292 2982 magno
315 2905 375 2964 ritu
404 2921 522 2964 sucrum
550 2912 608 2986 est,
637 2906 678 2965 ita
705 2923 792 2974 ,more
822 2903 941 2966 condito
972 2912 1010 2965 ut
1046 2923 1142 2985 neque

186 2992 305 3052 homine
325 3011 498 3072 supremum
518 3012 569 3054 eos
589 2995 718 3074 spectari
737 2994 780 3054 fas
800 2995 839 3054 sit
858 3001 888 3054 et
906 2993 988 3054 caclo
1010 3013 1078 3055 non
1098 3005 1172 3054 osten

187 3083 278 3143 nefas
329 3083 394 3142 uni¹
409 3083 579 3144 animalium
606 3083 719 3143 homini
747 3081 958 3162 depravantur,
987 3083 1078 3144 unde
1107 3099 1175 3159 cogn

258 3315 363 3377 ficory
363 3307 481 3362 bnnbian
499 3309 557 3362 cdd.
572 3313 633 3362 cett.
666 3305 719 3360 -tia
735 3312 767 3359 R
800 3308 921 3362 -tinrer¹
952 3309 957 3376 l
985 3309 1171 3378 grediountr

186 3378 280 3432 -diunt
297 3397 322 3434 a.
408 3383 442 3431 14
460 3377 522 3432 runi
538 3377 672 3433 BlHard.
706 3378 785 3432 arani
803 3378 895 3433 unm.
928 3395 962 3433 ec
979 3381 1052 3435 rani
1071 3384 1169 3450 ιιι

186 3452 238 3504 re.
264 3449 371 3505 telier.
446 3455 478 3503 16
503 3450 532 3503 et
549 3450 607 3502 tem
608 3451 749 3518 p.eratoo
776 3451 1017 3520 extemperetoll.
1099 3420 1172 3517 ιιι

186 3533 289 3584 raeque
303 3522 348 3574 do.
368 3519 494 3587 -riquer
549 3525 582 3572 ιι
598 3520 772 3576 incrementa
785 3519 822 3574 12²
830 3522 889 3578 cdd
899 3526 963 3576 ante
971 3521 1074 3580 Hord.
1095 3539 1171 3577 eren·

271 3593 305 3642 26
324 3605 409 3644 uenus
428 3591 501 3660 Bed
512 3589 569 3646 Get.
603 3598 699 3648 nal).
733 3609 811 3646 -nnm
830 3594 936 3649 ardedat.
947 3594 1089 3650 autchl.

171 3669 292 3722 -megno
310 3658 478 3714 utetur
428 3661 592 3718 ooteHord.
616 3679 667 3716 om.
682 3681 705 3718 r.
779 3669 813 3718 32
833 3682 871 3720 an
887 3664 961 3719 unde
980 3665 1066 3736 apud
1083 3663 1168 3735 prisco
