2392 3946
171 167 239 236 390
518 167 547 224 C.
566 167 667 226 PLlNI
685 166 843 224 suenum

171 325 289 382 tumore
308 317 401 378 olivae
420 335 557 380 crescere
580 317 679 380 oleum
702 318 897 399 existimandi,
920 335 988 379 cum
1008 319 1159 398 praesertin

171 425 228 470 nec
251 407 454 486 magnitudine
482 409 599 487 copiam
630 406 689 468 olei
718 414 854 468 constare
883 407 991 468 indicio
1021 407 1159 484 sintque

171 498 271 577 regiae
294 503 446 577 vocantur,
469 495 506 557 ab
528 495 594 556 aliis
612 497 783 578 maiorinae,
805 495 842 556 ab
864 496 929 558 aliis
946 494 1076 576 babbiao,
1095 512 1161 573 gran·

171 587 310 650 dissimae
334 585 453 666 alioqui,
475 586 598 648 minimo
620 603 703 646 suco.
748 592 779 648 et
801 587 833 647 in
856 585 987 666 Aegypto
1014 585 1164 646 carnosissi-

171 677 229 736 mis
251 674 309 736 olei
332 676 485 756 exiguum,
512 672 652 754 Decapoli
678 691 749 736 vero
773 673 875 754 Syriae
902 691 1046 754 perquam
1071 685 1181 752 parares

119 771 154 822 tu
173 781 228 826 nec
252 765 373 843 cappari
395 765 532 844 maiores,
555 781 644 825 carue
672 773 773 826 tamen
799 763 1055 827 commendantur.
1096 778 1166 840 quan

172 852 211 916 ob
230 869 351 914 causam
367 851 478 914 Italicis
496 854 711 914 transmarinae
728 852 942 932 praeferuntur
959 855 991 913 in
1013 850 1096 931 cibis,
1114 868 1167 910 cun

173 941 238 1004 oleo
261 943 432 1023 vincantur,
459 949 490 1002 et
515 943 548 1002 in
574 943 640 1022 ipsa
662 940 746 1004 ltalia
772 943 881 1003 ceteris
904 940 1032 1005 Picenae
1059 948 1089 1000 et
1109 937 1166 998 Sidi-

173 1033 266 1091 cinae.
294 1029 354 1090 salc
372 1029 439 1092 illae
457 1032 595 1110 privatim
613 1031 796 1092 condiuntur
814 1039 844 1093 et
862 1037 896 1092 ut
913 1029 1048 1110 reliquae
1070 1044 1168 1090 amruca

173 1136 293 1202 sapato,
324 1137 380 1182 nec
404 1137 465 1182 non
487 1119 602 1200 aliquae
625 1119 692 1182 oleo
715 1138 770 1182 suc
793 1127 825 1184 et
847 1121 912 1182 sine
941 1120 1084 1182 arcesu'ta
1108 1134 1189 1178 con·¹

173 1207 361 1270 mendatione
379 1226 472 1290 purae
491 1211 636 1290 innatant,
654 1207 849 1289 colymbades.
872 1208 1054 1288 franguntur
1069 1205 1169 1268 caelen

173 1295 395 1376 herbarumque
417 1297 557 1360 viridium
580 1315 687 1378 sapore
710 1297 900 1360 condiuntur.
945 1297 1025 1360 liunt
1051 1304 1081 1358 et
1104 1311 1169 1376 prae·

174 1403 286 1466 coques
309 1386 436 1448 ferventi
458 1405 534 1466 aqua
556 1388 696 1467 perfusae
719 1385 899 1467 quamlibeat
920 1387 1097 1450 metaturae.
1130 1385 1170 1443 ni·

174 1492 302 1556 rumque
325 1474 444 1536 dulcem
466 1493 574 1538 sucum
595 1475 687 1538 olivas
710 1475 813 1538 bibere
837 1483 868 1538 et
890 1475 986 1538 alieno
1016 1492 1117 1556 sapore
1138 1475 1169 1531 in·

122 1571 155 1622 tt
174 1564 232 1626 lici.
276 1583 445 1646 purpureae
469 1573 539 1628 sunt
561 1567 593 1627 in
615 1565 676 1647 his,
698 1574 734 1628 ut
754 1567 834 1647 uvis,
856 1567 889 1626 in
915 1567 1038 1644 nigrum
1063 1562 1170 1626 eoloren

174 1651 399 1716 transeuntibus
426 1656 526 1734 posiis.
572 1661 643 1716 sunt
666 1660 697 1716 et
719 1653 866 1735 superbae
889 1660 1013 1734 praeter
1036 1652 1170 1715 iamdicta

174 1761 292 1823 genera.
328 1751 399 1806 sunt
412 1751 443 1806 et
456 1743 641 1826 praedulces,
662 1759 718 1824 per
736 1762 769 1805 se
788 1751 905 1806 tautum
921 1745 1052 1804 siccatae
1070 1743 1170 1818 uvisque

174 1835 271 1911 passis
293 1832 451 1914 dulciores,
475 1833 633 1910 admodum
655 1851 741 1895 rarae
764 1835 796 1894 in
809 1832 909 1894 Africa
931 1839 962 1893 et
984 1835 1069 1894 circa
1081 1829 1170 1890 Emeri-

122 1933 157 1984 18
175 1928 236 1982 mm
259 1921 436 1984 Lusitaniae.
481 1922 581 1984 oleum
603 1925 702 2002 ipsum
726 1922 785 1984 sale
809 1921 1018 1984 vindicatura
1046 1919 1169 2000 pinquitu

174 2009 253 2072 dinis
272 2013 354 2072 vitio.
382 2012 494 2074 cortice
508 2011 591 2073 oleae
609 2014 730 2073 conciso
749 2011 873 2072 odorem
891 2011 1009 2090 accipit.
1038 2007 1166 2072 menum
1185 2030 1187 2041 ·

174 2097 247 2162 alias
269 2107 303 2161 ut
325 2101 407 2182 vino,
436 2100 526 2180 palati
547 2103 642 2181 gratia
663 2099 745 2162 nulla
771 2108 832 2182 est,
861 2117 917 2160 nec
944 2107 1008 2161 tam
1036 2109 1168 2160 numerosa

175 2186 351 2250 differentia.
395 2188 493 2250 tribus
516 2198 550 2252 ut
572 2190 736 2270 plurimum
761 2187 945 2252 bonitatibus
973 2188 1075 2252 distat.
1116 2184 1169 2246 odor

175 2277 208 2338 iu
230 2279 314 2338 tenui
337 2279 487 2358 argutiam.
502 2287 532 2340 et
554 2281 580 2340 is
603 2286 705 2340 tamen
726 2281 816 2341 etiam
837 2281 869 2340 iu
892 2279 1006 2358 optimo
1030 2277 1129 2338 breuis.

125 2381 158 2430 19
244 2358 281 2428 4.
304 2357 357 2449 (5)
380 2364 453 2428 Olco
472 2375 578 2430 natura
591 2369 759 2449 tepefacere
778 2385 890 2448 corpus
907 2374 938 2429 et
956 2373 1064 2431 contra
1080 2364 1171 2444 algores

251 2593 426 2650 tbumorll.
443 2594 447 2662 Ι
464 2592 642 2648 existimandi
660 2611 724 2648 cum
736 2597 791 2648 Ιν.
819 2592 940 2648 antium
956 2607 981 2647 u.
1056 2597 1134 2646 tneo
1147 2590 1170 2638 ll-

178 2677 243 2718 cum
256 2679 301 2718 ro.
317 2665 321 2730 1
337 2664 560 2734 magnitudinem
573 2670 609 2720 Ι.
626 2665 630 2736 i
646 2683 703 2720 non
721 2667 849 2720 constare
866 2680 891 2719 o.
964 2669 981 2718 3
1000 2657 1171 2718 maiorinut

177 2733 283 2792 uidet
302 2751 351 2790 -ue
364 2737 394 2790 ab
405 2751 429 2790 r.
449 2752 513 2795 -nee
528 2737 557 2792 ei
569 2735 762 2792 eddanteGel.
774 2735 777 2808 l
788 2734 908 2790 bebbiee
916 2740 951 2790 Ι.
969 2735 1100 2790 bambiae
1111 2729 1170 2786 redd.

178 2806 334 2863 auteBcrb.
352 2807 486 2877 phauliae
499 2808 587 2863 Burb.
602 2824 615 2862 e
627 2807 759 2877 lbeopbr.
774 2823 803 2875 e
804 2807 847 2875 pl.
859 2809 903 2860 VI
904 2812 932 2876 8,
940 2811 966 2862 5.
1040 2812 1058 2860 4
1071 2804 1128 2860 diet.
1137 2815 1170 2868 eqo

179 2877 231 2932 luc.
241 2893 273 2948 p.
282 2881 320 2933 37
332 2895 362 2934 rt.
376 2883 423 2936 21.
496 2885 512 2934 6
527 2877 643 2948 cappari
655 2883 712 2934 llo.
736 2877 832 2948 ceperi
845 2882 870 2932 rt
893 2895 962 2948 epp
974 2885 1027 2933 lta.
1054 2893 1099 2947 ap·
1111 2891 1132 2928 ι.

180 2953 196 3002 a
215 2948 383 3004 condiuntur
395 2949 490 3004 ltn’c.
510 2951 624 3005 -dentur
637 2950 675 3004 (1¹.
694 2949 819 3004 -dienbur
832 2966 855 3004 r.
871 2948 876 3021 l
891 2949 1019 3018 reliquae
1030 2953 1105 3002 tec.
1120 2956 1170 3012 qm

178 3036 203 3074 r.
277 3025 311 3075 10
329 3022 359 3076 et
376 3021 435 3076 rime
452 3027 548 3076 nnec
561 3021 862 3078 eademeadem.
889 3020 949 3076 sine
967 3016 1154 3076 recudent.

180 3091 314 3147 arcessite
331 3091 551 3162 nnrnoeteroc.
580 3093 716 3148 accersite
734 3093 810 3148 codd.
819 3092 908 3148 Burb.
935 3091 1065 3148 artesiae
1080 3107 1103 3145 ι
1126 3087 1169 3140 mle

180 3179 232 3218 sua
249 3163 478 3220 edd.auteBurb.
552 3169 585 3218 11
605 3163 786 3220 columbarias
803 3169 839 3218 Ι.
918 3169 959 3218 12.
971 3169 1004 3219 13
1023 3171 1168 3233 praecoquit

179 3239 215 3289 11.
243 3235 294 3300 cfr.
308 3249 370 3289 eoo.
384 3235 437 3290 luc.
447 3252 479 3304 p.
489 3240 532 3292 54.
561 3251 638 3292 -oces
651 3251 695 3290 rc.
769 3239 802 3290 13
821 3235 997 3305 quamlibeat
1008 3239 1043 3290 Ι.
1070 3232 1123 3286 -bet
1136 3245 1168 3282 rr.

253 3309 286 3359 15
305 3303 428 3360 inisub
444 3312 480 3362 1.
513 3306 907 3362 ecinhisucnoaedaeel.
939 3299 1168 3362 remearent

180 3375 210 3427 eb
226 3374 257 3427 in
274 3373 311 3428 iis
328 3375 358 3430 et
374 3375 405 3429 in
423 3377 633 3433 eddutdeBae.
706 3383 739 3434 16
758 3377 845 3448 posiis
860 3376 1030 3433 nuruum.
1054 3371 1166 3446 pettit!

180 3443 286 3524 ponciis
304 3444 348 3526 ρ’.
380 3447 477 3515 posiae
495 3449 646 3504 reddoett.
678 3449 795 3519 pausiae
813 3449 854 3506 ed.
866 3449 941 3506 Vere.
958 3446 1082 3519 cml.
1144 3443 1167 3492 2⁰

180 3513 330 3569 medicatio
348 3519 501 3574 naoledd.
512 3519 745 3577 monacnum.
773 3519 868 3576 -iletio
886 3525 921 3574 Ι.
944 3517 1026 3576 -icati
1036 3517 1116 3574 Burb.

181 3586 213 3632 21
229 3581 300 3636 aliar
313 3583 401 3641 Barb.
430 3589 470 3642 -ia
483 3594 530 3643 Ην
540 3591 599 3644 edd.
609 3595 673 3644 cute
679 3591 838 3647 Barbdrll.
911 3597 944 3646 28
959 3590 1063 3661 optimo
1075 3591 1118 3642 11
1124 3581 1166 3639 dl.

181 3647 238 3702 θεῖ.
266 3669 323 3706 -me
341 3661 390 3708 lte.
419 3671 477 3711 -me
495 3660 579 3714 cedd.
590 3660 720 3716 accedet.
