2396 3940
176 145 243 212 290
497 169 508 186 ·
529 143 559 201 (l.
577 144 679 200 PLINI
697 143 855 200 SECUNDI

177 298 323 360 crassiore
342 303 431 376 atque
449 294 554 356 latiore
571 293 642 356 lolio
662 303 693 356 et
710 294 810 356 colore
827 293 966 374 languido
983 297 1014 356 iu
1032 294 1167 358 candidum

177 394 332 468 vergente,
366 387 439 447 item
471 402 525 446 sua
556 384 657 446 radice
692 387 840 464 permixta
869 383 1010 464 ponderis
1040 403 1120 446 causa
1146 395 1167 444 et

136 501 141 509 ·
176 478 287 539 cummi
305 492 469 556 spumaque
492 476 609 554 argenti
626 481 679 536 aut
701 473 772 535 stibi
793 493 828 536 ac
851 476 952 554 cypiro
975 476 1098 556 cypirive
1118 493 1167 534 cor·

175 570 242 628 tice
270 568 422 626 sincerum
436 563 556 644 quidem
569 563 688 626 levitate
703 563 936 645 deprehenditur
955 571 986 626 et
1003 563 1099 626 colore
1115 565 1167 624 rulo

176 656 336 735 odoristpre
359 655 502 715 suavitate
525 661 556 714 et
577 661 668 734 gustu
691 655 818 717 maxime
841 660 971 720 siccante
994 673 1059 736 eos,
1084 665 1186 734 sapores

175 745 315 806 iucundo.
364 745 495 824 pretium
527 744 626 824 spicae
658 744 691 804 iu
721 743 813 806 libras
840 743 867 805 X
894 756 924 805 o.
969 743 1034 804 lolii
1064 743 1169 804 divisere

122 845 157 892 44
176 852 323 896 annonam
350 832 551 912 amplitudine.
601 832 855 914 hadrosphaerum
881 842 1005 895 vocatur
1032 831 1170 896 maioribus

174 922 275 1004 pilulis
304 922 332 984 K
358 937 467 984 xxxx.
517 922 597 1002 quod
626 923 742 984 minore
772 922 843 984 lolio
873 931 920 984 est
948 923 1170 1003 mesosphaerum

175 1011 353 1094 appellatur,
380 1014 491 1073 emitur
517 1011 624 1074 linx,
674 1011 910 1077 laudatissimum
936 1011 1170 1094 microsphaerum

175 1121 192 1163 e
221 1103 351 1162 minimis
381 1101 473 1184 loliis,
504 1103 636 1182 pretium
666 1104 732 1164 eius
758 1099 786 1160 ἦ
813 1116 919 1164 mxxv.
969 1101 1072 1164 odoris
1098 1103 1186 1182 gratia

175 1190 326 1274 omnihus,
354 1193 450 1252 maior
479 1191 661 1253 recentibus.
705 1192 799 1254 nardo
829 1191 923 1274 colos,
954 1194 980 1252 si
1011 1192 1172 1270 inueterauit,

122 1289 155 1338 45
175 1283 300 1361 nigriori
322 1281 435 1342 melior.
481 1283 512 1341 in
539 1289 645 1342 nostro
671 1279 746 1343 orbe
772 1283 907 1362 proxime
934 1281 1075 1344 laudatur
1096 1281 1171 1360 Spla-

176 1389 258 1452 cum,
288 1389 357 1431 mox
387 1369 544 1452 Gallicum,
576 1373 668 1432 tertio
696 1371 763 1432 loco
794 1370 958 1454 Creticum,
989 1371 1075 1452 prod
1102 1369 1171 1449 aliqui

175 1462 278 1540 agrion
296 1467 411 1542 vocant,
430 1459 479 1520 alii
496 1458 598 1542 phun,
612 1460 683 1522 lolio
702 1461 836 1544 olusatri,
854 1461 937 1524 caule
956 1460 1091 1543 cubitali,
1111 1461 1170 1540 geni·

175 1549 287 1632 culato,
313 1551 345 1612 in
368 1567 503 1630 purpura
526 1549 685 1632 albicante,
707 1550 807 1612 radice
835 1549 955 1631 obliqua
975 1551 1134 1630 villosaque
1151 1557 1186 1608 n·

175 1641 310 1703 imitante
334 1641 431 1701 arium
448 1638 549 1720 pedes.
586 1638 720 1702 baccaris
742 1648 866 1702 vocatur
888 1641 1017 1704 nardum
1041 1643 1173 1716 rrutioun,

130 1716 211 1810 ,²3¹5de
230 1747 290 1808 quo
309 1729 443 1790 dicemus
460 1731 540 1791 iuter
561 1727 660 1792 liores
688 1737 759 1792 sunt
782 1738 882 1793 autem
904 1733 1004 1794 omnia
1029 1749 1065 1792 ea
1086 1728 1172 1790 herbae

173 1827 294 1900 praeter
316 1817 460 1880 Indicum.
506 1837 542 1880 ex
564 1820 603 1892 iis
625 1818 771 1882 Gallicum
799 1828 920 1882 etcum
946 1819 1052 1882 radice
1079 1818 1172 1881 vellitur

175 1907 366 1988 abluiturque
393 1910 469 1969 vino.
515 1909 645 1970 siccatur
671 1912 703 1971 iu
734 1909 853 1993 umbra,
881 1909 1020 1991 alligatur
1048 1907 1171 1971 fasciculis

174 2001 206 2058 in
225 1997 335 2080 charta,
358 2015 419 2060 nou
441 1997 569 2060 mrdtum
592 1997 749 2061 abiudico
771 1999 923 2082 differens,
947 1999 1074 2081 Syriaco
1095 2007 1186 2060 umen

121 2096 156 2144 46
175 2087 277 2148 levius.
322 2089 454 2168 pretium
475 2086 501 2148 x
520 2101 570 2149 111.
615 2091 646 2149 iu
673 2088 721 2150 his
743 2088 880 2169 probatio
903 2108 962 2152 una
985 2108 1026 2151 ne
1051 2091 1110 2152 s'mt
1131 2088 1171 2147 ira

174 2175 242 2256 gilia
266 2184 297 2238 et
318 2175 400 2238 arida
422 2177 523 2258 potius
547 2195 636 2257 quam
659 2180 738 2240 sicca
760 2177 837 2240 lolia.
872 2197 941 2240 cum
963 2179 1079 2242 Gallico
1101 2176 1172 2240 nardo

174 2283 292 2345 semper
314 2268 448 2328 nascitur
474 2265 568 2328 herba
590 2285 665 2348 quae
693 2259 827 2330 hirculus
855 2275 977 2331 vocatur
1006 2288 1023 2330 a
1052 2271 1173 2350 gravium

174 2354 274 2415 odoris
306 2362 337 2416 et
368 2355 576 2438 similitudine,
608 2375 667 2437 qua
698 2359 825 2420 maxime
857 2357 1053 2422 adulteratur.
1104 2358 1173 2418 dista

173 2443 253 2524 quod
277 2447 341 2506 siue
365 2444 509 2510 cauliculo
533 2453 580 2507 est
602 2455 633 2508 et
655 2447 735 2527 quod
759 2447 924 2511 minoribus
946 2447 1027 2510 loliis
1051 2446 1170 2529 quodque

173 2533 282 2596 radicis
304 2552 403 2615 neque
426 2553 542 2597 amarae
564 2553 663 2616 neque
686 2536 835 2600 odoratae.

75 2635 79 2642 ·
120 2632 154 2682 47
245 2619 301 2688 13.
326 2619 401 2708 (27)
424 2625 514 2687 Nardi
538 2627 596 2688 vim
619 2625 709 2688 babet
731 2634 762 2688 et
785 2645 912 2712 asarum,
935 2628 1016 2708 quod
1040 2635 1073 2690 et
1094 2630 1172 2708 ipsun

244 2854 330 2908 3aut
347 2857 421 2910 ndo.
449 2855 483 2908 ui
499 2871 523 2908 s.
554 2869 626 2922 eque
645 2854 696 2908 eut
711 2859 744 2908 B.
761 2853 856 2910 Diosc.
874 2855 922 2910 Id
940 2852 1077 2912 δολίζουα
1095 2853 1122 2908 δὲ
1137 2851 1171 2904 od

172 2927 227 2993 τὴν
245 2925 424 2993 {percurret
442 2924 531 3050 crippr
550 2925 614 2992 μεθ’
632 2925 736 2980 ὕδατος
757 2928 776 2995 ἢ
800 2925 878 2981 οἴνου
902 2925 1050 2994 moruorum.
1087 2941 1123 2980 aa
1140 2923 1170 2975 ai·

173 3011 227 3066 que
246 3011 321 3066 aqua
339 3010 404 3052 cum
423 2995 489 3052 subi
537 2997 542 3065 1
567 2995 650 3054 stibio
669 3000 744 3053 Belo.
774 2998 822 3054 aed
838 2998 889 3066 cfr.
907 2999 1017 3050 XXXI
1023 3001 1087 3054 101.
1110 2995 1115 3066 Ι
1137 3011 1170 3062 cu·

171 3068 233 3139 piro
253 3067 291 3122 ⁸¹.
319 3083 399 3138 -pero
418 3067 455 3123 ι’.
484 3083 582 3138 puero
599 3075 630 3122 1).
659 3084 740 3138 -paro
758 3074 790 3132 11
823 3068 938 3140 perid.
974 3070 979 3138 l
1013 3067 1139 3142 cyperida
1152 3081 1170 3115 ι

173 3140 265 3211 -prine
282 3143 307 3194 d.
380 3147 397 3197 6
415 3157 454 3196 on
471 3137 647 3197 iniucundo?
666 3140 721 3208 cfr.
734 3139 828 3200 Dicar,
842 3143 864 3194 I
872 3145 890 3198 6
907 3141 1009 3210 πικρὰ
1024 3143 1080 3210 τὴν
1097 3142 1169 3206 acino

172 3215 217 3268 nal
235 3213 357 3280 γλώεεηε
375 3213 590 3281 ἀναξηραντικὴ.
669 3211 904 3282 aphalacam.
931 3211 1007 3284 pilus
1023 3217 1057 3268 B.
1105 3207 1169 3262 'ulis

171 3287 223 3338 nd.
301 3301 333 3352 p·
357 3301 381 3337 e.
423 3284 667 3340 0101100101.οὥ
708 3282 894 3342 1011013000.
931 3285 937 3356 l
974 3283 1008 3340 X.
1146 3283 1167 3330 1·

173 3352 272 3408 CXXX
315 3357 348 3407 B.
380 3353 433 3408 XX
450 3360 475 3409 d.
507 3355 573 3412 Ira.
652 3359 685 3410 10
703 3353 779 3410 foliis
797 3361 829 3412 B.
861 3357 931 3412 -ium
948 3373 992 3412 re.
1020 3357 1025 3425 Ι
1053 3352 1167 3430 odoribus

171 3428 243 3478 nari
317 3428 351 3478 13
370 3424 434 3480 1000
453 3424 533 3482 fido.
561 3425 706 3482 cinna).
730 3427 738 3496 Ι
762 3427 851 3498 aliqui
867 3427 1042 3488 reduced.
1070 3426 1166 3492 allium

170 3509 235 3564 1110.
263 3511 312 3564 alii
330 3493 409 3581 dud.
438 3513 488 3568 alii
506 3515 620 3583 quidem
638 3516 849 3574 0110010601.
932 3523 967 3574 14
983 3517 1106 3590 phun
1129 3511 1166 3566 lm

169 3579 234 3633 nlla.
262 3579 371 3636 lawa.
445 3585 901 3657 roinpurpuramcoetracae.
972 3587 1166 3648 allenium·

241 3655 276 3703 24
294 3668 351 3720 qua
367 3657 414 3710 de.
442 3672 528 3724 quam
544 3673 569 3714 r.
642 3657 771 3730 25·un
788 3677 840 3719 ora.
857 3667 889 3717 a.
