2392 3946
245 167 330 222 ΝΑΤ.
349 167 441 223 nisu.
461 167 526 223 xiv
547 173 651 223 re-ra
670 168 798 236 (ro-24)
967 164 1033 232 377

34 326 110 396 atque
135 319 222 378 etiam
250 317 275 378 si
302 335 388 380 uram
413 317 502 379 edant
529 317 680 400 grauidae,
710 335 778 380 cum
807 319 974 381 differentia
1001 322 1032 382 ln

33 414 138 486 gustatu
160 423 219 468 non
244 409 290 468 sit.
331 407 527 469 Troezenium
549 410 652 468 vinum
676 409 728 487 qui
750 406 854 470 hihant
875 415 1086 489 neganturttt

34 513 170 575 generare.
206 495 320 558 Thasos
339 497 398 559 duo
417 515 528 576 genera
545 499 606 558 vini
624 497 742 558 diversa
765 497 863 558 iacere
886 497 1033 580 proditur,

34 603 84 663 quo
105 600 225 646 mmnus
249 586 433 669 concilietur,
457 585 584 648 alterum
606 603 677 648 vero
701 587 761 666 quo
783 587 913 667 lugetur.
955 588 1033 670 apud

13 674 140 735 aeosdem
157 676 226 736 vitis
244 675 376 738 theriaca
393 683 525 758 vocatur,
547 676 635 737 culus
653 685 683 738 ct
699 679 807 740 ¹vinum
831 685 861 737 et
883 695 939 736 uva
963 693 1033 738 eon-

32 773 69 823 tra
90 765 273 843 serpentium
293 767 373 827 lotus
400 765 550 846 medetur3
579 764 731 827 libanodes
759 768 836 828 teris
863 766 967 847 odore,
996 783 1033 828 ex

31 869 79 930 qua
100 853 143 913 dis
165 853 324 933 prolibant.
370 854 527 916 ediverso
550 855 709 934 aspendios
734 855 873 917 damnata
900 855 937 917 ah
964 858 1034 938 arie,

32 943 119 1002 larunt
148 960 215 1004 ean
251 959 308 1005 neo
338 943 379 1004 ah
408 943 477 1006 alite
509 944 569 1006 ulla
605 946 718 1024 attingi.
777 945 915 1008 Thasiam
945 962 1033 1007 uvam

31 1031 167 1112 Aegyptus
197 1041 284 1094 vocat
312 1033 390 1114 apud
421 1051 452 1095 se
482 1033 672 1114 praedulcem
703 1051 779 1114 quoe
809 1033 896 1096 solvit
925 1035 1031 1096 alvum.
1097 1111 1100 1116 Ι

5 1130 69 1181 uest
89 1129 191 1182 contra
213 1121 302 1202 Lycia
331 1141 407 1203 quae
437 1122 563 1184 solutam
593 1124 698 1184 firmat.
744 1123 894 1203 Aegyptus
924 1132 955 1184 et
985 1141 1031 1184 eo-

30 1207 121 1270 holada
142 1209 233 1272 hahet
255 1211 378 1274 abortus
399 1213 568 1274 facientem.
614 1216 680 1272 vina
702 1214 733 1272 iu
759 1211 915 1293 apothecis
943 1215 1024 1274 canis
1036 1218 1090 1268 118

31 1307 88 1365 ortu
109 1307 263 1362 mutantur
286 1299 432 1380 quaedam
457 1309 622 1382 posteaque
648 1303 851 1363 restituuntur
879 1301 944 1362 sihi.
990 1305 1034 1362 sic

31 1398 54 1448 et
74 1391 144 1450 mari
167 1391 316 1472 navigem,
344 1393 431 1452 cultas
454 1394 581 1452 iactatus
604 1391 650 1452 his
673 1409 750 1470 quae
774 1391 947 1452 duraverint
968 1398 1032 1452 tan-

31 1485 83 1537 tum
104 1481 260 1540 vetustatis
283 1481 401 1541 adicere
425 1483 563 1562 sentitur,
586 1489 731 1560 quantem
754 1479 921 1542 habuerint.

5 1577 20 1618 ¹⁵
85 1561 137 1630 lu.
160 1561 240 1650 (23)
262 1568 301 1630 Et
319 1572 460 1650 quoniam
478 1569 621 1650 religione
643 1572 703 1631 vita
727 1578 851 1651 corastat,
874 1567 1090 1650 prolibarellii

30 1652 75 1715 diis
97 1657 245 1718 nefastum
266 1658 395 1720 hahetur
423 1661 490 1720 rina
514 1691 556 1704 -
579 1667 700 1739 praeter
723 1661 874 1740 inputatae
898 1690 941 1702 -—
964 1662 1033 1720 vitis'
1047 1669 1074 1710 8⁸

30 1743 138 1806 fulmine
157 1755 257 1808 tactae
274 1765 425 1828 quemque
442 1750 526 1810 iuxta
544 1749 672 1810 hominis
691 1765 772 1809 mors
795 1749 901 1828 laqueo
923 1765 1034 1832 pepen-

29 1832 102 1916 derit,
122 1844 186 1908 jaut·
205 1836 366 1899 vrdneratis
393 1837 520 1918 pedihus
547 1838 658 1898 calcata
686 1847 715 1899 et
742 1838 820 1918 quod
850 1839 1035 1899 circumcisis

28 1925 144 1986 vinaceis
162 1925 356 2009 protharerit
376 1933 431 1988 aut
449 1927 724 2008 supernedeoiduo
742 1928 931 1989 inmundiore
950 1929 1035 2007 lapsa

6 2011 114 2091 talique
133 2015 256 2098 pollata,
279 2018 350 2078 item
374 2015 493 2098 Graeca,
515 2019 657 2096 quoniam
675 2035 781 2097 aquam
803 2017 940 2078 habeant,
966 2019 1036 2077 vitis

29 2102 82 2179 ipsa
107 2119 227 2183 quoque
255 2107 406 2168 manditur
434 2107 566 2168 decoctis
594 2105 728 2167 caulibus
756 2109 893 2189 summis,
923 2107 975 2186 qni
1005 2114 1037 2166 et

29 2191 198 2254 condiuntur
221 2196 253 2254 in
276 2204 361 2257 aceto
380 2214 417 2256 ac
439 2198 545 2258 muria.

85 2276 158 2366 (24)
177 2282 288 2345 Verum
307 2285 388 2346 etde
408 2295 549 2366 apparatu
567 2287 628 2346 vini
647 2285 756 2346 dixisse
775 2287 940 2368 conveniat,
959 2303 1027 2346 oum
1038 2287 1094 2340 120

30 2366 122 2432 Graeci
135 2375 275 2452 privatim
294 2393 328 2436 ea
346 2384 505 2456 praecepta
522 2375 712 2436 condiderint
730 2384 885 2454 artemque
900 2375 1036 2456 iecerint,

7 2459 96 2521 tsicut
124 2460 359 2542 Euphronius
391 2473 421 2526 et
450 2463 723 2525 Aristomachus
756 2473 786 2525 et
817 2463 1040 2524 Commiades.

29 2555 53 2606 el
73 2547 251 2614 Hicesius.
279 2573 281 2578 ·

106 2641 206 2700 hirica
234 2659 326 2722 gypso
354 2644 470 2721 mitigat
498 2645 689 2722 asperitatem
717 2659 772 2703 nec
800 2657 861 2702 nen
887 2638 1037 2718 aliquibus

28 2727 152 2801 partibus
177 2731 224 2790 sui
248 2731 336 2794 calce.
383 2731 506 2792 Graecia
529 2731 630 2810 argilla
653 2739 704 2792 aut
727 2747 874 2792 marmore
899 2737 950 2789 aut
977 2727 1037 2788 sale

90 2962 105 3008 3
124 2956 244 3012 Thasios
258 2956 317 3012 edd.
328 2957 492 3012 autcHard.
524 2962 636 3026 propter
654 2954 730 3026 apud
747 2955 861 3011 eosdem
880 2957 914 3025 (o.
935 2955 971 3023 5).
1000 2969 1040 3008 aaa

28 3026 93 3093 apud
111 3026 270 3096 quosdam?
297 3027 623 3095 cfr.Pall.Ret.11128.
697 3034 714 3081 4
732 3043 818 3080 unum
830 3043 888 3096 quo
906 3027 1041 3082 addente

28 3093 81 3150 Sall.
112 3099 165 3165 afr.
180 3099 287 3156 Vilia.
306 3099 454 3155 Noitena'uo
463 3116 494 3169 p.
505 3104 555 3156 22.
629 3106 644 3154 6
663 3099 810 3153 hisanodcs
826 3113 883 3168 epo.
911 3095 1042 3178 -adeosd

27 3167 250 3226 eddoateBorla.
283 3170 382 3226 -adeor
398 3189 422 3226 r.
455 3187 552 3226 -aneos
570 3171 658 3226 Bari).
691 3170 783 3224 -anios
800 3169 910 3224 σάω.
947 3167 1042 3222 -adms

28 3238 127 3296 laeua
195 3243 266 3297 'lah
283 3241 340 3297 aris
355 3242 438 3296 ostri.
466 3242 559 3297 auaris
578 3259 600 3296 r.
629 3241 685 3296 aris
700 3241 757 3296 θεῖ.
784 3257 803 3296 s
820 3239 888 3294 feris
906 3241 1042 3294 meante

28 3307 78 3365 dei.
188 3319 221 3368 10
239 3313 486 3384 lycisd(1t?)Sa'll.
519 3313 587 3368 licia
604 3330 627 3367 c.
660 3313 763 3382 lyciam
779 3331 806 3368 a.
834 3312 865 3366 in
882 3311 970 3381 Lycia
986 3310 1038 3381 ul

27 3380 141 3438 solutam
160 3401 184 3438 v.
216 3387 259 3440 -ta,
276 3386 304 3442 ll.
396 3391 433 3440 111
453 3385 568 3440 abortus
587 3384 739 3442 deodtlcl.
768 3386 843 3438 -tuus
861 3383 924 3440 12¹0.
953 3383 1041 3436 -iiuos

26 3451 286 3512 humectatae.
312 3457 316 3527 Ι
340 3456 461 3512 faciente
479 3463 511 3511 lt.
539 3458 581 3510 -is
599 3474 621 3512 e.
713 3462 747 3510 13
765 3455 838 3510 mori
855 3454 991 3526 nauigatio
1011 3453 1039 3509 it

28 3521 150 3583 deletu.
178 3528 226 3582 ris
245 3528 304 3598 -gio
323 3529 458 3586 eddonis
467 3528 525 3585 (iel.
558 3527 594 3580 ·ri
613 3526 703 3598 -gatio
722 3527 814 3583 Hard.
847 3573 850 3580 ,
925 3531 957 3579 19
976 3539 1041 3596 pro-

26 3593 132 3651 fluxerit
150 3615 174 3654 o.
210 3599 284 3670 prol·
304 3601 333 3656 ll.
358 3602 362 3668 Ι
386 3599 506 3655 deciduo
524 3616 548 3654 c.
582 3599 664 3654 ciduo
684 3601 711 3656 ll.
738 3601 742 3667 Ι
767 3598 910 3653 immundo
929 3601 953 3650 d.

27 3669 57 3720 25
76 3669 229 3738 euphoniae
249 3690 272 3726 s.
302 3693 307 3706 ·
346 3677 380 3727 27
401 3688 486 3741 cypso
506 3675 530 3725 d.
558 3687 649 3740 oyppo
668 3688 690 3727 o.
