2392 3946
348 213 432 268 Nur.
451 213 544 269 insu.
564 213 629 269 XIV
648 221 663 271 6
684 217 720 286 (8)
967 155 1043 282 ¹363

44 361 259 444 Faustinianum,
279 364 346 424 imis
360 362 527 426 Falernum.
556 383 615 425 non
635 365 831 427 omittendum
845 362 951 428 ’autem
969 366 1043 428 nulli

43 469 230 531 eorumquae
254 451 444 514 celebrentur
467 454 632 515 iucundum
655 471 792 535 saporem
815 473 888 516 uvae
913 473 988 517 esse.
1076 461 1079 466 '

98 536 159 620 (3)
183 541 226 603 Ad
250 543 368 604 tertiam
390 541 518 623 palmam
540 546 620 604 varie
644 561 753 605 venere
777 543 887 606 Albana
910 543 978 606 urbi
1002 548 1041 606 vi·
1062 551 1096 602 ot

41 632 107 710 cina,
136 630 306 711 praedulcia
329 649 363 694 ac
387 650 454 694 rara
481 635 512 694 in
540 640 674 714 austero,
705 635 778 695 item
806 633 984 696 Surrentina
1011 637 1042 695 in

21 721 120 780 artneis
141 727 258 783 tantum
281 723 446 804 nascentia,
469 721 746 784 convalescentibus
769 725 894 785 maxime
918 723 1042 804 probata
1130 746 1131 749 ¹

38 807 337 889 propter'tenuit'atem
351 811 624 891 salubritatemque.
647 810 787 874 Tiberius
802 811 910 874 Caesar
924 812 1042 876 direbat

39 901 213 962 consensisse
232 901 365 962 meditor
384 908 417 963 ut
436 899 621 963 nobilitatem
640 900 819 964 Surrentino
838 901 953 985 darent,
972 902 1041 964 alio-

37 989 163 1068 quiesse
187 1007 367 1077 generosum
390 998 522 1073 acetum,
546 989 577 1052 C.
602 989 724 1072 Caesar,
747 993 800 1072 qui
822 994 968 1054 suecessit
991 991 1041 1072 lili,

38 1076 153 1140 nobilem
182 1097 314 1160 vappam.
361 1087 477 1142 certant
503 1079 628 1144 Massica
656 1088 745 1160 atque
773 1097 791 1141 a
818 1089 919 1143 monte
942 1081 1041 1143 Gauro

15 1177 27 1218 ,ο
37 1166 164 1230 Puteolos
183 1167 328 1250 baiasque
352 1171 581 1251 prospectantia.
618 1187 687 1232 nam
705 1169 831 1232 Falerno
855 1172 1093 1248 conterminant

36 1255 143 1319 Statana
160 1258 199 1319 ad
217 1261 419 1340 principatum
436 1277 545 1321 venere
565 1277 625 1321 non
644 1259 743 1343 dubie,
765 1260 921 1341 palamque
941 1261 1040 1321 iecere
1110 1281 1113 1286 ·

36 1365 79 1406 sna
100 1345 269 1430 quibusque
288 1351 378 1411 terris
402 1357 537 1431 tempora
560 1369 635 1433 esse,
659 1369 729 1412 suos
752 1367 856 1411 rerum
878 1356 1041 1430 proventus

34 1454 216 1518 occasusque.
262 1441 364 1500 iuncta
387 1441 425 1501 iis
448 1443 592 1521 praeponi
615 1438 749 1502 solebant
773 1438 880 1500 Calena
908 1447 938 1500 et
965 1456 1041 1518 quae

35 1526 60 1585 in
76 1528 167 1588 ulneis
191 1528 383 1608 arbustisque
407 1537 572 1592 nascuntur
591 1529 733 1591 Fundana
756 1536 786 1589 et
804 1527 860 1589 alia
879 1546 917 1589 ex
935 1530 1041 1589 vicinia

11 1614 113 1698 turbu,
136 1615 301 1700 Veliterna,
324 1619 516 1681 Privernatia.
562 1637 630 1680 nam
658 1618 738 1698 quod
762 1617 880 1698 Signiae
909 1619 1042 1678 nascitur

33 1708 194 1769 austeritate
219 1709 310 1770 nimia
333 1709 529 1772 continendae
553 1707 625 1769 utile
649 1707 712 1768 alvo
740 1709 819 1768 iuter
847 1707 1042 1768 medicamina

33 1804 206 1858 numeratur.
520 1837 522 1844 ι

89 1881 154 1966 <4>
180 1886 327 1959 Quartum
350 1886 533 1950 curriculum
556 1885 685 1966 publicis
713 1885 809 1966 epulis
837 1880 994 1966 optinuere
1024 1891 1094 1944 adt

31 1973 88 2036 divo
110 1975 187 2039 lulio
212 1979 304 2039 —is
328 1979 545 2058 enimprimus
575 1977 784 2038 auctoritatem
811 1975 858 2036 his
886 1974 980 2056 dedit,
1008 1982 1042 2035 ut

8 2073 21 2111 ²⁰
31 2065 157 2142 epistulis
185 2069 251 2128 eius
282 2073 404 2148 apparet
433 2099 474 2110 -·-
503 2065 677 2126 Mamertina
707 2066 787 2125 cirea
816 2063 981 2125 Messanam
1011 2065 1042 2124 in

31 2151 121 2216 Sicilia
151 2157 260 2235 genita.
313 2173 350 2216 ex
379 2155 426 2216 his
455 2155 599 2217 Potulana
629 2154 665 2214 ab
696 2161 818 2215 auctore
849 2153 936 2215 dicta.
991 2152 1041 2213 illo

31 2246 198 2322 cognomine
230 2246 365 2324 proxima
397 2243 498 2306 ltaliae
529 2244 686 2306 laudantur
718 2245 887 2325 praecipue.
933 2249 979 2304 est
1011 2244 1042 2302 in

31 2333 124 2394 eadem
154 2333 255 2396 Sicilia
284 2341 314 2396 et
336 2334 595 2396 Tauromenitanis
622 2333 718 2394 honos
746 2333 877 2414 lagoenis
904 2351 959 2413 pro
983 2330 1041 2392 bia-

30 2425 152 2484 mertino
177 2423 354 2504 plerumque
379 2423 514 2484 subditis

8 2519 19 2558 ⁵
88 2509 154 2592 (5)
177 2513 223 2574 Ex
240 2511 365 2594 reliquis
388 2520 487 2575 autem
510 2531 526 2573 a
550 2528 660 2592 supero
683 2512 758 2572 mari
776 2509 929 2571 Praetutia
952 2517 1041 2590 atque
1061 2515 1094 2564 67
1180 2535 1182 2542 ,

28 2599 142 2664 bacone
167 2604 333 2684 nascentia,
361 2611 392 2664 et
415 2620 490 2682 quae
513 2621 530 2662 a
553 2601 649 2682 palma
677 2617 737 2662 una
763 2599 840 2660 torte
868 2606 954 2660 enata
981 2597 1042 2686 pal-

29 2693 135 2752 mensia
165 2691 363 2773 appellavere,
395 2693 427 2752 in
457 2691 675 2752 mediterraneo
706 2707 777 2750 vero
807 2686 979 2749 Caesenatia
1008 2705 1042 2748 ac

28 2777 254 2862 Maecenatiana,
277 2783 309 2843 in
331 2779 507 2842 veroniensi
530 2782 602 2842 item
625 2779 746 2840 Raetica
768 2776 902 2838 Falernis
926 2783 1042 2838 tantum

28 2869 148 2946 postlata
171 2890 188 2931 a
207 2869 381 2952 Vergilio,
403 2888 472 2930 mox
495 2869 531 2930 ab
555 2871 659 2930 intimo
684 2870 752 2929 sinu
775 2868 865 2927 marIs
885 2865 1042 2944 Hadriana,

29 3009 39 3014 —
48 3011 156 3019 ...ψ-ω
162 3013 239 3020 ν’...-

95 3084 109 3132 1
134 3076 337 3134 feustiniannm
355 3083 391 3132 Ι.
424 3077 557 3132 -sticnnm
575 3093 620 3132 rc.
712 3081 728 3130 3
752 3073 815 3130 urbi
832 3072 925 3129 vicina
943 3088 992 3128 oro.
1007 3076 1043 3125 Ι.

93 3147 214 3206 80].
244 3149 326 3206 Ocius
345 3147 434 3218 e(?)c.
453 3165 504 3205 coc
518 3166 542 3204 r.
624 3152 730 3204 tel.
764 3161 821 3202 er.
850 3161 928 3201 exo,
1010 3148 1043 3198 tt

27 3219 148 3276 etatiene
165 3225 199 3276 Ι.
228 3222 279 3290 cfr.
298 3223 407 3274 XXIII
416 3225 461 3277 3⁶.
535 3219 725 3275 anesseim.
754 3219 827 3274 esset
844 3215 888 3272 θ’.
904 3218 909 3285 t
926 3232 990 3272 suos
1008 3219 1044 3270 Ι.

28 3291 100 3358 quod
117 3309 140 3347 r.
173 3293 328 3349 seeundum
346 3292 423 3376 quod
440 3291 573 3348 eddaute
583 3291 641 3348 cet
658 3291 748 3346 'siout
764 3287 893 3346 eddGel.
961 3358 967 3370 .
1011 3292 1044 3342 13

28 3363 148 3419 calentia
161 3381 185 3418 n.
260 3369 292 3420 15
307 3364 530 3419 nehternoned.
559 3365 615 3418 -ter
628 3382 653 3417 ι.
681 3365 808 3418 -terrene
820 3365 856 3415 Ι.
885 3361 1045 3415 -termnec

89 3441 122 3491 19
140 3434 263 3490 doment
294 3436 394 3490 tribuit
406 3451 450 3490 ro.
523 3441 557 3490 21
577 3433 721 3490 Potitianis
738 3429 921 3503 Detl.cetl.§
935 3435 997 3514 69..

28 3510 69 3560 21.
79 3512 113 3561 22
132 3506 208 3562 dicte
225 3507 276 3564 illo
295 3506 461 3579 cognomine
480 3507 602 3563 arcum.
631 3505 677 3561 dic
693 3505 744 3561 illo
764 3503 873 3561 nomine
891 3509 941 3556 lto.
969 3501 1047 3584 dicte

27 3575 56 3630 in
73 3577 136 3634 loco
154 3595 199 3633 tv.
290 3585 324 3636 22
343 3578 470 3650 proxime
488 3578 557 3633 o¹d¹.
591 3595 649 3633 -mo
669 3576 787 3633 edBae.
878 3580 912 3630 23
935 3573 1046 3656 lagenis

28 3654 113 3704 sedo.
183 3657 217 3706 29
236 3651 362 3722 postlata
379 3650 488 3706 insta.
510 3650 650 3705 dulete'r.
678 3647 802 3704 thabita
815 3664 840 3702 o.
863 3648 867 3716 Ι
891 3646 927 3700 eb
945 3646 1046 3699 animo

28 3722 109 3778 tede.
118 3721 173 3779 cu.
197 3723 303 3779 ebtimo
317 3730 368 3778 ite.
392 3721 499 3792 optimo
513 3741 538 3777 ι.
562 3721 670 3792 optime
684 3721 720 3776 ab
734 3720 834 3776 intimo
848 3715 1045 3776 eudemone.
