2590 3934
362 157 444 210 unu.
465 157 556 211 fflsu.
576 157 641 212 vul
660 164 766 213 42-44
786 162 911 228 (oo-cet
1101 162 1143 224 97

124 325 218 385 pecua
236 307 411 386 admittitur,
434 308 486 367 sed
506 308 641 368 solstitio.
674 327 771 370 mares
790 311 820 369 in
839 312 1015 371 remissione
1035 315 1134 391 operis
1144 323 1196 372 168

124 396 297 457 deteriores
343 406 490 476 partus'a
519 399 691 458 tricensimo
719 417 821 459 mense
850 401 1021 481 unissimus,
1052 401 1143 461 seda

123 487 245 546 trimatu
269 485 432 567 legitimuS,
457 487 582 546 totidem
605 495 678 565 quot
702 507 794 566 equae
819 497 849 548 et
871 489 966 549 isdem
989 490 1142 552 mensibus

123 583 154 634 et
177 574 266 634 simili
287 575 384 636 modo.
413 575 465 635 sed
485 578 674 636 incontinens
697 585 801 643 uterus
825 580 911 638 urina
929 579 1055 658 genitale
1075 581 1141 642 red-

95 664 179 744 5'dit,
210 666 241 724 ni
269 672 392 743 cogatur
419 667 449 725 in
479 683 602 726 cursum
623 665 798 727 verberibus
827 669 955 728 accitu.
1000 687 1068 728 raro
1092 689 1141 748 ge-

122 755 219 813 minos
242 756 329 833 parit.
359 757 492 834 paritura
515 753 612 815 lucem
636 757 712 835 fugit
734 764 765 816 et
787 755 926 816 tenebras
950 760 1079 838 quaerit,
1103 778 1140 818 ne

122 845 323 924 conspiciatur
351 843 387 904 ab
410 845 539 905 bomine.
585 847 679 924 gignit
701 853 763 906 tota
790 848 849 906 vita
877 865 952 926 quae
981 853 1027 907 cst
1049 849 1077 906 ei
1105 849 1141 908 ad

121 935 328 993 tricensimum
352 951 470 994 annum.
502 942 606 1014 partus
630 937 736 996 caritas
760 953 888 1016 summa,
912 936 964 996 sed
988 950 1193 1015 aquarummo

122 1021 252 1083 taedium
279 1025 383 1086 maius.
427 1021 594 1103 per'ignes
623 1025 658 1084 ad
681 1024 761 1084 fetus
784 1025 923 1106 tendunt,
952 1026 1086 1107 eaedem,
1116 1029 1141 1086 si

79 1129 107 1168 no
121 1113 204 1172 rivus
222 1113 363 1172 minimus
382 1115 514 1193 intersit,
537 1113 662 1174 horrent
680 1118 728 1174 vel
743 1115 835 1193 pedes
854 1117 974 1174 omnino
994 1117 1139 1194 tinguere.

121 1219 178 1261 nec
201 1203 258 1262 nisi
277 1202 417 1263 adsuetos
440 1211 544 1282 potant
562 1203 660 1264 sontes
684 1221 759 1282 quae
783 1213 854 1264 sunt
877 1206 907 1264 in
926 1207 1074 1283 pecuariis
1098 1213 1139 1265 at·

120 1309 178 1368 que
203 1293 243 1352 ita
266 1300 300 1351 ut
319 1294 398 1352 sicco
418 1294 536 1353 tramite
560 1293 718 1372 adpotum
738 1295 814 1353 eant.
845 1311 899 1353 nec
919 1301 1025 1372 pontes
1044 1302 1138 1354 traus-

121 1389 193 1441 ount
216 1399 270 1460 per
293 1383 445 1442 raritatem
469 1399 573 1442 eorum
597 1381 812 1443 tralucentibus
833 1382 939 1442 ssrrviis.
969 1385 1138 1462 mirumque

120 1469 216 1550 dictu,
244 1472 350 1530 sitiunt
373 1479 416 1552 et⁷
446 1474 471 1533 si
495 1479 649 1532 mutentur
673 1490 780 1553 aquae,
808 1480 841 1532 ut
864 1471 966 1534 bibant
989 1473 1137 1551 cogendae

79 1577 105 1617 15
120 1559 321 1621 exorandaeve
353 1569 430 1621 sunt.
479 1579 534 1621 nec
565 1562 622 1620 nisi
653 1563 811 1640 spatiosam
841 1561 961 1622 cubitus
990 1561 1139 1623 laxitatem

119 1658 223 1709 amant.
248 1667 375 1728 namque
399 1667 503 1710 somno
528 1652 588 1710 visa
612 1652 786 1730 concipiunt
808 1653 870 1712 ictu
888 1651 999 1730 pedum
1022 1651 1138 1732 crebro,

118 1741 170 1816 qui
188 1740 247 1800 nisi
269 1741 429 1818 perinane
453 1742 584 1819 emicuit,
607 1739 731 1819 repulsu
746 1740 876 1800 durioris
899 1742 1039 1800 materiae
1059 1741 1136 1801 clau-

118 1827 239 1888 ditatem
268 1829 337 1889 ibeo
368 1829 472 1890 adfert.
518 1838 660 1908 quaestus
688 1847 724 1888 ex
748 1831 784 1890 iis
808 1831 906 1908 opima
932 1829 1053 1908 praedia
1079 1842 1190 1891 err-lto
1245 1860 1248 1870 v

118 1925 247 1996 superat.
293 1927 398 1980 notum
422 1926 467 1979 est
491 1921 521 1978 in
546 1917 704 1980 Celtiberia
729 1918 859 1997 singulas
883 1918 1137 1998 quadringentena

77 2025 105 2065 ao
118 2006 196 2066 milia
224 2026 380 2068 nummum
402 2010 517 2090 enixus,
545 1993 693 2069 mularum
720 2010 847 2068 maxime
875 2015 972 2087 partu.
1020 2011 1137 2070 aurium

118 2097 231 2157 relerre
254 2100 285 2157 in
309 2097 355 2158 bis
379 2106 410 2158 et
431 2097 642 2178 palpebrarum
664 2097 741 2177 pilos
764 2099 855 2158 aiunt.
900 2100 1033 2176 quamvis
1057 2100 1136 2158 enim

117 2185 253 2246 unicolor
281 2187 396 2266 reliquo
420 2205 560 2270 corpore,
589 2187 714 2248 totidem
736 2195 835 2248 tamen
860 2186 975 2247 colores
999 2196 1072 2266 quot
1094 2187 1136 2248 ibi

118 2276 201 2335 tuere
239 2275 344 2336 reddit.
396 2278 493 2356 pullos
530 2295 633 2338 earum
670 2275 784 2356 cpulari
815 2276 969 2338 Maecenas
1006 2279 1136 2338 instituit

117 2363 244 2424 multum
272 2383 307 2424 eo
330 2373 465 2445 tempore
488 2365 636 2447 praelatos
664 2369 791 2446 onagris.
837 2373 906 2445 post
929 2384 998 2426 eum
1021 2368 1135 2427 interiit

75 2472 102 2512 aa
117 2455 277 2513 auctoritas
301 2455 414 2533 saporis
438 2458 529 2516 asino.
563 2457 708 2524 moriente
727 2457 793 2516 visu
813 2455 967 2516 celerrime
991 2455 1020 2515 id
1040 2474 1134 2535 genus

117 2542 225 2603 delicit.
868 2591 876 2598 .

184 2625 243 2694 44.
262 2625 336 2714 (69)
360 2631 404 2692 Ex
423 2636 506 2694 asino
530 2642 560 2693 et
578 2651 655 2712 equa
678 2633 756 2694 mrrla
775 2636 906 2712 gignitur
928 2651 1031 2693 mense
1050 2644 1184 2714 X111‚171

116 2721 223 2782 animal
246 2721 359 2781 viribus
383 2725 412 2782 iu
437 2722 553 2783 labores
577 2725 727 2783 eximium.
760 2723 795 2782 ad
819 2723 892 2788 tales
916 2731 1018 2802 partus
1042 2741 1133 2800 equas

188 2953 339 3020 2pertuus
357 2949 461 3003 ΜΨ.
538 2950 684 3003 turinum
703 2949 856 3019 genitalem
874 2943 943 3002 uu.¹
997 2948 1131 3002 balla?

115 3038 149 3075 ae
167 3021 208 3075 1².
233 3037 283 3076 oar.
302 3039 325 3075 r.
361 3023 365 3092 l
398 3038 477 3076 raros
495 3021 610 3074 DBa¹d
701 3022 832 3090 Spartae
850 3019 919 3072 ⁸²1²
936 3021 968 3073 io
985 3034 1041 3074 aas.
1069 3037 1132 3089 par-

115 3096 182 3146 tunc
200 3109 223 3146 r.
313 3099 329 3146 9
354 3091 469 3146 caedem
492 3093 561 3147 Μ’.
591 3109 625 3146 ea
642 3093 712 3147 item
735 3092 772 3145 ι’.
801 3091 905 3146 cadunt
922 3095 947 3144 d.
975 3091 1090 3146 eaedem
1108 3110 1131 3146 r.

189 3169 221 3216 10
240 3165 355 3219 horrent
372 3164 418 3218 vel
436 3179 491 3234 epo.
520 3164 554 3218 -ti
572 3167 605 3218 ut
621 3166 659 3218 αἱ.
688 3164 753 3236 -tltl
769 3166 818 3217 eut
835 3167 885 3216 rt.
912 3165 954 3218 -ta
973 3165 1005 3216 ut
1021 3167 1053 3216 R.
1080 3163 1133 3217 -ne

114 3238 148 3290 ut
163 3236 229 3289 M.
303 3242 335 3292 13
354 3251 405 3305 per
424 3238 484 3306 (pro
503 3237 547 3304 1²)
566 3235 683 3290 raritate
700 3241 756 3289 Dr.
830 3239 863 3288 lt
883 3234 1036 3304 spatiosam
1056 3235 1132 3288 cubi-

114 3310 160 3361 tus
183 3321 238 3376 epo.
267 3323 314 3361 -sa
328 3307 470 3362 incubitns
490 3304 532 3362 1³⁹.
560 3325 605 3361 -ss
622 3307 762 3362 incubitat
780 3311 803 3360 d.
833 3323 876 3360 -sa
893 3305 1020 3382 incubita
1037 3323 1059 3359 r.

116 3385 156 3434 15.
168 3384 202 3434 16
220 3378 367 3432 laxitatem
383 3381 481 3433 ament
498 3395 545 3450 epo
563 3395 624 3434 ooo.
639 3381 691 3433 teo.
705 3395 733 3447 p.
744 3383 788 3433 76.
813 3377 879 3432 -itae
891 3379 954 3432 tota
966 3377 1047 3431 uarie
1059 3377 1131 3432 W.

114 3452 182 3505 -ites
199 3451 280 3505 uarie
297 3455 321 3503 c
338 3467 434 3506 acore.
448 3468 473 3505 o.
500 3451 566 3506 -ites
584 3453 617 3504 ut
634 3450 714 3504 anari
731 3467 754 3504 r.
811 3457 843 3504 1‘1
862 3450 946 3503 inane
965 3453 989 3502 d.
1014 3462 1089 3502 -nem
1108 3467 1131 3502 r.
1175 3513 1178 3519 Ι

69 3530 70 3534 ’
115 3522 288 3596 [emicuerit
303 3527 335 3576 n.
399 3525 439 3576 18.
452 3527 484 3576 19
504 3523 673 3593 exsuperent
689 3526 720 3576 c.
783 3528 816 3575 19
835 3521 899 3576 diet
918 3521 1018 3576 Ianua.
1039 3523 1043 3589 Ι
1064 3537 1131 3589 qaa-

113 3595 281 3666 dragintena
302 3599 333 3648 Β.
362 3593 523 3665 -dringenta
545 3595 582 3648 (1¹.
655 3599 690 3649 20
713 3596 826 3664 partum
848 3593 893 3647 12².
938 3597 1000 3646 *nt
1024 3592 1150 3662 saporis*

113 3666 189 3720 Μ’.
213 3667 249 3722 ·ri
267 3684 289 3722 r.
305 3669 311 3736 l
327 3666 391 3722 uisu
409 3671 434 3720 d.
454 3683 496 3721 -so
513 3683 536 3722 r.
559 3667 610 3734 cfr.
627 3667 727 3722 Ianam.
742 3664 837 3721 annal.
849 3665 945 3734 philol.
960 3669 1034 3720 1859
1045 3669 1121 3734 pff(

166 3757 233 3798 Pnru.
248 3766 304 3798 nar.
318 3768 380 3798 nrm.
409 3758 440 3797 11.
954 3760 967 3808 7
