2478 3936
174 189 235 237 xv,
576 161 786 218 euasurum

174 319 287 402 serunt.
332 318 420 378 velut
443 315 579 392 Silligius
603 334 722 375 omnem
749 314 931 391 scripturam
958 313 1125 372 Plinianam
1147 314 1177 371 ad

174 426 224 468 eas
242 409 326 484 leges
350 406 558 492 conicrmavit,
582 423 656 480 quas
679 405 711 462 in
733 404 848 463 ultimis
871 403 960 461 libris
983 403 1136 462 invenerat
1154 403 1178 460 in

172 497 394 574 Bambergensi
412 495 512 555 codice
531 495 708 571 plerumque
727 493 902 553 observatas
923 494 954 551 et
973 493 1179 551 consentientes

122 597 125 602 '
174 605 242 646 cum
264 585 399 663 Philippi
421 584 569 661 Wagneri
596 583 633 642 de
661 582 883 660 orthographia
904 580 1084 658 Vergiliana
1108 599 1179 656 prae-

174 677 279 752 ceptis.
326 674 431 736 eodem
460 673 549 734 modo
579 673 671 732 Ianus
701 672 733 731 in
761 671 863 749 priore
893 671 1026 730 editione
1055 673 1179 730 versatus

173 767 233 842 est;
251 765 283 824 in
301 765 427 824 alterius
441 763 593 823 volumine
607 762 717 838 primo,¹
733 778 915 837 quamquam
933 760 1033 818 multa
1049 762 1180 818 retracta

172 855 219 914 vit
240 853 438 930 mutavitque,
461 853 506 912 ita
528 854 631 911 tamen
654 851 711 910 sibi
734 851 879 928 constitit,
901 851 938 909 ut
956 849 1084 926 quartae
1107 847 1181 908 deeli-

173 943 304 1004 nationis
327 943 433 1002 formis
456 941 488 1000 in
513 947 551 1002 aa
579 940 769 1016 exeuntibus,
797 939 836 998 de
864 939 974 1016 quibus
1003 939 1056 998 cfr.
1081 939 1180 997 Detlef-

175 1051 264 1092 senus
297 1033 329 1092 in
362 1031 458 1110 symb.
486 1031 590 1107 philol.
618 1029 713 1089 Bonn.
743 1049 772 1104 p.
802 1031 865 1090 712
895 1047 973 1105 sqq.,
1010 1027 1181 1105 geminatam

175 1123 310 1182 vocalem
339 1140 372 1196 a,
405 1121 475 1197 quia
504 1119 660 1180 Plinianae
690 1118 841 1195 quondam
871 1117 1098 1198 consuetudinis
1125 1117 1180 1191 furit,

174 1212 266 1271 etiam
284 1213 390 1270 contra
408 1210 556 1270 librorum
573 1207 750 1268 memoriam
767 1203 880 1284 ubique
898 1207 1088 1266 restitueret.
1117 1225 1181 1282 quae

174 1300 252 1360 ratio
281 1291 395 1376 quanta
421 1299 533 1359 habeat
559 1297 747 1358 incommoda
775 1315 844 1356 cum
869 1297 959 1356 facile
986 1296 1181 1372 intellegatur,

177 1390 230 1448 alii
247 1389 390 1448 id'unum
409 1388 560 1465 agendum
583 1405 649 1448 esse
667 1388 785 1463 putant,
803 1387 839 1444 ut
857 1387 1043 1463 optimorum
1060 1385 1183 1445 codicum

176 1478 335 1556 scriptura,
359 1478 495 1554 quamvis
517 1476 610 1536 variis
632 1475 863 1553 loeis·variens,
892 1475 1016 1552 integra
1038 1476 1128 1552 atque
1148 1475 1183 1532 iu-

175 1569 294 1626 mutata
316 1567 510 1644 exprimatur,
533 1566 565 1624 id
588 1565 668 1642 quod
689 1565 722 1624 in
739 1563 838 1624 Plinio
862 1564 976 1624 edendo
1000 1564 1182 1624 Detlefsenus

173 1657 253 1732 fecit,
276 1657 309 1716 in
327 1657 411 1716 cuius
431 1656 561 1716 editione
579 1654 682 1715 videre
704 1655 784 1727 lieet,
808 1656 921 1730 quanta
944 1654 985 1712 sit
1003 1653 1097 1713 etiam
1113 1655 1182 1730 'opti-

174 1766 293 1806 morum
311 1746 458 1806 librorum
476 1746 508 1804 in
525 1744 574 1804 his
597 1744 687 1804 rebus
710 1743 920 1804 inconstantia.
957 1763 1015 1820 ego
1039 1763 1111 1803 vero
1132 1761 1182 1800 me-

175 1836 257 1894 dium
276 1835 425 1912 quendam
443 1853 563 1896 sursum
581 1833 744 1894 tenendum
766 1833 847 1894 duxi.
882 1833 974 1893 Plinii
997 1833 1079 1892 enim
1099 1832 1181 1908 ipsius

174 1926 348 1985 universam
365 1924 514 1984 rationem
532 1923 806 2000 orthographiam,
825 1923 851 1981 si
868 1939 991 2000 revera
1009 1923 1181 1997 eompertan

174 2015 368 2088 haberemus,
392 2033 454 2074 nos·
471 2031 588 2090 qnoque
612 2012 696 2088 sequi
718 2013 751 2070 in
777 2013 864 2071 textu
891 2011 1102 2070 constituendo
1128 2007 1181 2069 sine

175 2103 266 2162 dubio
289 2121 345 2179 par
368 2105 457 2176 esset,
482 2106 550 2162 dum
572 2101 752 2178 praesertim
774 2101 888 2161 talibus
913 2099 1022 2160 studiis
1046 2116 1178 2176 gramma

174 2192 242 2251 tiois
265 2193 386 2268 praeter
409 2193 525 2252 ceteros
548 2192 635 2250 illum
658 2191 809 2250 intentum
830 2190 924 2249 fuisse
947 2191 1075 2249 constet.
1114 2205 1180 2246 nunc

174 2299 246 2342 vero
269 2280 418 2340 nescimus
446 2299 501 2340 nec
527 2284 563 2341 ut
586 2283 725 2340 accurate
753 2279 852 2340 omnia
880 2279 1011 2340 sciamus
1038 2279 1104 2338 fore
1128 2277 1183 2338 veri

176 2369 274 2430 simile
293 2373 352 2446 est;
376 2370 512 2447 singulas
531 2373 634 2446 partes
652 2369 798 2430 habemus
817 2373 849 2428 et
866 2368 1011 2444 reliquias
1032 2367 1182 2444 deprehen-

175 2459 287 2536 dimus,
318 2477 394 2535 quae
416 2459 558 2520 inlibris
580 2477 672 2520 manu
700 2459 821 2535 seriptis
845 2477 916 2518 casu
938 2457 1093 2518 nonnullis
1118 2457 1182 2516 locis

176 2551 314 2608 servatae
343 2551 414 2608 sunt
442 2549 492 2610 vel
519 2548 599 2624 apud
627 2547 789 2625 scriptores
819 2547 1035 2624 grammaticos
1064 2547 1180 2614 exeunt,

176 2656 250 2715 quas
270 2637 297 2698 si
309 2638 421 2714 ubique
439 2639 471 2698 in
484 2640 602 2698 textum
620 2637 820 2710 intulerimus,
839 2637 915 2696 nihil
929 2635 1093 2696 efficiemus
1111 2632 1183 2694 eliud

175 2746 266 2804 quam
288 2729 323 2788 ut
347 2727 444 2788 oratio
466 2727 543 2786 faeie
570 2726 715 2786 induatur
743 2725 893 2803 singulari
918 2728 950 2784 et
978 2743 1048 2784 cum
1072 2721 1182 2800 vulgari

175 2835 233 2880 usu
251 2817 381 2877 multum
400 2817 597 2893 discrepante,
620 2834 716 2891 neque
733 2818 837 2874 tamen
854 2815 1051 2874 restituemus
1074 2813 1182 2874 omniuo

175 2905 268 2965 Plinii
294 2905 389 2982 ipsius
417 2907 580 2983 genuinam
608 2922 744 2981 manum,
777 2905 912 2964 codicum
940 2923 1013 2964 vero
1046 2903 1183 2980 scriptura

176 2995 352 3071 saepissime
374 2995 462 3056 nobis
484 2993 630 3054 mutanda
657 2994 724 3052 erit.
770 2994 926 3070 explorare
954 2993 1076 3070 quidem
1103 2992 1181 3052 huius

175 3084 258 3146 modi
284 3103 333 3146 res
360 3085 490 3161 perutile
518 3086 578 3160 est,
606 3085 638 3142 et
665 3101 723 3160 quo
752 3083 878 3160 quisque
904 3078 1008 3158 plures
1036 3084 1118 3142 certo
1143 3100 1183 3140 ex·

175 3173 355 3252 ploraverit,
388 3193 423 3236 eo
453 3173 552 3250 magis
581 3191 637 3232 nos
668 3171 818 3250 gratiores
847 3171 987 3248 habebit3
1020 3171 1182 3248 exploratae

176 3265 279 3322 autem
296 3263 396 3323 locum
413 3263 527 3324 habent
544 3262 576 3321 in
594 3261 811 3340 grammaticae
829 3262 957 3324 Latinae
975 3261 1111 3338 historia,
1131 3277 1183 3318 non

175 3351 329 3428 pertinent
347 3351 386 3410 ad
405 3351 566 3412 editionem
584 3351 734 3412 communi
751 3351 822 3412 usui
834 3351 991 3412 hominum
1009 3351 1182 3412 eruditorum

176 3439 366 3516 destinatam,
384 3441 417 3498 in
430 3457 489 3516 qua
502 3441 598 3500 tutius
613 3441 813 3502 videturesse
829 3441 919 3500 simul
936 3443 968 3500 et
981 3440 1114 3500 codicum
1130 3455 1181 3496 me-

176 3529 311 3606 moriam,
339 3529 438 3604 quoad
460 3531 540 3588 reete
569 3547 600 3588 se
628 3529 733 3608 habet,
762 3547 883 3599 servare
906 3533 938 3590 et
960 3547 1086 3606 pravam
1106 3527 1181 3587 illan

178 3617 326 3676 scribendi
344 3617 576 3678 inconstantiam
594 3637 757 3697 removere,
777 3638 868 3695 quam
882 3619 1132 3696 probabilins‘est
1148 3614 1181 3674 ad
