2364 3928
104 195 143 243 1v
389 189 517 240 cnsont
532 188 611 236 JANI
626 182 836 234 PRAnrsrro.

103 355 165 414 libri
185 361 217 410 ut
230 353 348 410 Vaticani
364 350 410 424 (D)
431 357 459 406 et
473 346 627 407 Parisinil
642 345 698 420 (a),
719 346 771 401 iarn
792 341 900 398 demum
922 354 1014 396 ornnes
1030 338 1116 393 variae

103 441 234 496 lectiones
256 444 332 494 erant
351 452 401 510 per
421 435 537 492 eundem
550 435 637 488 virum
658 429 844 488 doctissimum
866 425 1051 498 conscriptae,
1072 421 1117 478 alii

104 524 211 582 codices
232 529 310 578 antea
325 523 412 576 miuus
427 526 551 576 accurate
573 515 679 574 excussi
693 516 792 570 iterum
811 511 912 566 maiore
927 508 1068 582 diligentia
1084 505 1116 562 ab

103 607 199 665 eodem
214 612 291 663 erant
307 604 435 674 adhibiti,
455 611 487 660 ut
507 600 697 677 Lugdunensis
713 596 757 670 (A)
779 603 807 652 et
822 593 1007 674 chiffletianus
1027 591 1072 648 ille
1091 587 1117 646 Θ

103 691 150 748 diu
163 691 347 762 desideratus,
369 687 476 745 tandem
491 704 506 744 a
520 685 675 743 lletleiseno
691 691 719 740 et
737 683 797 756 ipse
811 678 938 754 Lugduni
954 678 1115 736 Batavorum

101 783 228 850 repertus
246 783 275 832 ct
288 775 379 832 littera
394 774 422 828 F
433 774 563 848 signatus.
596 769 643 826 llis
658 770 708 825 iam
726 765 856 824 utendum
871 771 930 820 crat
945 761 1115 832 adiumentis,

101 868 242 936 praeterea
252 866 329 934 pater
339 857 498 915 collationes
513 872 580 930 quas
594 861 673 911 antea
686 853 745 926 ipse
756 849 909 906 Florentiae
919 847 1019 904 homae
1033 845 1116 902 Lute-

102 947 156 1001 tiae
182 943 283 1000 iecerat
307 943 471 1000 Riccardiani
499 941 618 997 Vaticani
645 937 787 1010 utriusque
812 933 926 990 Parislni
947 931 1115 1005 (RDad)e

101 1027 266 1086 bibliotheca
285 1029 361 1102 regia
374 1025 519 1083 liresdensi
533 1025 630 1100 petitas
645 1024 744 1079 iterum
759 1018 914 1090 consuluit,
930 1016 1002 1099 unde
1016 1017 1115 1072 multas

102 1113 234 1170 lectiones
249 1113 339 1168 verius
359 1111 402 1167 hic
422 1110 492 1167 inira
512 1111 632 1166 invenies
652 1113 770 1162 notatas.
799 1102 901 1172 Quibus
915 1103 944 1158 in
958 1100 1115 1158 adhibendis

103 1197 207 1254 auxiliis
223 1213 254 1254 ea
268 1195 405 1270 sequenda
421 1201 477 1252 erat
491 1196 577 1266 ratio,
593 1200 623 1249 ut
637 1191 761 1249 codicum
776 1205 887 1262 eorum,
902 1187 999 1262 quibus
1014 1184 1117 1242 bellel-

103 1298 185 1337 senus
206 1288 252 1336 aut
272 1280 333 1354 plus
354 1282 427 1336 iusto
449 1287 496 1336 aut
516 1280 604 1334 minus
623 1275 750 1334 tribuisse
770 1273 924 1345 videretur,
949 1287 1022 1327 nunc
1040 1277 1118 1326 recta

104 1365 181 1421 lieret
196 1367 355 1422 aestimatio.
381 1363 411 1423 ln
422 1363 491 1420 libro
504 1362 612 1438 quidem
626 1361 638 1417 l
651 1357 822 1417 restituendo
832 1358 939 1414 nimiam
954 1353 1035 1412 iidem
1050 1355 1118 1411 olim

103 1467 133 1506 se
153 1448 279 1505 babuisse
299 1446 435 1505 codicibus
455 1447 512 1504 lllll
532 1447 617 1504 seculi
639 1446 710 1502 Yet
730 1445 750 1500 d
768 1445 820 1500 iam
838 1441 940 1498 dudum
960 1442 1019 1515 ipse
1039 1447 1118 1514 pater

103 1540 275 1590 concesserat
296 1531 359 1605 (vol.
373 1531 411 1604 ll,
432 1549 495 1607 pag.
510 1527 582 1606 vlt);
607 1539 695 1587 tamen
717 1544 779 1586 cum
801 1540 906 1584 omnem
926 1527 958 1582 iis
982 1525 1118 1599 derogare

103 1618 186 1674 vellet
205 1617 363 1692 dignitatern
378 1616 563 1688 betleisenus,
584 1615 672 1689 aliqua
692 1619 766 1670 certe
785 1611 929 1668 auctoritas
950 1608 1119 1684 suffragante

103 1701 191 1759 Felsio
206 1701 339 1760 Urlichsio
353 1701 498 1776 llapboliio
508 1695 528 1773 ¹)
548 1701 581 1756 iis
602 1705 659 1756 erat
674 1697 839 1754 vindicanda.
869 1693 967 1752 Contra
982 1694 1118 1751 lectiones

103 1802 184 1842 manu
195 1787 279 1842 altera
293 1785 396 1842 additae
407 1787 436 1842 in
448 1783 584 1844 codicibus
596 1786 623 1842 R
631 1803 649 1840 a
662 1799 728 1858 quas
744 1797 838 1838 omnes
854 1781 985 1856 genuinas
995 1778 1042 1836 ille
1053 1795 1119 1835 cen·
1179 1847 1180 1850 Ἴ

104 1878 147 1928 set
161 1887 192 1927 ac
204 1878 324 1927 vetustas
340 1869 504 1928 adhibendae
519 1877 596 1926 erant
610 1871 734 1926 cautione
749 1883 779 1924 ea
794 1865 873 1941 quam
887 1867 946 1940 ipse
961 1872 1039 1940 pater
1052 1861 1118 1937 plus

105 1955 189 2011 semel
207 1963 327 2011 suaserat
349 1962 377 2010 et
397 1971 477 2027 quam
497 1953 673 2011 consideratis
693 1954 726 2008 iis
747 1967 816 2026 quae
837 1949 941 2026 l'elsius
961 1947 1119 2006 haedere
1175 2017 1176 2020 Ἴ

104 2039 225 2112 disputat
237 2040 424 2112 unusquisque
439 2037 571 2112 probabit.
580 2029 603 2110 ²)

168 2123 220 2179 Has
235 2129 346 2179 secutus
361 2123 480 2178 rationes
493 2124 544 2180 iarn
555 2123 648 2196 decem
659 2122 741 2179 libros
753 2121 882 2178 naturalis
898 2121 1024 2177 historiae
1038 2127 1121 2194 pater

105 2203 259 2264 carissimus
273 2214 481 2282 recognoverat,
496 2225 592 2264 novem
607 2209 657 2264 iam
668 2205 791 2282 plagulas
803 2211 938 2262 correctas
953 2203 1025 2260 idem
1036 2211 1120 2278 typo-

4 2333 6 2336 -
106 2293 209 2366 grapho
225 2293 380 2362 remiserat,
395 2321 437 2330 -
451 2291 482 2348 ut
498 2291 643 2350 conficeret
659 2309 727 2366 opus
743 2291 767 2347 ei
782 2307 838 2346 non
852 2291 975 2362 contigit.
1006 2287 1119 2346 llorbus
1176 2280 1180 2286 ”

107 2377 153 2449 qui
173 2377 224 2431 iam
247 2375 349 2431 dudum
371 2392 419 2432 cor
439 2375 564 2433 affecerat
585 2393 646 2433 eum
667 2377 801 2450 geminata
815 2375 842 2430 vi
862 2390 1008 2448 aggressus
1023 2371 1085 2428 inde
1102 2390 1120 2428 a
1178 2368 1179 2371 ’

105 2476 197 2516 mense
213 2460 307 2537 Martio
324 2461 403 2516 buius
418 2463 481 2517 anui
494 2461 580 2517 Plinio
595 2477 645 2516 suo
662 2459 772 2516 studere
784 2460 871 2515 vetuit
886 2466 913 2514 et
927 2457 970 2514 die
987 2458 1025 2514 11
1042 2473 1120 2514 men·

106 2546 143 2600 sis
159 2543 259 2618 Aprilis
274 2547 387 2601 animam
403 2546 539 2602 exstinxit.
573 2544 613 2600 lta
628 2544 694 2601 obiit
708 2545 732 2599 is
747 2559 827 2618 quern
842 2541 962 2617 Silligius
977 2543 1029 2598 iam
1044 2558 1119 2598 anno

107 2628 189 2687 1851
205 2627 259 2701 (ed.
274 2631 359 2686 maior
372 2629 399 2701 l,
419 2646 482 2705 pag.
498 2629 542 2702 lV)
562 2631 595 2686 iis
616 2627 844 2686 adnumerandum
864 2627 930 2683 diss
950 2625 1048 2700 quibus
1063 2625 1122 2682 Pli-

106 2715 167 2770 nius
187 2713 298 2770 deberet
317 2714 472 2788 plurimum.
509 2714 586 2771 Anno
608 2715 678 2770 enirn
701 2711 781 2770 1828
802 2728 864 2770 cum
883 2719 992 2768 auctore
1013 2709 1121 2767 Olcnio
1178 2715 1180 2778 j

105 2797 218 2872 aliisque
233 2797 320 2855 doctis
336 2805 446 2856 naturae
461 2814 552 2856 rerum
566 2796 804 2874 investigatoribus
816 2797 976 2854 bavarorum
991 2810 1038 2852 rex
1053 2813 1123 2870 pro·

105 2883 196 2958 posito
223 2898 273 2938 suo
299 2882 434 2956 stipendio
457 2883 658 2940 hiccardianum
683 2881 869 2940 et·Parisinos
895 2880 1001 2937 codices
1027 2883 1124 2938 excuti
1175 2869 1178 2947 s

105 3014 308 3026 -——-—-——

175 3078 195 3146 ¹)
211 3081 286 3132 Pela
298 3082 333 3132 de
346 3081 472 3133 codicum
532 3082 598 3133 letis
611 3081 664 3133 fide
679 3083 942 3149 etque-auctoritate
954 3079 1123 3147 (Gottingae
1175 3117 1181 3122 ›-

108 3149 185 3212 1861)
198 3147 291 3200 multis
303 3149 380 3203 locis.
406 3149 642 3205 Urlichsrbein.
654 3149 779 3202 Mueeum
791 3151 823 3203 N.
837 3151 867 3204 F.
879 3149 981 3210 XVIII,
995 3165 1019 3219 p.
1033 3151 1083 3200 532
1097 3165 1125 3204 ε.
1176 3187 1177 3190 η

107 3215 234 3270 Heidelb.
244 3217 262 3266 J
265 3216 359 3271 abrbb.
371 3219 445 3271 1867.
455 3233 480 3282 p.
490 3219 548 3272 209.
569 3217 724 3283 Maphoii
734 3217 942 3270 lucubrationes
955 3217 1026 3270 Plin.
1038 3232 1066 3281 p.
1077 3219 1126 3269 15.
1175 3232 1177 3235 ·

107 3283 125 3334 J
132 3297 185 3348 en,
202 3283 454 3350 Sitnungsberichte
466 3284 516 3335 der
526 3286 604 3350 bayr.
616 3285 764 3336 Academia
778 3285 853 3336 1862.
865 3285 891 3350 1,
905 3301 932 3352 p.
941 3287 1000 3340 244.
1026 3284 1128 3336 Philo·
1176 3317 1177 3320 =

106 3351 376 3500 lofug)xl}gl3'l†lg
389 3368 457 3487 spsag.
474 3423 516 3472 be.
535 3423 576 3475 61.
594 3423 634 3476 vt.
665 3421 684 3472 J
691 3437 743 3484 an,
764 3421 805 3472 cd.
821 3422 849 3486 1,
870 3422 921 3474 vol
941 3423 967 3480 Ι,
986 3437 1048 3487 pag.
1067 3421 1126 3476 IV.

109 3485 366 3554 Sitaungebericbte
379 3489 398 3542 l.
412 3505 435 3540 c.
448 3505 474 3556 p.
487 3491 546 3542 236.
558 3491 617 3544 239.
636 3489 760 3554 (Jahrbb.
777 3489 822 3540 iiii·
833 3489 905 3542 Phil.
919 3491 993 3554 1867,
1007 3506 1032 3556 p.
1046 3490 1128 3558 853.)
1178 3493 1179 3496 ’
