2286 3938
320 167 526 224 rursusne
848 191 936 240 mn

25 321 139 394 tiuvitiis,
157 321 187 378 ut
204 319 262 378 XII
278 321 320 382 83
333 337 459 394 pompae
477 319 665 380 Meddente
676 318 740 380 (iel.
762 339 880 396 poppae
897 321 934 380 D.

25 429 73 488 ppae
87 429 101 470 e
116 401 171 486 [pro
186 408 347 486 Poppaeae,
371 409 450 486 quod
472 409 505 468 in
526 409 546 468 d
569 410 716 486 scriptum
738 428 804 470 esse
826 405 934 486 fertur,

25 501 99 562 Iudaeo
113 498 271 575 comeatum,
294 517 314 558 a
333 498 457 560 Gelenic
475 502 631 575 receptum
653 492 723 580 est),
747 502 777 560 et
795 499 855 560 XII
871 503 933 560 119

24 592 85 654 asine
97 593 174 649 adeo
188 590 348 650 maiman
366 593 392 650 a
407 590 687 663 ponderosissimum
709 607 767 648 om.
782 588 847 648 edd.
862 592 932 650 ante

24 679 52 740 ut
78 683 97 737 el
111 677 377 751 ponderosissima
399 697 456 738 cun
479 677 520 738 M.
548 669 644 758 (addc
672 678 746 736 XIII
771 681 812 738 63
840 678 934 754 speia

24 767 144 836 iolcdd.
160 769 227 828 ante
244 767 337 828 Barb.
366 770 454 841 micea
480 759 645 848 rBarb.).‘
684 770 777 844 atque
804 787 820 826 e
847 768 934 828 bonis

24 857 120 933 ionibus,
140 874 209 934 quas
232 856 378 916 editiones
401 857 471 916 illae
495 875 563 916 cum
585 857 669 916 nullo
697 857 832 916 codicum
859 876 934 934 qnos

23 945 76 1020 iiius
87 964 239 1006 communes
253 946 375 1023 habeut,
398 947 559 1006 nonnullae
578 946 623 1005 ita
641 949 832 1022 comparatae
853 950 933 1024 sunt,

23 1033 204 1097 ltconieetnra
227 1054 280 1095 eas
301 1035 414 1112 positas
438 1054 504 1096 esse
527 1035 578 1098 vix
600 1035 742 1096 credibile
766 1037 819 1113 eit,
847 1037 932 1098 velut

23 1119 68 1190 lili
86 1125 210 1184 lacunam
237 1125 376 1184 omnibus
406 1125 557 1186 codicibus
591 1143 779 1186 communem
811 1125 933 1201 explent

23 1213 97 1272 escitis
115 1214 162 1274 loc
187 1218 230 1274 cst
255 1217 398 1276 viscereae
425 1215 648 1276 excelsissimam
668 1211 934 1291 proeiomm[que],

22 1304 217 1376 epcstericrum
239 1303 389 1367 editorum
410 1323 498 1364 nemo
522 1303 622 1364 delere
645 1322 736 1365 ausus
759 1306 814 1364 est.
860 1304 933 1362 haec

22 1391 169 1469 tumidam,
191 1413 251 1470 ego
269 1393 472 1454 dubitaverim
495 1413 534 1452 an
556 1393 752 1454 confidentius
771 1412 862 1469 quam
884 1413 934 1454 ve-

39 1479 193 1542 lletlefsanus
218 1483 251 1542 in
272 1483 459 1542 Fleckeisani
478 1484 577 1544 annal.
595 1483 668 1559 phil.
689 1485 773 1544 1867
793 1504 823 1559 p.
839 1485 879 1542 76
904 1486 936 1542 et

21 1493 76 1662 μορ
92 1571 217 1630 XXVIII
239 1594 268 1650 p.
289 1574 354 1632 310
377 1572 487 1632 cuerit
510 1593 526 1634 e
549 1572 690 1632 subsidiis
710 1573 833 1650 criticis,
858 1591 934 1649 quae

21 1659 62 1736 ptis
75 1660 228 1722 editoribus
247 1661 504 1739 suppeditassent,
527 1663 578 1723 vix
600 1662 697 1722 ullum
719 1680 774 1722 nos
798 1661 932 1738 deficere,

21 1743 147 1824 {iquidem
179 1752 355 1814 nonnullius
394 1753 539 1812 momenti
573 1754 661 1810 esset.
718 1769 795 1826 quae
831 1751 933 1827 qualia

21 1837 219 1900 ''teccuratius
244 1841 413 1902 describere
435 1841 568 1902 nondum
589 1858 713 1917 possum
741 1843 785 1918 et,
813 1840 931 1900 etiamsi

72 1929 192 1989 alienum
210 1933 316 1991 tamen
334 1929 372 1989 ab
391 1931 531 1992 hocloco
551 1933 643 2008 esset3
663 1929 716 1990 sed
734 1949 792 2007 quc
811 1930 929 1990 facilius

53 2023 168 2094 exparte
188 2020 331 2096 cognosci
347 2023 459 2096 posset,
478 2020 510 2080 in
526 2019 642 2080 ultimis
660 2020 747 2080 libris
765 2019 931 2096 largiorem

66 2108 223 2170 eiusmodi
246 2109 474 2170 adnotationum
496 2109 565 2168 dadi
587 2113 618 2168 et
636 2109 733 2185 primo
751 2108 932 2170 lectionibus

20 2191 136 2275 peribus,
159 2201 316 2275 postremo
336 2199 473 2258 omnibus
497 2217 602 2258 earnm
625 2198 791 2258 editionum
812 2199 935 2260 nomina

20 2284 63 2359 leni
77 2286 226 2364 inquibus
242 2288 394 2365 quondam
410 2289 443 2346 in
456 2292 574 2348 textum
591 2291 729 2364 receptae
743 2288 934 2365 legebantur,

20 2376 68 2446 pusi
86 2376 211 2440 historia
235 2378 384 2455 quaedam
406 2378 596 2455 siugulcrum
617 2378 752 2438 locorum
778 2379 826 2436 his
853 2379 934 2438 notis

20 2459 114 2543 meatur,
136 2487 174 2527 ex
193 2485 256 2544 qua
278 2485 353 2544 quas
373 2468 499 2544 quisque
517 2467 739 2528 vicissitudines
759 2467 886 2526 subierit
904 2469 936 2525 et

20 2553 134 2616 sollertia
157 2557 291 2618 editores
315 2575 438 2616 munere
461 2557 563 2616 critico
586 2556 683 2616 functi
710 2557 770 2617 sint
797 2555 935 2632 intellegi

20 2639 43 2704 it.
74 2645 142 2706 haec
164 2665 215 2707 res
238 2646 315 2706 mihi
336 2648 415 2706 tanti
437 2646 503 2706 visa
526 2649 585 2719 est,
612 2649 648 2705 ut
669 2663 777 2720 parum
804 2645 880 2704 certi
903 2646 934 2704 et

20 2725 87 2794 tntu
100 2736 218 2796 consilii
231 2736 345 2796 crimen
357 2755 418 2795 non
430 2735 547 2796 veritus
561 2733 782 2810 suscipiendum
795 2737 936 2810 putarem

20 2827 61 2888 tem
78 2826 239 2886 molestum
266 2826 412 2886 editiones
436 2843 539 2886 omnes
563 2823 682 2884 assidue
704 2823 881 2899 inspiciendi
903 2824 935 2882 et

20 2903 126 2974 tilium
148 2916 272 2994 quidem
294 2915 499 2976 molestiorem
520 2914 553 2972 in
575 2913 708 2990 plagulis
732 2931 751 2972 a
773 2913 935 2989 typotheta

20 3015 41 3056 lc
60 3005 151 3065 missis
182 3004 355 3081 corrigendi
376 3005 426 3065 vel
447 3003 599 3064 inserendi
626 3022 662 3062 ca
689 3021 765 3079 quae
792 3002 831 3062 ad
858 3003 935 3062 hauc

20 3103 72 3150 nem
90 3094 267 3172 corrigenda
289 3095 339 3154 vel
362 3093 498 3152 addenda
521 3094 616 3152 erant.
652 3093 767 3168 primae
791 3094 935 3169 quattuor

20 3195 50 3236 en
60 3184 197 3261 plagulae
213 3185 277 3244 iam
294 3201 355 3244 non
367 3183 510 3259 putarant
528 3181 649 3259 corrigi,
668 3185 699 3242 et
716 3182 748 3240 in
761 3181 935 3258 posteriori-

29 3274 167 3348 untequam
186 3274 334 3334 editiones
352 3273 542 3332 Basileenscs
560 3272 681 3334 Erasini
699 3273 731 3332 et
750 3270 868 3332 Gelenii
884 3271 935 3329 ad-

20 3357 67 3418 ulas
82 3381 144 3424 esse
164 3364 284 3440 scirem,
307 3361 460 3421 interdum
477 3362 577 3420 minus
596 3363 734 3422 accurate
748 3360 935 3435 Dalecampii

20 3453 141 3529 lnpcsui3
165 3454 225 3512 hae
248 3453 393 3512 lectiones
415 3452 447 3510 in
470 3451 633 3527 appendice
651 3451 740 3510 huius
763 3449 935 3523 uoluminis,

20 3529 208 3618 *corrigenda
231 3543 262 3600 at
285 3533 433 3600 addenda'
457 3541 596 3614 continet,
619 3541 791 3616 propositae
815 3539 893 3598 suut.

20 3621 41 3681 tt
57 3627 86 3686 de
105 3632 235 3692 vetustis
257 3631 439 3692 editionibus
458 3630 600 3707 quoniam
622 3629 851 3689 novissimorum
874 3626 934 3686 edi-

1115 3697 1117 3749 l
