2396 3940
245 183 329 239 333.
348 182 440 238 3333.
460 184 499 238 m
518 190 623 240 21-24
643 188 768 258 (ro-rs)
947 189 1013 256 227

26 335 146 417 rupressi,
170 331 345 417 terebinthi,
367 333 488 418 fraxini,
512 353 642 416 quereus
665 336 770 400 florem
792 337 939 405 imbribus
962 341 1011 404 de·

26 441 119 484 *ussum
142 431 240 485 terme
259 423 357 486 balitu
383 426 541 488 ammenta
587 427 652 490 nen
680 435 779 490 autem
806 431 902 509 primo
929 432 1011 512 papi·

26 515 90 573 lones
119 531 228 593 paruos
254 512 425 598 nudosque,
453 533 526 579 mon
556 516 702 597 frigorum
729 520 905 599 inpatientia
934 519 1010 586 villis

26 601 204 664 chorresoere
234 611 264 665 st
292 603 433 668 adversus
456 605 586 670 hiemem
613 609 729 672 tunicas
758 607 815 670 sibi
839 611 1010 676 instaurare

27 711 118 776 ansas,
142 693 254 773 pedum
277 697 434 775 asperitate
452 695 592 760 radentes
610 696 752 764 foliorum
770 698 947 778 lanuginem.
978 701 1010 761 in

26 782 102 844 clera
126 781 203 844 bano
225 782 263 845 ab
286 785 323 846 iis
346 787 412 865 cogi
436 785 593 867 subigique
621 789 768 866 unguium
791 790 1011 872 considetione,

26 891 64 932 roi
83 873 164 934 trahi
182 876 214 935 in
233 882 350 958 trames,
369 878 486 938 tenuari
504 894 560 938 oeu
576 879 705 959 pectine,
723 885 831 958 postea
849 877 1013 959 adprehen-

26 981 60 1022 33
85 966 206 1044 corpori
233 965 342 1026 involvi
369 965 438 1026 nido
466 965 595 1030 volubili.
645 975 711 1030 tum
735 966 773 1030 ab
798 967 920 1034 homine
948 967 1012 1032 tolli
1030 977 1063 1028 13

26 1052 196 1134 utilibusque
221 1057 297 1116 rasis
314 1062 423 1135 tepore
448 1063 478 1116 et
500 1057 653 1120 furfurum
668 1075 744 1122 33333
771 1060 894 1140 nutriri,
921 1066 1030 1138 atque·

26 1143 200 1206 asnbn'asci
227 1147 274 1206 sni
296 1147 419 1225 ,generis
446 1146 577 1229 plumas,
605 1145 714 1227 quibus
742 1149 864 1212 vestitos
892 1147 929 1210 ad
957 1148 1011 1210 3113

26 1252 83 1294 ansa
112 1235 231 1297 dimitti.
278 1253 352 1315 quae
380 1253 450 1296 vero
479 1243 564 1316 capta
592 1238 652 1304 siut
678 1237 795 1303 tamum
817 1255 922 1300 tunore
949 1236 1010 1299 len·

26 1343 123 1407 scere,
147 1343 218 1386 ‘mox
239 1327 272 1386 in
295 1325 342 1386 fila
364 1328 483 1388 tenuari
499 1329 613 1390 iunceo
637 1327 712 1388 inso.
749 1345 805 1390 noo
828 1327 935 1406 puduit
957 1325 1011 1388 has

26 1423 88 1476 stes
118 1433 268 1496 usurpare
297 1417 385 1477 etiam
413 1417 493 1476 viros
525 1414 674 1480 levitatem
705 1424 829 1498 propter
860 1417 1010 1484 aestivam.

26 1513 175 1567 tantum
204 1525 220 1566 3
248 1505 340 1567 133133
370 1505 500 1586 geronda
532 1505 698 1572 discessere
729 1525 828 1571 mores
860 1513 894 1568 nt
926 1507 1010 1569 oneri

26 1603 31 1655 t
58 1598 152 1657 etiam
179 1597 278 1656 333113.
324 1595 442 1676 Assyria
470 1603 568 1658 tamen
596 1595 740 1676 bombyce
767 1595 864 1658 adhuc
893 1596 1010 1666 sentinis

26 1686 147 1746 ¹dimus.-

57 1769 118 1838 24.
147 1767 222 1857 (28)
245 1774 430 1836 tirannorum
451 1775 499 1836 bis
518 1794 578 1838 non
597 1774 725 1838 absrrrde
744 1777 884 1854 iungatur
903 1783 1008 1836 natura
1028 1781 1060 1831 73

26 1883 75 1944 gna
95 1864 148 1926 vel
166 1866 326 1944 praecipua
345 1865 548 1931 admiratione.
576 1865 662 1945 plura
686 1873 785 1931 autem
810 1873 880 1936 sum
903 1881 1012 1944 genera

26 1975 46 2014 ee
74 1955 163 2016 dictu
187 1956 361 2016 neccssaria
390 1957 421 2014 in
451 1962 532 2016 tanta
562 1956 674 2018 notitia.
722 1953 880 2036 phalangia
910 1973 945 2014 ex
974 1954 1011 2016 iis

27 2045 183 2125 pellantur
198 2062 328 2124 quorum
346 2046 573 2126 noxfitmorsus,
592 2063 701 2126 corpus
721 2047 870 2126 exiguum,
889 2045 1012 2124 varium,

26 2138 206 2216 ominatum,
229 2133 369 2196 adsultim
390 2134 630 2214 ingredientium.
654 2133 746 2196 altera
769 2152 874 2198 eornm
897 2135 1012 2215 species

26 2229 64 2304 gri
89 2223 248 2306 prioribus
277 2223 415 2286 cruribus
445 2223 632 2304 longissimis.
679 2223 817 2293 omatibus
845 2224 1013 2290 internodia

26 2335 72 2376 na
97 2318 133 2375 in
160 2313 324 2376 cruribus.
348 2313 487 2394 luporum
510 2316 624 2378 minimi
647 2333 707 2378 non
730 2322 843 2380 tentant.
884 2315 1011 2380 maiores
1031 2317 1065 2367 80

36 2415 134 2487 terra,
149 2412 190 2464 et
208 2406 343 2466 cavernis
360 2405 467 2484 exigam
485 2403 630 2466 vestibula
647 2404 862 2485 praependent.
890 2405 1012 2468 tertium

26 2497 162 2556 eundem
188 2511 284 2574 genus
307 2493 423 2556 33331113
445 2496 617 2574 operatione
648 2495 862 2572 conspicuum:
897 2491 1012 2552 orditur

26 2604 57 2646 as
85 2585 227 2663 tantique
252 2585 351 2663 operis
374 2586 515 2647 materiae
545 2591 650 2645 asterus
678 2585 772 2662 ipsius
800 2581 923 2661 suflicit,
950 2582 1012 2652 3133

56 2783 70 2830 1
95 2775 201 2830 florem
218 2779 275 2829 113.
302 2789 343 2830 -rc
361 2791 384 2828 r.
457 2773 585 2828 21331113
596 2778 653 2830 lc.
678 2775 750 2828 -iom
768 2789 790 2828 r.
864 2769 1012 2840 133331-

26 2867 74 2903 nes
94 2863 206 2918 paruos
225 2850 303 2902 lide.
329 2845 383 2900 -313
402 2863 450 2902 -uo
468 2863 491 2901 r.
577 2850 593 2900 5
612 2845 775 2916 lanuginem
792 2849 876 2898 blito.
902 2857 948 2896 -ne
966 2859 990 2897 r.
1006 2838 1011 2924 1

29 2921 141 2975 Medd.
158 2917 327 2973 aoteHurd.
355 2934 405 2972 om.
424 2935 448 2974 r.
476 2919 539 2974 dist.
559 2915 616 2973 Url.
630 2918 706 2972 clod.
720 2934 750 2971 3,
763 2919 827 2972 201.
915 2920 1014 2984 seogr

26 2993 145 3063 ›igique
164 2994 191 3042 1
210 2990 270 3046 cdd.
290 2987 353 3045 onte
371 2989 463 3046 Hord.
496 2989 614 3060 cogique
633 2993 657 3042 d.
691 3003 775 3058 -quae
797 2992 828 3040 B.
861 2985 960 3055 coique
983 2992 1012 3038 1).

26 3065 93 3134 oqui
116 3081 146 3116 a.
256 3068 271 3116 7
295 3061 324 3116 in
346 3063 452 3116 tremos
466 3061 564 3116 'Ianos
586 3061 645 3116 coll.
659 3058 680 3130 §
694 3064 739 3116 81.
774 3058 804 3112 in
825 3059 966 3115 terrama
989 3061 1012 3110 d.

26 3154 55 3192 cr
74 3138 271 3190 ramos-utro.
336 3132 470 3190 93313131
487 3137 564 3186 mdo.
589 3130 865 3200 nutrielctoquae
884 3135 914 3183 R.
980 3133 1013 3181 10

26 3215 124 3264 alto.
164 3221 206 3259 -as
224 3222 248 3260 r.
353 3211 384 3259 11
409 3202 846 3275 333331-33331131133111111313.
878 3199 1014 3270 pensandi

26 3277 403 3352 11(31113-Β)3.133ῳ13
420 3277 493 3332 Dect.
511 3278 515 3346 1
536 3277 687 3334 31311113.
716 3274 754 3328 sit
770 3291 793 3328 r.
819 3274 822 3340 1
848 3271 1012 3326 1331113311.

26 3355 69 3410 :ia
90 3358 176 3406 Bao.
206 3348 298 3404 -eficia
317 3353 340 3403 u.
369 3347 513 3404 isacium.
541 3345 1032 3413 1331313333133331330333

26 3471 29 3482 .
62 3422 198 3546 331111.
276 3427 309 3476 12
327 3421 426 3476 iunceo
445 3419 535 3474 113113.
563 3421 664 3478 bonoso
683 3416 880 3498 3111333113,
907 3414 972 3469 fuco
990 3431 1013 3468 r.

64 3503 103 3551 13
150 3492 253 3548 eunte
276 3494 426 3562 propterea
447 3495 521 3548 1131.
630 3495 663 3546 18
686 3504 838 3560 praecipua
859 3485 1014 3566 11331133.

27 3577 96 3626 en.
136 3581 184 3620 -ue
199 3581 222 3620 r.
296 3570 327 3618 21
349 3564 490 3634 speeiem.
564 3568 597 3616 22
616 3559 870 3631 longissimis-rs
890 3556 1014 3612 sumbus

42 3645 108 3696 nd.
190 3642 225 3690 24
243 3636 273 3690 in
290 3638 366 3690 terro
378 3636 475 3692 Medd.
486 3634 649 3690 ascelino.
676 3633 725 3700 cfr.
740 3631 828 3686 Arist.
843 3630 868 3684 b.
883 3647 912 3690 o.
923 3631 970 3682 IX
979 3631 1014 3684 39

26 3711 139 3777 12331,
153 3713 177 3764 3.
206 3708 317 3766 interna
334 3707 451 3764 rHord.
477 3709 481 3776 1
507 3705 632 3764 cavernis
648 3709 677 3769 11
687 3704 726 3761 ed.
737 3702 794 3758 Gcl.
823 3719 873 3758 *na
889 3719 912 3759 r.

809 3789 862 3846 15*
