2572 3936
364 169 448 224 ΝΑΤ,
467 169 559 224 Hiar.
579 169 605 223 x
624 175 728 253 ιιι-ιι
748 171 875 241 (ao-aa)
1065 174 1128 240 199

112 338 167 380 ova
194 313 284 380 utrius
312 318 420 380 coloris
448 327 478 380 et
505 319 604 382 mollia
631 328 665 380 ut
696 321 803 400 pisces.
850 323 938 382 tertia
970 323 1018 384 die
1049 325 1127 386 intra

11 449 12 452 =
87 472 89 475 ,
112 417 234 471 uterum
252 409 364 470 catulos
384 408 526 490 excludit,
546 409 614 470 dein
629 409 754 490 singulis
768 410 873 472 diebus
892 412 1023 492 singulos
1042 416 1129 496 parit,

11 517 14 544 ι
112 513 162 562 xx
185 499 247 562 iere
271 517 405 564 numero.
451 500 550 581 itaque
575 501 669 564 ceteri
692 499 839 564 tarditatis
862 502 1041 581 inpatientes
1059 522 1127 584 per-

112 601 257 677 rumpunt
284 589 392 659 latera
408 597 506 658 occisa
537 601 668 677 parente.
719 602 835 658 ceterae
869 601 1024 677 serpentes
1057 611 1126 656 con·

11 687 16 724 ⁷
62 697 96 766 ⁸5
111 693 193 748 texta
220 706 272 748 ova
299 689 331 748 in
354 686 601 758 terraincubant
628 695 658 747 et
680 687 773 748 letum
798 693 942 765 sequente
966 683 1127 747 excludunt

11 777 16 817 ³
111 795 198 838 anno.
235 774 378 838 crocodili
395 775 510 837 vicibus
532 776 687 858 incubant,
710 794 773 838 mas
797 783 828 836 et
850 775 967 836 femina.
1005 774 1056 835 sed
1080 793 1126 836 re·

109 865 261 945 liquorum
284 884 404 946 quoque
424 868 616 927 vterrestrium
639 865 781 926 reddatur
803 867 965 945 generatio.

11 959 17 999 i
178 949 238 1018 63.
263 948 337 1038 (83)
360 954 505 1035 bipedum
524 955 605 1016 solus
623 955 711 1016 homo
736 955 842 1016 animal
865 956 967 1034 gignit.
1002 953 1115 1016 bomini
1128 960 1176 1011 171

11 1051 19 1111 l
109 1053 228 1106 tantum
250 1046 340 1124 primi
367 1046 464 1106 coitus
491 1047 685 1126 paenitentia,
717 1046 876 1123 augurium
904 1043 1018 1105 scilicet
1049 1045 1125 1104 vitae

14 1141 18 1200 ἕ
62 1147 125 1195 10a
155 1134 331 1214 paenitenda
359 1136 483 1214 origine.
530 1136 637 1196 ceteris
668 1132 842 1195 animalibus
872 1135 940 1194 stati
968 1151 1023 1212 per
1053 1141 1125 1194 tem-

11 1233 19 1271 ι
108 1241 183 1303 pora
196 1226 265 1290 anni
283 1223 469 1305 concubitus,
488 1222 609 1306 heulini,
628 1230 662 1284 ιιι
676 1224 788 1285 dictum
807 1229 862 1304 est,
881 1221 1019 1282 omnibus
1033 1220 1180 1284 barisan

20 1335 21 1340 ¹
109 1313 227 1374 dierum
245 1309 447 1392 noctiumque.
490 1315 598 1374 ceteris
618 1314 706 1373 satias
724 1314 756 1372 in
775 1313 865 1392 coitu,
887 1311 1000 1372 homini
1023 1329 1116 1390 prope
1128 1318 1178 1367 172

11 1412 21 1474 ,1
111 1401 200 1464 nulla.
251 1401 406 1464 Messalina
435 1401 538 1463 Claudi
566 1401 700 1463 Caesaris
733 1403 863 1462 coniunx
890 1400 1020 1480 regalem
1049 1399 1125 1461 banc

11 1489 21 1546 l
109 1493 281 1552 existimans
304 1491 431 1571 palmam
454 1491 543 1571 elegit
569 1493 601 1550 iu
630 1490 660 1551 id
684 1497 835 1552 certamen
864 1488 1078 1550 nobilissimam
1109 1507 1125 1550 e

11 1595 20 1635 l
63 1593 93 1635 1⁵
107 1582 279 1662 prostitutis
307 1580 443 1642 ancillam
470 1582 671 1642 mercenariae
699 1581 784 1659 stipis
817 1596 942 1658 eamque
970 1585 1058 1640 nocte
1091 1597 1124 1638 ac

11 1684 22 1724 t
108 1671 157 1732 die
185 1671 336 1750 superavit
363 1672 468 1749 qaainto
491 1677 580 1750 atque
607 1671 769 1731 vicensimo
797 1667 966 1730 concubitu.
1012 1669 1043 1728 in
1072 1667 1124 1728 ho·

11 1757 21 1817 l
108 1763 222 1822 minum
259 1777 368 1839 genere
405 1759 537 1822 maribus
574 1757 755 1820 deverticula
793 1759 913 1819 veneris
951 1759 1125 1837 excogitata,

107 1851 207 1910 omnia
226 1843 494 1930 scetere'naturae
518 1849 636 1908 leminis
659 1865 729 1908 vero
749 1845 880 1909 abortus.
927 1854 1070 1926 quantum
1093 1847 1124 1906 in

11 1955 22 1998 ι·
107 1938 162 2000 hac
185 1947 269 2020 parte
293 1937 387 2000 multo
406 1939 595 2000 nocentiores
615 1954 703 2016 quam
721 1936 802 1998 serae
822 1933 939 1998 sumus!
966 1937 1047 1996 viros
1066 1937 1123 1996 avi-

11 2047 23 2087 ι
61 2043 92 2083 20
107 2029 207 2090 diores
229 2031 347 2090 veneris
369 2027 481 2110 bieme,
504 2028 629 2088 feminas
653 2033 763 2087 aestate
787 2025 966 2088 Hesiodus
984 2024 1123 2105 prodidit

11 2137 23 2178 a
174 2117 240 2179 Coit
227 2125 276 2179 tus
300 2119 411 2179 aversis
435 2077 613 2199 elephantis,
641 2114 814 2198 camelis,t
801 2113 941 2196 tigribus,
969 2113 1176 2195 lyncibus,173

11 2227 24 2268 ιι
108 2207 301 2288 rhinoceroti,
324 2207 412 2288 leoni,
436 2205 586 2288 dasypodi,
610 2203 765 2287 cuniculis,
788 2203 897 2284 quibus
916 2221 1019 2264 aversa
1042 2205 1122 2284 geni·

106 2296 184 2357 talia.
230 2296 392 2358 camelit
361 2299 452 2358 etiam
475 2295 543 2357 solit
543 2295 725 2356 udinest
674 2303 725 2356 aut
754 2301 870 2354 secreta
897 2300 979 2354 certe
1007 2300 1122 2374 petunt,

11 2401 25 2450 ι
107 2403 204 2464 neque
227 2377 409 2446 intervenire
429 2385 515 2446 datur
538 2387 602 2445 sine
620 2385 762 2464 pernicie.
809 2385 905 2444 coitus
928 2389 990 2444 tota
1013 2382 1070 2463 die,
1093 2389 1123 2442 et

11 2480 25 2539 la
61 2489 91 2530 aa
107 2475 154 2534 his
177 2476 292 2535 tantum
316 2493 352 2534 ex
376 2473 513 2534 omnibus
537 2472 646 2554 quibus
669 2472 761 2534 solida
784 2471 903 2552 ungula.
949 2473 981 2532 in
1004 2471 1122 2550 quadri·

11 2571 25 2628 ιι
106 2564 216 2644 pedum
248 2581 358 2642 genere
390 2581 488 2623 mares
520 2562 645 2623 ollactus
681 2561 824 2622 accendit.
880 2568 1055 2622 avertuntur
1093 2569 1122 2620 et

13 2680 26 2714 ιι
106 2671 209 2735 canes,
242 2652 367 2734 phocae,
400 2651 463 2732 lupi
490 2653 522 2711 in
550 2650 647 2712 medio
676 2652 757 2712 coitu
783 2652 927 2730 invitique
956 2651 1046 2711 etiam
1073 2668 1121 2710 co·

11 2749 26 2807 nl
105 2743 238 2804 haerent.
267 2760 357 2846 supra
371 2741 520 2802 dictorum
532 2739 709 2820 plerumque
728 2740 854 2800 feminae
873 2741 990 2820 priores
1009 2747 1176 2819 super-174

105 2834 276 2912 veniuntur,
299 2833 331 2892 in
349 2830 474 2910 reliquis
491 2847 598 2893 mares.
635 2830 700 2890 ursi
723 2836 774 2889 aut
775 2847 831 2910 em,
854 2837 888 2890 ut
911 2829 972 2910 dict
959 2835 1023 2890 tum
1047 2835 1102 2909 est,
1112 2840 1176 2892 awo

11 2976 26 3002 ᾖ,
62 2929 92 2978 a'o
106 2922 279 2983 humanitus
297 2923 392 3003 strati,
415 2921 546 2981 irenacei
563 2924 677 2980 stantes
701 2916 786 2978 ambo
810 2877 889 2978 iliter
912 2936 944 2978 se
968 2917 1122 3022 complexi,

11 3003 26 3078 ’ἶ
106 3011 179 3072 icles
211 3018 354 3078 maret
326 3017 439 3092 stante,
472 3009 580 3070 femina
613 3006 800 3087 subiacente,
832 3006 975 3085 vulpes
967 3025 998 3067 m
1029 3006 1123 3068 latera

105 3101 255 3178 proiectae
278 3117 450 3180 maremque
473 3099 582 3159 femina
601 3081 742 3178 amplexa.
777 3103 934 3157 taurorum
952 3113 1121 3156 cervorum-

25 3357 26 3363 ι
178 3329 211 3378 13
229 3325 303 3379 hanc
316 3324 351 3376 1⁹
360 3325 418 3379 edd.
429 3328 492 3378 autc
501 3323 568 3377 Del.
595 3323 650 3377 hoc
664 3322 732 3376 Dal.
760 3337 810 3376 om.
829 3321 941 3378 rHerd.
1011 3326 1044 3375 17
1063 3337 1121 3375 ma-

104 3396 182 3451 ribus
199 3394 264 3449 nic.
283 3395 376 3449 -nibus
394 3411 417 3448 r.
490 3399 524 3447 18
543 3393 666 3448 scelerae
683 3392 752 3447 NF.
779 3409 822 3448 -ra
839 3398 870 3448 lt.
944 3397 979 3447 at
997 3393 1059 3447 tota
1076 3391 1122 3446 dic

11 3500 13 3532 ,
104 3466 174 3521 1²2²
187 3467 219 3521 iu
232 3481 287 3521 rua
301 3465 367 3520 itio.
396 3467 455 3520 tote
474 3481 498 3519 r.
571 3469 605 3519 26
624 3464 754 3519 accendit
771 3469 796 3518 d.
829 3464 941 3520 antced-
960 3469 1011 3518 ra.
1044 3464 1121 3518 antc-

105 3539 168 3595 ced·
188 3555 211 3592 r.
284 3543 317 3592 27
336 3536 430 3593 medio
449 3551 496 3605 ego
515 3551 528 3589 c
546 3533 668 3590 samma·
681 3541 706 3590 ct
719 3535 1036 3592 mercenariorum.
1065 3551 1121 3590 me-

105 3611 207 3680 dioque
226 3609 284 3664 llo.
375 3612 418 3663 28.
433 3613 469 3663 29
488 3605 688 3676 superueniunt
704 3610 755 3661 td.
851 3613 885 3664 82
909 3606 1039 3679 amplexa
1057 3605 1111 3659 r¹r

23 3733 24 3742 ,
105 3699 199 3754 comp·
218 3686 244 3737 d.
273 3681 401 3752 amplexo
419 3686 451 3735 lt.
480 3694 544 3733 ·xae
562 3695 586 3734 r.
