2340 3934
14 15 184 119 ΙΨ

220 205 304 261 nau.
322 205 415 261 uisu.
433 207 486 262 vn
504 211 611 263 4³·44
630 208 757 277 (ar-ro)
950 207 995 273 35

14 353 88 416 orbam
110 353 270 419 luminibus
297 359 395 438 exegit
422 365 573 420 senectam
600 359 717 420 amissis
743 358 895 441 incendio,
925 377 994 420 cum

14 443 139 508 Palladium
165 455 286 528 raperet
313 465 349 509 cx
377 448 449 509 aede
472 445 592 529 Vestae,
622 446 806 508 memorabili
829 465 918 510 cansa
941 449 994 510 sad

14 545 91 596 rrentn
110 537 226 599 misero.
260 555 319 617 quo
342 537 375 598 fit
397 545 432 599 ut
454 537 556 598 infelix
575 537 696 617 quidem
718 537 777 598 dici
800 555 861 599 uon
879 537 995 620 debeat,

14 623 59 684 lelix
77 634 168 688 nmen
191 645 253 688 non
275 629 379 707 possit.
409 625 515 688 tribuit
538 629 566 687 ei
587 625 717 708 populus
739 625 890 689 Romanus
914 627 994 708 quod

14 714 62 774 ordii
84 715 128 776 alii
154 715 192 776 ab
220 716 340 778 condito
369 734 454 798 aevo,
486 724 520 778 nt
548 718 687 798 quotiens
714 719 746 778 in
773 725 909 780 senatum
936 720 995 779 iret

14 821 77 864 rurru
96 805 254 868 veheretur
276 805 313 866 ad
336 808 457 868 curiam.
488 823 629 887 magnum
650 815 681 868 et
704 805 840 890 sublime,
863 805 916 868 sed
938 825 994 888 pro

14 892 78 954 acuis
97 895 204 956 datum.

57 977 106 1046 ll.
140 984 239 1046 Huius
263 1004 381 1065 quoque
405 985 439 1058 Q.
463 985 573 1047 Metelli
596 989 648 1066 qui
670 986 719 1048 illa
742 986 779 1047 de
802 994 886 1066 patre
910 985 984 1048 dixit
994 991 1047 1043 142

14 1071 65 1133 llius
89 1077 163 1136 inter
193 1093 262 1136 rara
292 1074 440 1138 felicitatis
470 1075 615 1136 humanae
648 1075 782 1156 exempla
811 1084 994 1138 numeratur.

14 1177 58 1221 rau
72 1171 183 1242 praeter
201 1164 333 1226 honores
352 1165 548 1246 amplissimos
567 1183 791 1246 cognomenque
810 1164 997 1227 Macedonica·

14 1261 156 1330 aquattnor
178 1255 249 1316 liliis
275 1255 385 1316 inlatus
407 1273 494 1336 rogo,
523 1273 584 1316 unc
607 1258 769 1337 praetorio,
799 1254 898 1317 tribus
924 1273 994 1316 con·

14 1340 138 1427 cunibus,
166 1343 286 1406 dnobus
309 1343 551 1426 triumphalibus,
574 1363 634 1406 uno
658 1346 808 1426 censorio,
836 1363 911 1425 quae
935 1346 993 1404 sin-

1134 706 1144 870 'l

1142 903 1146 1062 l

14 1430 57 1506 tela
75 1452 185 1513 quoqne
210 1436 314 1515 paucis
337 1436 498 1514 contigere.
532 1435 563 1496 in
586 1436 651 1515 ipso
670 1443 768 1496 tamen
791 1434 864 1496 ilore
884 1433 1047 1514 digna-143
1148 1477 1150 1482 .

14 1521 75 1582 doris
102 1541 169 1584 snae
203 1522 241 1584 ab
274 1522 305 1584 C.
337 1523 435 1584 Atinio
463 1522 619 1606 Labeone,
660 1526 710 1585 cui
742 1541 907 1603 cognomen
938 1524 995 1585 luit

14 1607 145 1696 llacerioui,
167 1613 291 1674 tribuno
314 1611 418 1695 plebis,
447 1631 536 1693 quem
559 1631 575 1674 e
599 1621 704 1676 senatu
727 1631 835 1674 censor
858 1615 996 1695 eiecerat,

15 1710 130 1762 ereneus
153 1721 169 1763 e
194 1720 299 1782 campo
323 1702 486 1764 meridiano
509 1710 656 1786 tempore,
684 1721 777 1764 vacuo
800 1704 866 1764 foro
889 1711 919 1764 et
942 1703 995 1763 Ca-

16 1787 86 1864 trotio
106 1791 140 1853 ad
162 1792 326 1872 Tarpeium
348 1800 452 1872 raptus
474 1800 509 1853 nt
530 1795 791 1874 praecipitaretur,
821 1791 995 1854 convolante
1108 1789 1110 1793 ’

17 1879 102 1954 quidem
122 1890 181 1942 tam
205 1899 367 1943 numerosa
393 1881 443 1942 illa
471 1881 593 1944 cohorte
617 1901 692 1964 quae
715 1890 831 1964 patrem
854 1901 923 1944 eum
946 1901 996 1964 ap·

18 1967 115 2052 bellabat,
135 1972 197 2054 sed,
221 1979 256 2033 ut
278 1990 401 2033 necesse
422 1979 488 2034 erat
509 1974 540 2033 in
559 1972 667 2056 subito,
689 1973 773 2034 tarde
798 1981 828 2034 et
846 1981 996 2052 tamquam

19 2055 201 2144 bersequias,
231 2079 299 2123 cnm
323 2061 483 2123 resistendi
506 2081 650 2142 sacroque
675 2071 810 2123 sanetum
833 2060 997 2142 repellendi

20 2143 47 2206 bs
63 2167 111 2210 uon
132 2160 225 2233 esset,
255 2153 375 2212 virtutis
401 2169 471 2214 suae
496 2171 586 2232 opera
613 2159 644 2212 et
667 2170 811 2213 censurae
834 2154 996 2234 periturus,

21 2246 76 2314 tegre
91 2240 205 2303 tribuno
232 2243 283 2320 qni
305 2236 507 2303 intercederet
530 2249 650 2321 reperto
673 2261 690 2302 a
708 2241 808 2318 limine
832 2245 897 2321 ipso
917 2259 995 2302 mor·

22 2325 196 2412 brevocatus,
216 2329 314 2392 alieno
327 2331 474 2392 beneficio
487 2339 591 2411 postea
605 2333 686 2412 vixit,
705 2329 791 2392 bonis
809 2331 878 2392 inde
898 2331 986 2392 etiam
998 2335 1050 2386 144

22 2423 160 2481 exsecratis
183 2439 200 2481 a
225 2420 363 2482 damnato
387 2439 450 2502 suo,
473 2427 624 2500 tamquam
641 2439 748 2501 parum
769 2430 848 2482 esset
867 2421 997 2481 lancium

23 2513 73 2564 nne
94 2511 270 2572 intortarum
301 2512 494 2590 expressique
522 2527 577 2589 per
605 2527 692 2572 aures
722 2513 874 2590 sanguinis
901 2528 997 2590 poena

23 2601 96 2658 nacta.
143 2601 284 2680 equidem
316 2608 346 2660 et
375 2599 506 2660 Africani
539 2602 692 2679 sequentis
721 2601 875 2661 inimicum
904 2599 996 2660 luisse

24 2677 72 2744 bier
88 2688 261 2752 calamitates
280 2689 426 2771 dxrxerim,
447 2691 513 2769 ipso
532 2696 609 2750 teste
627 2689 826 2771 Macedonico,
849 2688 997 2767 siquidem

25 2767 80 2837 lixit:
112 2780 158 2841 ite
181 2780 269 2860 lilii,
297 2778 479 2840 celebrate
503 2781 709 2861 exsequias,
736 2779 925 2858 numquam
947 2779 996 2838 oi-

26 2861 56 2920 ns
81 2872 216 2930 maioris
254 2870 363 2930 funus
400 2867 581 2930 videbitis,
639 2876 669 2930 et
700 2868 757 2929 boe
782 2866 908 2929 ‘dicebat
938 2869 998 2929 iam

26 2941 145 3039 blateis,
170 2958 364 3040 Diadematis,
390 2959 450 3018 iam
471 2957 681 3020 Macedonicus
707 2960 780 3038 ipse.
828 2975 933 3019 verum
955 2966 989 3020 ut
999 2963 1051 3014 145

27 3033 55 3096 lla
70 3043 118 3106 scia
137 3049 245 3110 iniuria
268 3049 450 3130 aestimetur,
474 3050 541 3128 quis
562 3046 642 3108 hunc
665 3049 730 3108 iure
753 3046 872 3110 felicem
890 3041 1000 3109 dixerit

28 3131 179 3202 ttriditatnm
216 3138 252 3199 ad
284 3136 438 3199 libidinem
470 3138 598 3219 inimici,
634 3155 690 3197 nec
722 3137 852 3198 Africani
885 3137 998 3220 saltem,

28 3261 193 3293 ‘'K-..-

75 3361 334 3420 subnotante.
399 3364 460 3420 tei
478 3366 509 3420 et
526 3362 633 3420 enoc.
661 3365 732 3420 etr.
795 3363 903 3418 edixit
918 3367 997 3416 lirin.

58 3431 89 3483 rai
105 3449 142 3488 ro.
229 3441 263 3492 10
285 3435 462 3492 Macedonici
484 3453 502 3490 a
523 3435 597 3491 Det.
628 3435 705 3492 -cnie
727 3436 844 3489 M¹Bd
877 3433 936 3490 -oni
959 3435 998 3490 ⁸¹.

61 3497 66 3578 J
105 3503 140 3561 Ρ.
166 3508 239 3564 -onie
258 3507 296 3562 ι’.
360 3514 392 3563 11
412 3509 554 3578 praetorio
569 3507 646 3563 Pina.
665 3507 715 3575 cfr.
729 3507 790 3562 Vol.
806 3505 887 3562 Mac.
903 3509 997 3562 V111.

66 3576 120 3630 01¹.
139 3595 199 3636 -one
211 3579 281 3635 111¹.
305 3595 365 3636 -orc
379 3577 506 3634 mama.
562 3585 595 3634 12
614 3584 679 3635 aute
697 3577 803 3634 duobus
822 3579 923 3633 weidit
940 3579 998 3646 for-

89 3645 170 3717 lieque.
223 3657 255 3707 15
273 3651 429 3707 macedoni
446 3657 477 3706 B.
506 3651 579 3708 -onir
597 3667 620 3706 r.
682 3656 769 3706 252ss
788 3666 880 3720 poena
898 3652 999 3704 exacta.

59 3727 100 3770 lut.
109 3723 217 3779 naria
227 3741 273 3780 ·ne
283 3724 375 3778 nort
386 3727 510 3780 -naend
525 3725 624 3779 exacta
633 3739 693 3778 esse
702 3727 775 3776 liro.
786 3725 828 3776 -ta
838 3723 997 3776 essetldu.

800 3809 837 3865 3*
