2340 3934
243 187 328 243 nau.
347 187 439 244 His'r.
458 188 511 244 vu
530 193 635 244 oa-oo
656 189 782 258 (sa-oc)
976 190 1018 254 47

40 340 105 420 riae,
123 345 273 418 postquam
295 336 424 420 biberat,
447 340 528 400 omni
551 357 607 419 ope
630 346 664 400 ut
686 341 799 400 viveret
821 338 942 401 adnisus
966 349 1020 403 est.

39 428 157 488 urentur
173 429 203 488 in
221 429 314 489 actis
332 426 430 488 Felice
449 430 547 490 russei
565 430 667 508 auriga
686 428 762 490 elato
780 430 812 490 in
830 447 936 509 rogum
955 431 1020 491 eius

22 535 107 578 uuum
126 535 140 577 e
162 515 327 580 laventibus
348 518 455 578 iecisse
479 537 521 600 so,
544 519 682 580 frivolum
704 518 794 600 dictu,
818 537 855 579 ne
879 518 935 579 hoo
959 519 1019 600 glo·

37 608 80 666 riae
102 607 215 668 artificis
237 607 368 689 daretur,
400 607 531 669 adversis
559 609 665 670 studiis
694 609 778 688 copia
801 608 928 670 odorum
955 627 1019 670 cor·

21 703 130 775 nuptum
155 697 388 760 criminantibus.
434 717 504 759 cum
531 705 599 760 ante
626 717 688 758 non
713 697 807 759 multo
829 697 867 759 Μ.
890 696 1020 777 Lepidus

37 784 204 848 nobilissimae
232 789 348 869 stirpis,
377 805 468 866 quem
490 789 597 849 diverti
619 789 766 849 anxietate
790 787 918 848 diximus
942 805 1019 848 mor·
1035 807 1074 847 ns

36 885 104 957 trun,
124 875 255 938 dammae
273 879 303 937 vi
325 896 341 937 e
364 893 437 956 rogo
461 879 574 939 eiectus
597 877 721 938 recondi
738 884 863 957 propter
883 876 1021 938 ardorem

36 968 243 1048 conposuisset,
265 967 348 1027 iuxta
370 969 528 1028 sarmentis
551 967 616 1028 aliis
639 967 738 1028 nudus
761 975 911 1028 crematus
934 973 989 1028 est.

81 1049 133 1118 dl.
151 1050 225 1139 (55)
249 1055 351 1137 lpsum
374 1075 507 1117 cremare
530 1057 608 1136 apud
626 1057 776 1117 Romanos
799 1075 860 1117 non
883 1057 1072 1119 fuitne-18⁷

15 1147 86 1204 uteris
104 1146 238 1207 instituti.
268 1154 350 1207 terra
372 1146 585 1207 condebantur.
618 1155 648 1208 at
669 1154 829 1226 postquam
851 1145 1021 1226 longinquis

33 1231 95 1294 bellis
115 1234 237 1297 obrutos
261 1237 327 1296 erni
350 1253 529 1318 cognovere,
553 1243 625 1296 tunc
648 1238 827 1300 institutum.
869 1243 899 1296 et
922 1243 1020 1296 tamen

33 1323 116 1384 multae
138 1325 264 1386 tantillae
287 1327 403 1406 priscos
430 1343 585 1387 servavere
608 1327 699 1408 ritus,
729 1327 807 1386 siout
829 1325 861 1384 in
884 1322 1021 1385 Cornelia

33 1430 97 1473 reno
117 1423 182 1476 ante
204 1414 316 1476 Sullam
334 1414 509 1476 dictatorem
527 1415 656 1476 traditur
676 1422 839 1496 crematus,
862 1413 951 1493 idque
971 1432 1019 1472 vo·

31 1499 99 1564 luisse
119 1507 247 1567 veritum
269 1505 409 1566 talionem
432 1511 518 1566 eruto
540 1503 571 1566 C.
591 1503 664 1564 llari
688 1504 838 1565 cadavere.
872 1501 1021 1583 [sepultus

15 1603 81 1652 tuero
106 1593 295 1674 intellegatur
324 1613 443 1674 quoquo
473 1593 561 1655 modo
592 1595 742 1676 conditus,
781 1593 920 1654 humatus
950 1610 1021 1652 vero

31 1679 98 1742 luno
119 1682 299 1762 contectus}

79 1767 129 1837 dd.
163 1767 239 1858 (56)
284 1773 357 1834 Post
381 1772 565 1854 sepulturam
587 1792 678 1835 vanae
707 1773 837 1833 manium
866 1768 1011 1850 ambages.
1023 1782 1073 1832 188

30 1862 141 1925 omibus
169 1883 186 1925 a
214 1881 355 1944 supremo
383 1863 430 1924 die
461 1863 565 1924 eadem
592 1881 667 1943 quae
696 1869 763 1923 ante
790 1861 934 1942 primum,
966 1879 1021 1920 nec

30 1955 99 2032 napa
120 1973 135 2014 a
158 1962 256 2016 morte
281 1971 388 2015 sensus
411 1952 490 2014 ullus
513 1961 565 2014 aut
582 1955 702 2033 corpori
725 1959 775 2012 aut
799 1951 912 2011 animae
934 1967 1022 2030 quam

15 2050 77 2102 tono
100 2043 236 2108 natalem
283 2043 386 2104 eadem
413 2045 493 2126 enirn
515 2045 628 2104 vanitas
655 2042 846 2103 infuturum
873 2041 962 2101 etiam
990 2058 1022 2100 se

29 2141 146 2214 propagat
173 2141 206 2195 et
227 2135 257 2194 in
287 2135 392 2194 mortis
416 2151 535 2214 quoque
559 2141 693 2213 tempora
720 2130 777 2192 sibi
799 2132 890 2192 vitam
917 2131 1022 2190 menti-

29 2229 74 2304 tur,
99 2223 169 2286 alias
195 2223 440 2285 inmortalitatem
467 2225 594 2306 animae,
625 2221 695 2283 alias
723 2221 1023 2300 transfigurationem,

29 2311 80 2372 alias
109 2331 231 2375 sonsum
246 2313 365 2374 interis
395 2312 491 2374 dando
524 2319 554 2374 et
583 2330 685 2372 manes
717 2310 842 2372 colendo
874 2309 1021 2388 deumque

28 2399 140 2465 iaciendo
164 2404 217 2484 qui
239 2405 299 2464 iam
322 2404 411 2464 etiam
434 2402 530 2484 homo¹
546 2421 612 2463 esse
636 2401 767 2482 desierit,
789 2417 845 2460 ceu
868 2417 938 2459 vero
961 2397 1022 2458 ullo

15 2491 95 2551 anolo
123 2492 257 2574 spirandi
286 2493 362 2554 ratio
395 2495 504 2553 ceteris
537 2491 712 2552 animalibus
742 2490 845 2570 distet,
882 2498 933 2548 ant
962 2505 1023 2547 non

28 2579 194 2644 dutumiora
217 2585 249 2643 in
265 2583 325 2644 vita
343 2581 436 2643 murlta
454 2583 644 2661 reperiantur
662 2579 772 2660 quibus
790 2595 878 2639 nemo
897 2575 1024 2637 similem

28 2670 117 2734 dirurat
133 2672 386 2734 inmortalitatem.
410 2671 490 2750 quod
509 2678 608 2732 autem
627 2688 737 2749 corpus
755 2669 868 2728 ammae
887 2683 942 2746 per
961 2661 1015 2726 se?
1026 2674 1075 2726 189

28 2777 85 2838 puae
105 2758 251 2831 materia?
279 2760 332 2824 ubi
355 2763 494 2841 cogitatio
517 2756 582 2820 illi?
612 2757 760 2839 quomodo
783 2759 873 2838 visus,
897 2753 1024 2836 auditus,

28 2859 65 2910 aut
84 2855 132 2931 qui
150 2847 268 2933 tangit?
295 2854 362 2932 quis
384 2869 459 2912 usus
482 2851 547 2912 eius
571 2857 622 2910 aut
640 2848 720 2928 quod
743 2849 807 2908 sine
825 2845 873 2907 his
891 2841 1025 2906 bonum?

14 2949 85 3017 tquae
99 2943 204 3004 deinde
224 2941 310 3003 sedes
325 2949 469 3022 quantave
488 2939 647 3001 multitudo
661 2945 706 3000 tot
720 2936 846 3000 saeculis
860 2937 1025 2996 animarum

28 3030 90 3092 uelut
106 3027 302 3093 umbrarum?
328 3030 489 3111 puerilium
508 3032 564 3090 ista
583 3028 847 3089 deliramentorum
865 3024 1024 3104 avidaeque

27 3151 222 3164 ᾖ*

83 3210 226 3260 acescit.
250 3209 344 3259 0de
374 3221 444 3260 ser.
522 3201 743 3272 tLepidusdo
771 3216 863 3254 omr.
941 3197 1025 3267 Spo-

27 3274 97 3330 insse
113 3278 179 3331 1td¹
236 3281 269 3330 10
286 3277 437 3347 postquam
455 3280 500 3330 do.
524 3221 629 3346 postpr.
685 3278 720 3326 14
738 3273 862 3328 amcos.
886 3269 1024 3324 obrutor.

48 3363 71 3400 se
72 3347 211 3417 pr-ultns
229 3355 262 3403 to
281 3349 425 3404 contectus
444 3293 644 3402 receptoriae·
661 3361 722 3400 cum
738 3342 888 3398 Pintiauo:
906 3341 956 3408 cfr.
972 3340 1025 3422 tpo.

26 3424 96 3482 pot.
174 3425 207 3503 Ι15
231 3419 406 3490 intellegitur
428 3418 497 3472 1¹2²
505 3418 575 3474 noo
656 3421 689 3471 1⁷
713 3431 804 3471 venne
826 3412 899 3468 Dett.
931 3410 1026 3466 varies
1080 3459 1083 3464 .

27 3491 109 3546 ltro.
142 3491 216 3548 ariae
240 3492 342 3546 ltr¹n¹
375 3491 496 3546 eliaer
588 3493 621 3544 18
645 3503 774 3570 supremo
797 3500 844 3555 ego
867 3484 919 3538 tce.
938 3487 1025 3551 1257.

29 3563 160 3619 ·..nallo
250 3569 282 3618 at
306 3563 336 3634 ip
338 3579 370 3618 sa
392 3563 446 3618 sibi
468 3561 576 3617 enon.
611 3563 616 3630 Ι
648 3559 737 3613 vitam
758 3561 812 3610 ltd.
840 3553 944 3610 riter.

29 3634 121 3690 orsu
137 3635 205 3691 11²¹.
230 3638 275 3691 sta
292 3635 360 3690 1³1¹.
385 3636 443 3690 stat
460 3637 506 3690 ad.
528 3636 532 3704 1
555 3631 803 3687 deliramentorum
820 3625 865 3679 3¹
892 3623 1026 3678 delenim-

29 3707 110 3761 mr,
138 3708 250 3763 elenim·
269 3726 293 3763 e.
322 3707 406 3763 elem·
426 3710 475 3760 dr.
