2302 3938
247 266 327 314 nar.
350 267 440 318 msa.
463 267 510 317 nn
538 263 623 316 4-5.
648 254 753 336 (u-o.)
952 247 1012 314 131

37 505 238 567 excurritltalia.
260 507 357 570 Abeo
370 505 510 570 Graeciae
527 527 590 587 ora,
607 527 676 569 mox
687 505 1013 584 Sallentinil'oediculi,

35 589 110 669 lpuli,
123 589 244 669 Peligni,
257 591 406 670 Frentani,
417 591 584 670 Marrucini,
599 591 726 666 Vestini,
736 591 851 670 Sabini,
867 593 1014 666 Picentes,

37 673 98 752 llalli,
118 673 226 754 Umbri,
243 675 343 754 Tusci,
358 676 480 755 Veneti,
498 675 596 754 Carni,
613 676 751 756 Iapudes,
766 675 868 756 lllstri,
883 675 1012 740 Liburni.
1051 709 1055 718 ·

21 758 79 819 allec
90 761 186 838 ignoro
202 761 311 839 ingrati
333 781 367 822 ac
389 765 490 842 segnis
506 765 591 825 animi
613 763 773 824 existimari
790 780 880 842 possa
895 762 1056 836 merito,3t

36 847 52 902 si
68 844 150 905 obiter
164 853 253 925 atque
277 847 307 906 iu
329 854 496 908 transcursu
516 847 551 908 ad
571 847 646 908 bunc
665 847 780 908 notum
801 847 913 908 dicatur
935 855 1014 906 terra

36 930 129 988 omnium
154 938 298 990 terrarum
323 931 434 992 alumna
457 931 558 994 eadem
583 941 613 992 et
637 950 760 1012 pareus,
789 933 902 992 numine
930 930 1014 991 deum

35 1013 105 1074 electa
117 1033 187 1092 quae
203 1015 318 1075 caelum
333 1018 427 1095 ipsum
442 1016 547 1077 clarius
560 1017 683 1094 laceret,
700 1035 801 1096 sparsa
816 1022 1014 1096 congregaret

35 1099 127 1175 inperia
141 1101 295 1178 rituusque
312 1100 441 1162 molliret
456 1110 488 1162 ct
504 1110 549 1161 tot
562 1101 737 1180 populorum
751 1100 903 1162 discordes
921 1103 1013 1162 ieras·

15 1201 73 1260 uque
85 1181 187 1262 linguas
203 1186 351 1245 sermonis
367 1187 543 1247 commercio
559 1185 747 1246 contraheret
767 1185 802 1246 ad
818 1184 966 1263 colloquia
983 1190 1015 1242 et

34 1266 325 1348 lunantatemjbonint
338 1270 430 1348 daret,
441 1271 630 1350 breviterque
644 1289 698 1330 una
710 1278 874 1331 cunctarum
885 1270 1014 1347 gentium

34 1353 114 1413 inloto
135 1353 208 1415 orbe
231 1357 326 1434 patria
349 1355 444 1417 lieret.
490 1355 542 1416 sed
559 1355 627 1434 quid
647 1353 753 1433 agam?
777 1362 854 1414 tanta
874 1352 1057 1414 nobilitasto

34 1439 128 1497 omnium
141 1439 275 1499 locorum
294 1441 384 1518 (quos
400 1441 465 1518 quis
480 1436 665 1520 attigerit?),
679 1447 756 1499 tanta
776 1455 872 1499 rernm
889 1437 1014 1516 singula·

34 1539 75 1579 nm
88 1524 317 1603 populorumque
330 1523 445 1585 claritas
459 1533 549 1585 tenet.
574 1523 643 1585 urbs
654 1522 746 1584 lloma
758 1523 807 1584 vel
819 1523 883 1583 sola
896 1525 924 1584 in
937 1541 971 1582 ea
985 1530 1015 1581 et

15 1605 94 1682 oligua
109 1616 160 1668 tam
175 1610 233 1669 iam
249 1610 326 1670 festa
344 1610 462 1670 nervice
477 1609 570 1670 iacies
587 1626 645 1687 quo
667 1608 780 1669 tandem
798 1611 907 1668 narrari
925 1607 1016 1667 debet

34 1688 118 1768 opere?
141 1693 272 1772 qualitor
289 1690 462 1773 Campaniae
480 1712 531 1754 ora
546 1711 601 1773 per
620 1713 652 1754 se
669 1693 799 1772 felixque
816 1692 865 1753 illa
881 1711 914 1753 ac
929 1692 1015 1751 beata

33 1779 177 1856 amoenitas,
193 1787 228 1838 ut
247 1777 340 1858 palam
361 1780 399 1838 sit
415 1797 472 1839 uno
488 1780 517 1839 in
533 1779 600 1838 loco
622 1778 776 1857 gaudentis
794 1795 867 1856 opus
885 1795 952 1836 esse
968 1793 1015 1834 na-

34 1859 107 1920 turaei
134 1865 189 1923 iam
204 1881 282 1923 vero
298 1870 360 1924 tota
377 1881 412 1924 ea
428 1863 525 1924 vitalis
541 1881 575 1924 ao
590 1864 729 1942 perennis
749 1861 922 1938 salubritas,
936 1859 1009 1920 caeli
1022 1865 1056 1922 tl

8 2007 9 2010 Ἴ
35 1948 178 2025 temperies,
197 1957 257 2009 tarn
272 1949 388 2010 fertiles
404 1949 507 2028 campi,
525 1956 581 2008 tam
596 1948 686 2026 aprici
703 1946 814 2024 colles,
832 1955 887 2005 tam
903 1945 1014 2005 innoxii

15 2029 125 2108 nsrltnus,
140 2042 198 2093 tam
215 2051 310 2112 opaca
324 2051 455 2112 nemora,
468 2042 525 2093 tam
541 2033 673 2093 munifica
685 2031 821 2092 silvarum
831 2047 953 2108 genera,
969 2036 1017 2088 tot

35 2117 139 2176 uontlnm
155 2117 299 2194 adllatus,
316 2126 394 2178 tanta
412 2119 525 2196 lrugum
543 2118 701 2196 vitiumque
719 2125 750 2176 ct
766 2116 895 2177 olearum
911 2113 1016 2176 lortili-

35 2206 73 2276 las,
89 2209 138 2262 tam
158 2202 274 2263 nobilia
297 2203 401 2282 pecudi
421 2203 550 2279 vellera,
572 2211 628 2262 tam
644 2203 738 2281 opima
755 2203 846 2260 tauris
862 2199 953 2273 colla,
970 2206 1014 2257 tot

35 2281 114 2361 laeuus,
125 2295 167 2347 tot
179 2289 306 2348 amnium
318 2288 499 2366 fontiumque
511 2288 630 2348 ubertas
647 2295 736 2346 totam
749 2303 811 2346 eam
825 2283 1015 2364 perfundens,

34 2375 61 2426 tot
77 2375 173 2449 maria,
197 2381 304 2454 portus
325 2373 525 2452 gremiumque
548 2381 689 2432 terrarum
710 2371 885 2432 commercio
912 2377 1015 2447 patens

15 2453 129 2534 condique
143 2467 173 2518 et
187 2467 335 2537 tamquam
347 2457 489 2519 iuvandos
506 2455 540 2517 ad
551 2455 691 2516 mortales
707 2457 770 2534 ipsa
784 2455 868 2515 avide
884 2455 914 2513 iu
927 2453 1016 2512 maria
1084 2491 1086 2496 .

34 2553 189 2612 procurrens.
218 2560 317 2620 neque
330 2543 448 2619 ingenia
460 2542 611 2620 rituusque
622 2559 661 2601 ao
672 2541 753 2600 viros
766 2549 797 2600 et
812 2539 909 2616 lingua
921 2555 1015 2596 manu·
1026 2543 1058 2594 tt

34 2639 71 2696 que
84 2636 232 2704 superatas
248 2644 444 2688 commemoro
460 2633 575 2704 gentes.
592 2626 648 2704 ipsi
662 2625 698 2685 do
711 2643 746 2684 ea
757 2624 924 2684 iudicavere
938 2619 1017 2698 Grai,

34 2722 98 2780 genus
112 2713 138 2772 iu
153 2713 282 2791 gloriam
301 2729 380 2772 suam
399 2711 622 2787 effusissimum,
646 2718 761 2788 quotam
785 2716 897 2787 partem
919 2723 957 2766 ex
981 2723 1017 2764 ea

35 2794 175 2868 appellando
192 2795 346 2859 Graeclam
361 2794 506 2876 magnam!
521 2795 653 2854 nimirum
668 2793 697 2854 id
712 2793 789 2872 quod
804 2794 833 2851 in
849 2791 923 2852 caeli
939 2807 1017 2849 men·

16 2875 92 2938 trione
111 2881 231 2941 lecimus
253 2881 308 2940 bac
330 2895 446 2958 quoquo
468 2879 496 2936 in
518 2870 601 2954 parte
623 2875 783 2935 laciendum
799 2879 861 2946 est,
883 2877 914 2927 ut
930 2873 1014 2926 notas

38 2963 139 3036 quasdam
157 2977 188 3026 et
204 2982 297 3044 pauca
309 2962 405 3023 sidera
423 2963 605 3036 attingamus.
631 2957 768 3036 legentes
785 2965 892 3016 tantum
905 2968 1015 3030 quaeso

37 3047 184 3108 meminerint
205 3047 242 3108 ad
259 3045 373 3124 singula
398 3053 460 3104 toto
477 3043 551 3104 orbe
568 3039 769 3102 edissertanda
789 3039 930 3099 festinari.
963 3034 1017 3094 Est
1027 3042 1060 3094 43

36 3143 85 3203 ergo
104 3132 170 3194 lolio
189 3133 316 3193 maximo
335 3147 448 3209 querno
465 3127 641 3200 adsimilata,
656 3123 747 3185 multo
758 3123 946 3202 'proceritate
962 3137 1018 3180 am-

37 3210 91 3285 pllor
103 3235 181 3294 quam
197 3215 362 3292 latitudine,
376 3217 405 3274 iu
421 3214 529 3273 laevam
546 3231 579 3272 se
592 3210 715 3271 lleotens
730 3209 878 3268 cacumine
891 3215 921 3267 et
933 3205 1018 3266 Ama·

17 3299 127 3361 cronicae
143 3303 235 3381 bguru
251 3301 389 3362 desinens
406 3315 538 3378 parmae,
556 3297 603 3356 ubi
619 3313 636 3354 a
651 3293 747 3355 medio
765 3311 889 3353 excursu
906 3288 1019 3367 Cocyn-

39 3379 82 3441 thos
95 3397 220 3465 vocatur,
236 3403 292 3467 per
308 3387 405 3445 sinnus
422 3385 537 3444 lunatos
552 3379 609 3441 duo
626 3398 734 3440 cornua
748 3380 896 3452 emittens,
906 3373 1017 3434 bauno-

39 3475 122 3538 petram
145 3471 267 3546 dextra,
286 3467 431 3530 Lacinium
453 3468 591 3527 sinistra·
610 3464 695 3525 Patet
718 3461 899 3542 longitudino
921 3459 957 3518 ab
974 3457 1018 3517 ln·

41 3550 113 3627 alpino
128 3559 182 3617 line
199 3556 369 3616 Praetoriae
381 3554 531 3630 Augustae
547 3569 602 3630 per
617 3549 717 3610 urbem
733 3545 917 3624 Capuamque
933 3561 1019 3603 cursu

769 3628 813 3693 9*
