2340 3934
299 203 384 257 ΝΑΤ.
402 203 495 258 fflsr.
514 205 567 258 vll
585 211 620 260 aa
640 207 694 275 (aa)
962 208 1005 271 bl

35 350 142 411 ballistam
175 359 204 411 et
234 351 369 435 tundam,
405 371 527 416 aeneam
563 353 665 416 tubam
701 355 839 418 Pisaeum
871 357 1006 440 Tyrreni,

33 441 159 502 testudines
186 443 375 502 Artemonem
405 442 637 526 Clazomenium,
674 465 784 524 equum
818 441 884 530 (qui
916 457 1058 509 muneror

32 532 86 588 arias
103 524 271 614 appellatur)
294 533 326 592 in
348 532 512 594 muralibus
532 534 677 596 machinis
695 533 804 615 Epium
822 537 858 598 ad
876 537 1005 620 Troiam,

32 637 84 697 rqoo
102 620 160 680 rehi
176 619 444 704 Bellerophontem,
467 624 569 684 frenos
592 632 622 684 et
645 631 737 686 strata
760 645 907 705 equorum
921 627 1004 688 Pele·

16 709 156 792 armoniam,
177 729 310 790 pugnare
334 729 370 771 ex
393 729 470 791 equo
490 713 648 774 Thessalos
671 717 722 793 qui
743 713 884 777 Centauri
907 717 1004 796 appel-

30 797 62 858 lati
76 807 133 860 sunt
148 799 314 860 habitantes
332 802 497 863 secundum
510 802 626 864 Pelium
644 811 783 865 montem.
807 803 891 885 bigas
909 809 1005 886 prima

29 889 95 949 irrxit
117 888 262 970 Phrygum
289 893 382 972 natio,
414 893 572 971 quadrigas
599 890 820 955 Erichthonius
869 896 1005 956 ordinem

29 981 152 1060 exercitus,
179 981 256 1059 signi
280 980 441 1063 dationem,
464 989 607 1064 tesseras,
629 983 743 1062 vigilias
766 983 937 1045 Palamedes
960 987 1003 1045 in·

27 1070 81 1127 rerit
95 1068 214 1130 Troiano
237 1069 328 1150 bello,
352 1070 541 1151 specularum
564 1073 808 1151 significationem
833 1074 937 1135 eodem
959 1074 1003 1134 Si·

15 1168 75 1236 mon,
93 1160 218 1220 inducias
242 1158 372 1242 Lycaon,
394 1160 515 1221 foedera
538 1160 681 1222 Theseus.

69 1249 183 1327 Auguria
207 1269 244 1310 ex
268 1249 369 1310 avibus
393 1248 449 1310 Car
472 1269 489 1310 a
512 1267 571 1330 quo
596 1251 679 1312 Caria
703 1251 860 1334 appellata3
888 1253 995 1313 adiecit
1004 1263 1057 1314 203

26 1353 48 1392 u
67 1341 160 1398 ceteris
186 1338 363 1400 animalibus
391 1339 543 1421 Orpheus,
577 1343 726 1421 aruspicia
754 1341 899 1424 DelphuS,
928 1344 1003 1421 igni-

25 1428 87 1502 spicia
113 1428 318 1509 Amphiaraus,
357 1431 511 1510 extispicia
542 1432 640 1491 avium
673 1430 802 1491 Tiresias
836 1431 1003 1514 Thebanus,

24 1513 265 1595 hterpretationem
297 1526 483 1580 ostentorum
520 1527 551 1580 et
582 1523 766 1581 somniorum
798 1521 1003 1603 Amphictyon,

23 1605 173 1686 astrologiam
199 1607 302 1668 Atlans
324 1607 432 1689 Libyae
460 1608 551 1692 lilius,
580 1619 615 1671 ut
642 1609 690 1670 alii
713 1611 862 1693 Aegyptii,
892 1620 926 1672 ut
954 1610 1003 1671 alii

24 1693 113 1777 Assyrii,
141 1697 297 1777 sphaeram
325 1699 356 1758 in
380 1715 413 1758 ea
436 1697 568 1759 Milesius
591 1699 816 1782 Anaximander,
845 1709 1002 1761 ventorum

23 1786 130 1846 rationem
152 1787 263 1848 Aeolus
286 1786 417 1848 Hellenis
440 1787 526 1848 filius.
559 1791 703 1850 musicam
726 1789 886 1872 Amphion,
910 1791 1055 1851 Astu-204

23 1867 58 1932 lan
76 1884 100 1934 et
119 1877 291 1938 monaulum
314 1876 376 1937 Pan
398 1877 537 1960 Mercuri,
561 1878 712 1958 obliquam
734 1878 837 1940 tibiam
855 1879 948 1940 Midas
971 1882 1002 1939 in

23 1957 124 2048 Phrygia,
153 1969 287 2046 geminas
314 1966 402 2028 tibias
425 1966 555 2046 Marsyas
581 1971 613 2028 in
637 1969 740 2029 eadem
763 1977 864 2050 gente,
894 1967 1002 2049 Lydios

23 2052 122 2115 nodulos
139 2056 300 2138 Amphion,
323 2055 429 2116 Dorios
447 2055 608 2136 Thamyras
628 2057 740 2140 Thrax,
762 2057 906 2138 Phrygios
926 2059 1001 2119 Mar·

21 2157 64 2218 ryas
86 2143 190 2229 Phryx,
222 2146 365 2207 citharam
388 2145 547 2228 Amphion,
577 2155 611 2207 ut
638 2147 686 2208 alii
710 2147 862 2232 Orpheus,
892 2159 926 2210 ut
952 2149 1002 2210 alii

19 2227 90 2293 linus.
122 2245 238 2316 septem
261 2235 381 2296 chordis
403 2237 533 2314 primum
557 2239 665 2298 cecinit
688 2251 729 2298 111
753 2239 789 2298 ad
812 2253 867 2298 1111
890 2241 1001 2318 primas

21 2319 95 2382 aldus
115 2325 296 2407 Terpander,
320 2333 451 2385 octavam
476 2325 643 2387 Simonides
667 2327 790 2408 addidit,
821 2347 929 2389 nonam
952 2329 1000 2388 Ti·

20 2411 129 2475 notheus.
159 2415 273 2476 cithara
296 2417 360 2476 sine
383 2433 455 2475 voce
480 2417 589 2476 cecinit
607 2415 762 2496 Thamyris
785 2419 908 2499 primus,
932 2437 1001 2478 cum

20 2508 80 2560 tantu
99 2504 256 2586 Amphion,
280 2513 314 2565 ut
336 2504 385 2564 alii
408 2503 509 2564 Linus.
544 2505 743 2566 citharoedica
767 2509 898 2566 carmina
922 2526 999 2567 corn·

19 2593 88 2662 posuit
107 2593 287 2674 Terpander.
319 2611 387 2654 cum
410 2593 491 2654 tibiis
515 2613 622 2655 canere
646 2613 717 2655 voce
742 2595 923 2656 Troezenius
946 2596 999 2655 Ar-

20 2673 75 2738 lalos
93 2684 229 2745 instituit.
262 2684 446 2744 saltationem
465 2691 608 2745 armatam
626 2683 751 2744 Curetes
770 2683 909 2765 docuere,
931 2703 999 2764 pyr-

19 2766 90 2830 u'rhen
106 2771 226 2854 PyrruS,
249 2781 406 2854 utramque
429 2775 460 2832 in
479 2771 575 2834 Creta.
603 2791 723 2834 versum
740 2773 866 2834 heroum
884 2773 990 2854 Pythio
1000 2783 1052 2832 205

18 2859 105 2919 oraculo
129 2863 282 2924 dehemus.
330 2863 366 2924 de
392 2871 563 2942 poematum
591 2865 705 2943 origine
733 2881 838 2943 magna
865 2866 999 2943 quaestio

18 2953 52 3004 ast.
95 2959 158 3012 aute
191 2951 353 3013 Troianum
385 2951 495 3012 bellum
527 2952 693 3032 probantur
725 2953 826 3014 luisse.
879 2971 1000 3033 prosam

18 3039 146 3101 orationem
174 3043 303 3104 condere
326 3041 514 3121 Pherecydes
539 3041 642 3121 Syrius
670 3044 800 3103 instituit
824 3041 892 3122 Cyri
919 3045 999 3122 regis

19 3131 95 3208 aetate,
115 3129 268 3195 historiam
292 3130 419 3193 Cadmus
442 3129 587 3212 Milesius,
610 3131 697 3192 ludos
720 3134 873 3212 gymnicos
895 3134 926 3193 in
945 3135 998 3192 Ar·

18 3259 195 3282 ''x—*—

66 3355 170 3428 liirenj
188 3357 233 3410 2².
261 3357 345 3411 birine
362 3357 407 3412 12¹.
493 3359 655 3428 3saepium
673 3364 704 3412 Β,
736 3375 836 3428 epeum
854 3363 878 3410 d.
963 3364 996 3412 12

18 3426 123 3492 mspins
138 3427 211 3484 Detl.
240 3445 315 3483 -cam
332 3435 407 3483 udo.
436 3431 593 3500 myspicam
611 3435 667 3482 Dr.
694 3447 769 3484 -eum
788 3447 812 3482 s.
888 3435 919 3482 13
939 3446 997 3483 am-

18 3489 117 3572 thimeus
133 3501 228 3555 riso.
257 3518 316 3555 -rus
334 3500 379 3555 2².
402 3517 452 3556 om.
471 3519 494 3556 r.
524 3505 529 3572 Ι
558 3501 703 3571 extispicia
720 3501 803 3554 1¹3².
827 3516 877 3553 om.
896 3517 919 3554 r.
949 3518 996 3556 au-

18 3566 114 3630 spretae.
175 3579 208 3626 22
227 3573 349 3643 primum
369 3615 392 3626 ..
411 3573 516 3643 primas
534 3574 576 3625 1².
600 3589 650 3627 oro.
669 3590 692 3626 r.
754 3578 790 3626 24
807 3571 952 3642 thamyras
970 3575 995 3627 d.

66 3644 100 3694 26.
114 3647 145 3697 ii
168 3645 288 3699 Ardalus
307 3643 399 3699 Hord.
423 3661 457 3699 ec
477 3645 553 3700 Prot.
577 3646 610 3699 de
629 3660 697 3698 νινε.
719 3645 904 3712 512113321.
933 3643 995 3698 dar-

19 3701 79 3762 danus
95 3714 119 3766 ll.
188 3722 221 3771 30
240 3719 285 3770 est
301 3722 354 3770 Μ,
378 3733 427 3770 om.
447 3734 469 3770 r.

798 3803 836 3857 4*
