2364 3930
167 152 230 216 184
514 150 543 205 Ο.
562 150 661 205 PLINI
680 148 836 206 SECUNDI

163 303 286 382 genitu,
308 300 405 362 bieme
428 302 532 381 mutis,
555 318 572 360 a
594 318 664 360 vere
687 298 846 360 vocalibus.
891 299 1061 378 Nigidius
1082 307 1169 380 putat,

164 408 234 452 eum
256 407 309 450 ova
331 387 453 452 incubet
479 388 535 450 sub
563 397 656 470 tecto,
684 389 864 448 nominatam
889 387 1061 468 palumbem
1088 387 1168 448 relin-

114 494 267 559 torquere
294 477 388 539 nidos.
433 479 553 556 pariunt
580 485 679 537 autem
706 484 775 556 post
801 476 969 537 solstitium
1020 475 1168 537 columbae

164 575 195 628 et
226 575 360 628 turtures
391 568 507 628 octonis
540 568 625 628 annis
657 567 768 626 vivunt.
827 560 887 628 36.
924 571 1028 626 contra
1061 565 1168 644 passeri

163 658 318 718 minimum
342 657 430 736 vitae,
457 657 507 716 cui
533 655 667 716 salacitas
693 672 776 733 par.
800 672 897 714 mares
924 661 1074 733 negantur
1101 671 1169 712 anuo

164 744 276 806 diutius
299 743 406 804 durare
430 751 617 824 argumento,
645 745 715 822 quia
740 743 821 804 nulla
848 745 927 804 veris
945 744 1030 803 initio
1054 751 1168 821 apparet

165 832 314 911 nigritudo
337 833 369 892 in
391 840 500 912 rostro,
522 851 598 911 quae
620 830 657 892 ab
680 839 791 892 aestate
814 833 925 911 incipit
971 831 1091 892 leminis
1115 830 1169 889 lon·

113 934 163 983 108
174 919 342 999 giusculum
373 923 508 1000 spatium.
562 939 666 982 verum
699 919 844 986 columbis
879 922 959 980 inest
990 919 1111 998 quidam
1145 927 1170 976 et

164 1008 274 1088 gloriae
295 1007 474 1071 intellectus.
514 1027 603 1070 nosse
626 1008 731 1070 credas
753 1027 825 1070 suos
852 1008 967 1070 colores
989 1010 1168 1068 vadentem·

164 1115 222 1177 que
240 1097 422 1176 dispositam.
466 1099 539 1176 qarin
558 1099 647 1159 etiam
664 1116 702 1159 ex
724 1097 823 1160 volatu
846 1099 1013 1176 quaeritur.
1034 1095 1169 1175 plaudere

164 1185 299 1246 incaelo
322 1188 461 1264 varieque
484 1186 609 1248 sulcare.
647 1189 759 1266 quain
781 1188 980 1248 ostentatione
1003 1192 1038 1244 ut
1060 1185 1168 1244 abacue

163 1273 345 1360 praebentur
373 1277 520 1355 accipitri,
546 1276 695 1378 inplicatis
727 1277 855 1355 strepitu
885 1276 999 1354 pinnis,
1031 1262 1084 1353 qul
1115 1291 1168 1331 non

164 1365 222 1424 nisi
248 1364 322 1441 ipsis
349 1363 461 1424 alarum
487 1365 600 1424 umeris
626 1363 761 1445 eliditur,
790 1364 920 1442 alioqum
942 1361 1049 1423 soluto
1076 1360 1168 1420 volant

163 1453 195 1512 iu
225 1451 351 1512 multum
380 1450 550 1513 velociores.
600 1451 771 1532 speculatur
800 1452 935 1512 occultus
963 1450 1072 1512 froude
1099 1449 1169 1509 latro

115 1547 206 1601 109et
232 1540 409 1618 gaudentem
435 1542 467 1600 in
494 1543 557 1620 ipsa
579 1541 672 1619 gloria
701 1543 786 1620 rapit.
832 1535 891 1602 37.
923 1539 961 1599 ob
980 1539 1015 1600 id
1043 1557 1112 1600 cum
1139 1540 1170 1596 iis

162 1627 297 1688 habenda
320 1636 366 1688 est
388 1630 449 1688 avis
471 1646 547 1707 quae
569 1628 763 1690 tinnunculus
786 1637 915 1689 vocatur.
942 1628 1076 1688 delendit
1097 1631 1170 1686 euim

164 1715 228 1776 illas
256 1723 408 1794 terretque
436 1719 593 1797 accipitres
621 1717 748 1779 naturali
777 1719 909 1796 potentia
938 1719 970 1776 iu
998 1725 1113 1776 tantum
1142 1723 1178 1774 ut¹

164 1806 259 1866 visum
286 1822 448 1882 vocemque
476 1807 541 1866 cius
569 1806 690 1884 fugiant.
735 1806 790 1866 hac
817 1806 854 1866 de
882 1822 970 1866 causa
997 1805 1170 1884 praecipuus

164 1891 309 1954 columbis
332 1910 414 1954 amor
437 1911 554 1974 corum,
586 1895 761 1976 feruntque,
788 1897 814 1954 si
837 1897 868 1954 in
891 1900 1033 1972 quattuor
1062 1891 1169 1971 augul'u

164 1981 352 2042 defodiantur
374 1983 406 2040 in
429 1980 495 2042 ollis
517 1984 601 2044 novis
624 1981 739 2062 oblitis,
766 2001 826 2043 non
853 1990 969 2043 mutare
997 1981 1101 2042 sedem
1126 1999 1168 2040 co

163 2067 278 2130 lumbas
302 2101 344 2111 -
368 2069 447 2148 quod
471 2078 501 2129 et
523 2088 596 2131 auro
618 2071 742 2132 insectis
765 2070 877 2131 aluum
900 2069 1034 2132 ardoulis
1062 2071 1177 2149 quaesi·¹

164 2174 234 2216 vere
257 2157 347 2236 aliqui
376 2176 435 2218 non
463 2157 548 2219 abter
575 2161 703 2220 innoxiis
733 2157 906 2219 vulneribus
936 2191 989 2238 —-,
1017 2159 1171 2237 multivaga

165 2243 294 2324 alioquin
317 2263 378 2306 ave.
424 2254 470 2307 est
493 2249 573 2308 euim
595 2265 644 2307 ars
667 2246 725 2307 illis
747 2249 827 2308 inter
850 2265 882 2306 se
905 2246 1033 2309 blandiri
1058 2256 1089 2307 et
1111 2265 1170 2308 cor·

164 2349 304 2412 rumpere
327 2332 398 2394 alias
421 2335 561 2414 furtoque
585 2337 786 2396 comitatiores
808 2337 926 2396 reverti.

112 2432 163 2482 110
231 2415 305 2503 (53)
342 2421 421 2493 Quin
452 2432 483 2484 et
512 2426 713 2484 internuntiae
744 2427 775 2486 in
806 2427 920 2503 magnis
951 2423 1045 2484 rebus
1084 2425 1176 2502 luere„

165 2510 306 2589 epistulas
333 2511 460 2571 adnexas
488 2531 589 2573 earum
618 2512 745 2591 pedibus
774 2512 927 2574 obsidione
953 2511 1117 2573 liminensi
1141 2515 1169 2572 iu

164 2605 260 2660 castra
284 2599 440 2660 consulum
462 2599 602 2662 Decumo*
615 2600 708 2662 Bruto
731 2603 875 2662 mittente.
921 2601 993 2680 quid
1015 2601 1123 2663 vallum
1142 2611 1168 2660 et

153 2687 234 2766 vvigil
261 2687 375 2749 obsidio
402 2696 491 2767 atquc
519 2691 607 2750 etiam
636 2691 712 2750 retia
740 2708 825 2750 amne
853 2696 1008 2770 praetenta
1033 2691 1168 2769 proluere

165 2775 291 2836 Antonio
313 2795 369 2856 per
392 2777 506 2838 caelum
529 2785 619 2838 eunte
642 2774 769 2838 nuntio?
813 2786 843 2838 et
869 2778 975 2838 barum
1003 2797 1105 2840 amore
1130 2781 1168 2838 in-

166 2865 285 2924 saniunt
307 2865 402 2925 multi.
448 2873 639 2945 supertecta
663 2866 856 2927 exaedificant
877 2874 978 2927 turres
1001 2869 1050 2947 iis,
1073 2867 1166 2928 nohili-

163 2958 313 3030 tatemque
328 2953 509 3032 singtdarum
523 2961 554 3014 et
567 2956 696 3034 origines
710 2962 832 3015 narrant
845 2963 944 3016 vetere
958 2957 1018 3016 iam
1033 2955 1164 3035 exemplo.

164 3037 195 3099 L.
218 3039 310 3102 Axius
334 3041 599 3120 equesllomanus
622 3051 689 3104 ante
713 3042 822 3104 bellum
853 3043 937 3104 civile
959 3042 1163 3124 Pompeianum

235 3273 288 3320 la
305 3283 371 3320 nere
390 3267 502 3320 oHara.
530 3267 670 3322 haberer.
698 3282 763 3321 vere
776 3268 835 3322 edd.
850 3273 913 3322 cate
926 3267 1019 3322 Horti.
1094 3273 1163 3320 tuo

162 3335 337 3391 minatemd.
361 3339 438 3390 &lar
501 3338 675 3392 ienuam.
693 3339 794 3407 poste.
811 3338 992 3406 {solstitiod
1057 3345 1157 3408 bparr

163 3422 228 3472 pars
247 3407 274 3460 ll.
365 3413 381 3462 6
400 3409 518 3476 apparot
535 3408 597 3462 dil
630 3409 680 3475 cfr.
694 3408 782 3463 Arist.
800 3409 826 3464 lt.
842 3427 867 3463 a.
882 3411 928 3462 IX
941 3414 959 3464 7
972 3425 1004 3478 p.
1015 3409 1118 3472 613A,
1129 3411 1163 3460 30

164 3476 308 3529 -reawo
333 3479 442 3530 -renta
516 3483 549 3532 10
563 3478 731 3546 quinllbea.
757 3479 847 3548 quill.
919 3479 1147 3536 trabalem

164 3542 273 3598 vinctae
291 3546 378 3601 Borb.
405 3546 500 3602 uictae
517 3549 546 3602 ll.
619 3554 653 3603 to
672 3549 890 3605 tinnunculusd.
917 3551 967 3618 cfr.
984 3549 1090 3606 colu.
1108 3547 1166 3602 Vlll

164 3617 226 3676 8,.7
255 3615 489 3684 tunungul1sr¹tt
520 3619 632 3673 0an
657 3619 729 3673 linn-
748 3626 780 3674 B.
853 3621 1077 3677 assuerunt.
1104 3621 1164 3674 abt
