2414 3936
174 235 214 296 68
543 211 929 302 mmmfflmm‘

173 402 294 462 totidem
306 401 379 461 deos
392 400 499 460 iaciant
513 398 640 460 Iunones
656 397 822 480 Geniosque
839 399 1006 478 adoptando
1024 399 1089 476 sibi,
1105 419 1169 478 gen·

173 495 219 546 tes
234 503 307 546 vero
324 485 466 566 quaedam
488 483 619 544 animalia
635 491 664 542 et
686 483 782 563 aliqua
806 485 892 544 etiam
909 483 1042 544 obscena
1063 502 1116 564 pro
1134 485 1169 545 dis

174 569 300 631 habeant
323 587 358 630 ao
380 568 468 630 multa
493 567 570 628 dictu
591 568 683 645 magis
706 567 856 646 pudenda,
880 585 936 648 per
950 567 1057 628 fetidas
1075 586 1168 648 cepas,

131 663 164 719 17
174 655 229 715 alia
247 664 276 716 et
292 654 395 715 similia
411 655 548 712 iurantes.
576 649 755 712 Matrimonia
776 653 893 733 quidem
914 653 990 712 inter
1008 651 1082 712 deos
1098 652 1169 712 credi

173 748 312 818 tantoque
328 755 403 800 aevo
422 755 461 802 ex
474 737 518 798 his
534 737 677 797 neminem
692 739 789 814 nasei,
813 747 842 798 et
859 736 934 798 alios
951 755 1021 797 esse
1036 737 1186 814 grandaes

173 841 227 884 vos
243 841 361 902 semper
378 839 538 902 canosque,
555 820 629 882 alios
646 822 768 883 iuvenes
783 830 870 902 atque
887 838 1008 901 pueros,
1028 822 1082 882 atri
1099 821 1169 882 colo·

173 910 224 984 ris,
242 907 389 985 aligeros,
407 905 538 984 claudos,
556 921 613 966 ovo
630 905 726 967 editos
754 915 784 968 et
799 904 1035 968 alternisdiebus
1047 907 1172 968 virenter

173 992 398 1068 morientesque,
414 990 566 1070 puerilium
578 1006 673 1069 prope
685 990 940 1052 deliramentorum
952 999 1008 1051 est.
1026 989 1171 1070 sedsuper

175 1095 289 1137 omnem
304 1075 501 1154 inpudentiam
515 1075 656 1136 adulteria
671 1076 746 1136 inter
761 1077 842 1155 ipsos
858 1074 938 1154 fingi,
956 1091 1027 1135 mox
1043 1075 1135 1152 iurgia
1149 1083 1170 1133 et

133 1162 259 1237 modia,
288 1169 375 1240 atque
394 1161 480 1220 etiam
497 1159 637 1220 furtorum
653 1177 720 1220 esse
737 1169 766 1219 et
782 1159 927 1220 scelerum
942 1160 1068 1220 numina.
1100 1159 1192 1219 Densa

175 1256 220 1307 est
235 1244 350 1306 mortali
372 1245 471 1306 iuvare
494 1244 662 1320 mortalem,
689 1253 718 1304 et
739 1243 813 1305 haec
833 1242 869 1308 ad
890 1253 1041 1306 aeternam
1056 1243 1170 1322 gloriam

173 1334 229 1392 via.
248 1329 304 1391 hac
321 1345 465 1408 proceres
478 1330 541 1389 iere
559 1327 691 1404 Romani,
708 1327 764 1390 hac
781 1347 856 1388 nunc
872 1328 995 1389 caelesti
1011 1347 1103 1408 passu
1119 1346 1170 1388 cun

173 1415 276 1476 liberis
302 1414 364 1473 sais
385 1412 463 1475 vadit
493 1412 632 1473 maximus
658 1417 750 1472 omnis
771 1413 837 1474 aevi
859 1422 960 1474 rector
980 1412 1171 1492 Vespasianus

133 1511 167 1566 19
177 1499 322 1576 Augustus
345 1497 433 1558 fessis
455 1496 544 1558 rebus
560 1495 745 1558 subveniens.
775 1496 829 1558 llic
845 1505 891 1558 est
904 1497 1120 1558 vetustissimus
1134 1515 1171 1556 re·

175 1582 289 1644 ferendi
305 1581 382 1642 bene
398 1581 576 1642 merentibus
590 1583 712 1660 gratiam
729 1599 803 1659 mos,
826 1589 856 1642 ut
867 1581 941 1643 tales
952 1581 1117 1643 numinibus
1132 1581 1192 1642 ado

146 1666 314 1728 ascribant.
347 1667 455 1747 quippe
481 1676 510 1727 et
531 1666 653 1728 aliorum
675 1667 789 1727 nomina
808 1666 928 1727 deorum
948 1675 978 1727 et
1003 1685 1080 1748 quae
1097 1683 1171 1745 supra
1198 1705 1199 1712 ι

176 1751 261 1813 retuli
278 1751 404 1812 siderum
421 1771 458 1812 ex
473 1751 616 1813 hominurn
633 1759 699 1813 nata
715 1759 779 1811 suat
795 1751 914 1812 meritis.
948 1749 1052 1813 lovem
1067 1752 1172 1832 quiden

176 1846 223 1898 aut
243 1833 417 1898 Mercurium
441 1836 563 1898 aliterve
586 1836 660 1898 alios
683 1837 758 1897 iuter
779 1854 812 1896 se
833 1837 934 1896 vocari
952 1845 982 1896 et
998 1855 1068 1898 esse
1085 1835 1171 1898 caele·

133 1931 249 1990 aostem
272 1920 518 1983 nomenclaturam
560 1923 625 2002 quis
662 1937 720 1982 non
740 1921 979 2000 interpretatione
997 1929 1118 1983 naturae
1138 1919 1170 1979 ia·

176 2013 269 2066 teatur
281 2004 577 2084 inridendumlagere
593 2024 690 2068 curam
701 2025 797 2068 rerum
812 2005 999 2068 humanarum
1017 2006 1089 2068 illud
1101 2004 1198 2086 quid-n

177 2090 245 2169 quid
263 2098 308 2149 est
323 2087 482 2150 summum?
498 2108 572 2151 amre
589 2099 646 2152 tarn
661 2092 734 2152 tristi
751 2101 838 2171 atque
853 2089 1005 2171 multiplici
1021 2090 1169 2152 ministerio

176 2173 337 2253 nonpollui
357 2172 530 2236 credamus?
554 2173 774 2238 dubitemusne?
798 2174 855 2237 er
867 2192 961 2255 prope
981 2185 1028 2236 est
1039 2175 1169 2246 rudrcare

176 2267 269 2319 utrum
291 2260 384 2337 magis
408 2259 551 2322 conducat
570 2263 672 2341 generi
692 2262 832 2337 humano,
862 2259 993 2341 quando
1000 2260 1066 2322 aliis
1087 2258 1170 2320 nullus

134 2352 224 2418 ppest
245 2343 364 2404 deorum
387 2355 542 2426 respectus
567 2346 631 2408 aliis
655 2345 816 2426 pudendus.
846 2339 989 2405 Externis
1012 2343 1197 2406 famulantur

177 2429 280 2504 sacris,
297 2447 333 2491 ae
348 2429 447 2507 digitis
464 2431 537 2492 deos
552 2439 678 2508 gestant,
695 2439 823 2492 monstra
839 2446 956 2529 qpoque
975 2429 1086 2506 colant,
1104 2429 1190 2489 dan-o

175 2522 243 2574 nant
267 2523 296 2573 et
319 2516 487 2592 excogitant
510 2514 640 2590 cibos,'
632 2515 753 2594 imperia
778 2514 890 2576 diram
911 2515 994 2593 ipsos
1018 2532 1056 2575 ne
1079 2528 1169 2573 somno

176 2596 292 2678 quidem
304 2601 402 2679 quieto
414 2599 555 2676 inrogant.
568 2599 820 2675 nonmatrimonia,
833 2597 1023 2675 nonliberos‚
1032 2615 1092 2659 non
1103 2597 1170 2659 deni·
1195 2661 1196 2670 ἵ

175 2701 233 2762 que
247 2685 401 2763 quicquam
417 2684 494 2744 aliud
509 2683 562 2742 nisi
580 2682 741 2743 iuvantibus
757 2683 849 2743 sacris
865 2681 1006 2761 deligunt.
1027 2683 1115 2744 alliiu
1126 2680 1169 2742 Ga·

175 2767 278 2846 pitolio
293 2767 394 2828 fallant
410 2785 445 2828 ac
458 2767 652 2828 fulminantem
684 2769 816 2848 peierant
834 2764 950 2844 Ιοιιιιιι,
970 2768 1069 2829 ethos
1086 2769 1169 2827 iuvant

130 2863 167 2916 22
178 2851 303 2928 scelera,
321 2851 388 2913 illos
404 2870 487 2913 sacra
504 2870 554 2912 sua
571 2852 674 2930 poenis
692 2860 788 2950 agunt.
810 2850 921 2912 Invenit
932 2860 1031 2914 tamen
1045 2851 1189 2912 interlrastt

175 2945 313 3015 utrasque
332 2937 492 2996 sententias
509 2935 631 3020 medium
647 2935 726 2995 sibi
718 2953 781 3014 rpsa
796 2936 956 2997 mortalitas
979 2955 1102 3013 numen,
1124 2950 1169 3015 quo

142 3059 144 3064 ,
175 3021 267 3080 miuus
280 3021 365 3082 etiam
377 3021 463 3100 plana
475 3020 511 3081 de
524 3003 581 3079 deo
594 3021 767 3080 coniectatio
780 3029 869 3081 esset.
883 3022 1065 3102 totoquippe
1077 3019 1169 3082 mundo

174 3113 205 3164 et
228 3104 359 3165 omnibus
377 3105 451 3165 loeis
475 3103 663 3201 omnibusque
681 3103 760 3165 lroris
776 3106 899 3166 omnium
916 3105 1043 3173 uocibus
1057 3105 1170 3167 Fortuna

175 3187 258 3249 sola
251 3197 400 3250 rnvocatur
413 3188 628 3264 denominatur,
641 3205 696 3248 una
705 3197 867 3267 accusatur,
881 3208 935 3250 una
947 3191 1044 3268 agitur
1053 3209 1114 3266 rea,
1127 3205 1170 3249 una

176 3274 329 3350 cogitatur,
342 3271 405 3332 sola
418 3271 557 3348 landatur,
571 3272 634 3333 sola
646 3273 782 3351 arguitur.
796 3283 825 3334 et
838 3292 901 3334 cam
913 3276 1056 3336 conviciis
1065 3276 1167 3346 colitur,

175 3355 323 3432 volubilis,
341 3374 357 3416 a
373 3354 523 3435 plerisque
540 3374 611 3417 vero
628 3366 657 3418 et
673 3375 763 3419 caeca
785 3359 959 3436 existimata,
976 3379 1066 3440 vaga,
1082 3363 1168 3421 incon·

177 3451 265 3517 stans,
282 3442 410 3516 incerta,
428 3441 523 3517 varia,
540 3441 778 3523 indignorumque
794 3443 907 3504 fautrix.
934 3443 1003 3506 huic
1020 3447 1114 3508 omnia
1129 3461 1168 3505 ex·

177 3524 1169 3608 mmmwmfflmmmmmmmmmmfflm
