2340 3934
144 157 187 222 28
492 153 520 212 C.
540 153 640 210 PLINI
659 152 817 208 securint

144 327 221 370 nuae
251 307 390 368 submisit
418 307 445 367 is
475 307 523 366 cui
554 323 586 364 se
614 306 714 364 orions
744 301 943 382 occidensque
973 301 1146 362 submiserat.

145 399 217 460 Cato
247 397 402 459 censorius
431 397 463 454 in
492 391 540 454 illa
571 392 662 453 nobili
690 395 781 453 trium
812 393 972 472 sapientiae
1002 409 1153 471 procerum

145 487 181 549 ab
201 487 324 550 Athenis
346 485 492 563 legatione
516 481 616 543 audito
636 480 787 543 Carneade
810 483 1032 561 quamprimum
1051 480 1147 558 legatos

146 597 198 639 cos
221 579 338 637 censuit
361 572 566 653 dimittendoS‚
598 574 747 652 quoniam·
766 570 816 631 illo
844 573 907 631 viro
935 577 1147 650 argumentante

94 674 144 723 113
155 665 226 746 quid
249 667 312 725 veri
340 671 420 724 esset
441 661 519 722 haud
544 661 629 722 iacile
655 661 785 737 discerni
807 667 917 740 posset.
965 667 1076 738 quanta
1101 678 1154 720 mo.

147 773 214 816 rum
238 751 444 814 commutatio!
474 749 523 811 ille
548 769 666 830 semper
689 745 818 829 alioquin
841 751 999 810 universos
1025 767 1062 808 ex
1083 748 1150 807 ltalia

146 842 299 926 pellendos
336 841 454 902 censuit
488 839 630 921 Graecos,
667 848 696 900 at
731 857 880 918 pronepos
918 841 984 898 eius
1017 835 1150 900 Uticensis

147 932 219 994 Cato
242 949 336 992 unum
359 949 395 991 ex
416 929 569 990 tribunatu
593 928 719 989 militum
737 927 957 1009 philosophum,
980 927 1107 988 alterurn
1124 945 1155 1008 eq

147 1021 254 1101 Cypria
280 1020 427 1100 legatione
455 1019 634 1100 deportavit,
667 1017 850 1096 eandemque
873 1015 1007 1096 linguam
1036 1035 1073 1077 err
1094 1016 1151 1077 dno·

147 1111 204 1172 bus
228 1107 389 1171 Catonibus
412 1111 443 1168 in
466 1107 515 1168 illo
540 1107 687 1190 abegisse,
718 1109 750 1167 in
772 1106 829 1168 hoc
853 1109 1035 1186 importasse
1058 1123 1153 1166 memo·

147 1198 240 1259 rabile
264 1207 319 1259 est.

95 1303 147 1352 114
225 1287 284 1348 Sed
308 1296 337 1348 et
360 1295 533 1346 nostrornm
556 1285 679 1364 gloriam
701 1303 940 1364 percenseamus.
980 1287 1072 1364 prior
1094 1286 1156 1343 albi·

149 1395 240 1438 canus
265 1376 298 1448 Q.
322 1375 400 1436 Enni
428 1381 555 1436 statuam
581 1369 739 1454 sepulchro
768 1391 822 1434 suo
851 1375 954 1454 inponi
975 1375 1083 1456 iussit,
1111 1373 1155 1433 rla·

148 1484 275 1545 rumque
298 1464 371 1525 illud
395 1482 517 1546 nornen,
549 1465 639 1524 immo
663 1481 733 1523 vero
757 1463 885 1542 spolium
913 1481 949 1523 ex
971 1465 1067 1524 tertia
1089 1416 1157 1556 orbil

148 1563 232 1634 parte
257 1561 389 1635 captum,
419 1555 574 1613 incinere
599 1571 739 1632 supremo
768 1571 836 1612 cum
857 1560 963 1632 poetae
985 1551 1081 1613 titulo
1103 1552 1157 1630 legi

149 1644 233 1714 divus
257 1643 408 1722 Augustus
432 1645 562 1702 carmina
585 1639 694 1721 Vergili
717 1643 844 1703 cremari
868 1648 971 1702 contra
993 1645 1157 1702 testament'

149 1736 214 1794 eius
242 1731 451 1794 verecundiam
478 1732 584 1813 vetnit,
616 1733 771 1810 maiusque
801 1733 843 1791 ita
872 1732 931 1791 vati
961 1661 1158 1834 testimonirrul

96 1836 147 1884 115
158 1825 282 1902 contigit
311 1839 399 1901 quam
430 1823 456 1881 si
483 1822 547 1900 ipso
578 1839 631 1881 sua
657 1819 852 1899 probavisset.
902 1819 939 1880 M.
963 1818 1110 1881 Varronis
1136 1825 1158 1882 in

148 1910 340 1993 bibliotheca,
373 1928 448 1990 quae
477 1912 573 1990 prima
602 1911 633 1970 in
664 1909 735 1970 orbe
767 1908 803 1970 ab
833 1908 935 1970 Asinio
965 1907 1104 1971 Pollione
1131 1927 1158 1970 e:

149 2000 296 2062 manubiis
319 1999 468 2080 publicata
486 1993 595 2059 Romae
620 2006 678 2080 est,
701 2001 790 2060 unius
808 2001 935 2059 viventis
952 2001 1058 2079 posita
1076 2001 1146 2078 imag

150 2099 208 2172 est,
230 2087 309 2150 haud
333 2091 461 2170 minore,
491 2096 523 2149 ut
546 2087 685 2167 equidem
707 2105 789 2170 reor,
812 2087 919 2170 gloria,
940 2089 1084 2170 principe
1107 2107 1159 2148 ora·¹

149 2187 214 2240 tore
238 2187 268 2238 et
287 2179 349 2238 cive
373 2196 410 2238 ex
427 2177 476 2238 illa
494 2179 683 2257 ingeniorum
706 2196 781 2257 qnae
800 2185 873 2238 tuuc
894 2177 950 2237 luit
973 2178 1159 2240 multitudine

149 2269 202 2328 uni
223 2267 300 2327 banc
323 2282 464 2326 coronam
487 2266 590 2348 dante,
613 2285 700 2346 quam
725 2285 794 2328 cum
816 2267 913 2328 eidem
934 2265 1066 2346 Magnus
1088 2268 1159 2328 Pom·

97 2358 243 2436 tlopeius
265 2358 391 2436 piratico
414 2375 451 2416 ex
473 2355 551 2416 bello
574 2355 707 2417 navalem
730 2355 818 2416 dedit.
865 2356 1101 2418 innumerabilia
1121 2357 1159 2417 du·

149 2444 218 2506 inde
242 2453 313 2506 sunt
336 2445 469 2525 exempla
487 2443 627 2526 Romana,
651 2447 679 2506 si
694 2447 836 2525 persequi
854 2443 952 2526 libeat,
976 2448 1159 2527 cumplures

149 2553 208 2596 una
231 2552 304 2614 gens
331 2535 361 2594 in
386 2553 575 2613 quocumque
599 2552 708 2612 genere
732 2536 855 2595 eximios
879 2533 1101 2616 talerioquam
1123 2555 1159 2596 re·

149 2631 231 2686 torae
253 2633 360 2685 terrae.
391 2623 444 2683 sed
468 2641 527 2704 quo
550 2631 590 2704 te,
612 2621 649 2684 M.
673 2623 760 2704 Tulli,
782 2621 899 2704 piaculo
922 2630 1050 2707 taceam,
1076 2645 1159 2706 quorr.

149 2716 275 2774 maxime
299 2711 493 2774 excellentem
516 2713 625 2792 insigni
647 2707 842 2792 praedicem?
870 2729 929 2792 quo
951 2716 1058 2793 potius
1083 2733 1159 2796 quara

149 2805 280 2864 universi
299 2802 402 2883 poprdi
422 2800 515 2880 [illius
533 2799 645 2881 gentis]
665 2801 846 2882 amplissimo
863 2803 1047 2885 testimonio,
1074 2824 1091 2865 e
1111 2815 1159 2865 tota

97 2893 217 2951 117vita
240 2899 291 2951 tua
319 2889 492 2952 consulatus
514 2899 630 2952 tantum
657 2889 798 2970 operibus
827 2887 953 2952 electis?
993 2897 1024 2952 te
1051 2893 1159 2954 dicente

149 2978 246 3058 legem
269 2983 427 3060 agrariam,
455 2981 513 3041 hoc
536 2987 583 3041 est
605 2979 743 3041 alimenta
766 2999 832 3063 sua,
862 2979 1040 3043 abdicarunt
1065 2982 1159 3044 tribus

221 3228 237 3276 2
260 3220 350 3276 nobili
371 3220 441 3274 Μ’.
469 3221 521 3275 -lia
538 3221 606 3276 ΒΡ,
633 3222 714 3278 lium
733 3222 855 3278 tanao.
929 3217 1118 3296 ao‘abogissa
1140 3231 1159 3276 τ,

150 3293 228 3364 abig-
245 3295 298 3347 nd.
327 3293 434 3362 ambig-
453 3291 557 3346 ΜΨ.
586 3291 677 3348 abiec-
696 3311 711 3348 r
729 3293 798 3350 Rob.
854 3299 888 3348 15
908 3297 1021 3366 captum
1039 3313 1091 3368 eqo
1109 3297 1159 3350 coit

150 3369 230 3432 596.
256 3365 369 3435 raptum
388 3365 416 3420 ll.
488 3370 522 3419 29
545 3381 630 3420 uncos
647 3379 694 3436 eqo
707 3367 799 3434 posui.
832 3367 925 3436 gentis
946 3365 1061 3422 Μ’ᾱυ.
1093 3369 1126 3422 -u
1143 3385 1159 3422 r⁴

150 3435 294 3491 sciscenia's
311 3435 385 3491 Dect.
413 3435 534 3506 vigentis
553 3435 681 3506 Madvig.
702 3439 763 3492 ado.
783 3438 843 3492 crit.
863 3439 899 3500 II
911 3443 976 3494 525.
1011 3441 1016 3510 Ι
1050 3439 1159 3509 amplis·

151 3507 220 3562 aimo
237 3506 329 3560 ΠΜ.
359 3507 410 3562 -mi
428 3523 450 3564 r.
486 3509 490 3576 t
524 3513 588 3561 et).
616 3510 685 3562 etr.
766 3509 984 3578 Souconsulatns
1001 3515 1033 3566 tt.
1063 3529 1123 3564 -unr
1141 3527 1159 3563 r.

220 3583 253 3631 31
277 3577 433 3646 legnanam
454 3583 505 3632 Da.
538 3578 675 3647 legar-iam
697 3579 739 3634 12¹.
772 3579 819 3652 leg
839 3583 857 3636 c
879 3582 1036 3637 naorariam
1053 3581 1098 3636 1²².
1126 3581 1159 3636 le·

149 3663 213 3715 gem
231 3649 347 3716 agnatio
365 3649 515 3720 (agrariam
534 3647 574 3718 αἱ)
592 3649 742 3720 lignariam
760 3656 784 3706 d.
