2396 3940
284 164 368 219 Nau.
387 163 480 221 HlsT.
500 165 566 221 xm
586 169 654 222 1-3
675 169 766 238 (2-4)
978 171 1042 237 317

42 315 114 375 iurta.
158 333 239 376 uene
262 314 379 376 dicetur
408 314 548 378 cumulus
574 318 638 398 ipse
667 317 841 381 deliciarum
869 327 900 382 et
927 331 1042 382 s'unama

41 406 186 468 auctoritas
208 406 263 466 rei.

95 488 127 557 2.
150 493 230 575 Ergo
253 494 353 575 regale
375 503 563 575 unguentum
586 495 779 580 appellatum,
807 501 948 580 quoniam
971 499 1041 560 Par·
1062 505 1095 556 18

39 583 145 646 thorum
166 583 290 666 regibus
311 585 353 646 ita
371 591 564 666 temperatur,
587 593 704 648 constat
722 586 926 671 myrobalano,
949 597 1043 671 costo,

39 691 154 756 amomo,
177 676 314 736 cinnamo
337 691 472 756 comaco,
494 675 696 758 cardamomo,
718 676 806 746 nardi
828 679 923 760 spica,
950 695 1043 760 maro,

37 779 138 846 murra,
162 763 254 846 casia,
277 772 406 846 styrace,
427 764 546 846 ladano,
575 764 777 848 opobalsamo,
805 767 917 828 calamo
939 769 1043 830 iunco·

36 870 84 931 que
107 853 199 936 Syris,
222 853 379 936 oenanthe,
401 853 595 937 malobathro,
619 854 781 937 serichato,
804 873 908 938 cypro,
931 857 1042 938 aspala-

36 941 90 1024 tho,
117 961 243 1026 panace,
267 941 375 1026 croco,
405 946 521 1027 cypiro,
551 961 700 1030 amaraco,
730 945 804 1026 loto,
834 946 934 1027 melle,
963 949 1042 1008 vino.

35 1031 157 1114 nihilque
176 1036 241 1097 eius
259 1035 305 1096 rei
323 1035 413 1096 'causa
430 1033 557 1096 initalia
573 1036 859 1116 deameomntum,
877 1037 909 1097 in
923 1035 1044 1117 Europa

36 1140 95 1182 rero
112 1131 175 1186 tota
192 1131 313 1206 praeter
335 1125 403 1186 irim
421 1123 568 1204 Illyricam
592 1133 623 1188 et
641 1124 768 1186 nardum
787 1123 931 1186 Gallicum
949 1127 1042 1206 gigni·

36 1217 83 1272 tur.
127 1215 197 1275 riam
219 1217 321 1276 vinum
344 1221 375 1275 et
403 1233 472 1276 rosa
499 1223 530 1276 et
556 1217 646 1298 myrti
673 1213 743 1276 lolia
773 1213 932 1295 oleumque
962 1233 1042 1276 com-

33 1305 123 1364 munia
147 1305 211 1366 lere
235 1305 368 1366 omnium
390 1311 540 1366 terrarum
563 1304 805 1385 intellegantur„

91 1383 143 1476 (3)
163 1393 257 1456 Siccis
275 1392 419 1456 odoribus
438 1401 576 1457 constant
593 1414 670 1478 quae
690 1396 872 1475 diapasmata
888 1400 1042 1455 vocantur.
1061 1401 1094 1450 19

32 1498 91 1542 uam
104 1483 219 1546 laecum
237 1485 383 1566 unguenti
400 1499 516 1566 magma
534 1487 690 1568 appellant.
717 1484 798 1548 iuter
816 1501 920 1546 omnes
937 1490 1041 1564 poten·

33 1571 157 1635 inimus
175 1575 250 1637 odor
268 1575 404 1654 quisquis
422 1577 581 1638 novissime
600 1577 728 1640 additur.
760 1582 912 1654 unguenta
930 1573 1041 1653 optime

31 1657 182 1726 servantur
203 1666 235 1726 in
257 1663 425 1746 alabastris,
452 1664 561 1746 odores
583 1669 615 1730 in
638 1666 717 1748 oleo,
745 1663 826 1746 quod
853 1663 1042 1734 diuturnitati

31 1769 127 1814 eorum
151 1761 236 1816 tanto
259 1753 362 1816 utilius
385 1762 497 1834 quanto
519 1758 670 1839 pinguius,
694 1765 728 1818 ut
750 1775 788 1817 ex
811 1753 978 1835 amygdalo.
1011 1761 1042 1814 et

30 1841 86 1921 ipsa
107 1852 262 1924 unguenta
284 1843 430 1906 uetustate
453 1845 584 1907 meliora.
631 1846 675 1909 sol
698 1845 837 1908 inimicus
860 1845 911 1925 tie,
938 1861 1040 1923 qaram·

30 1929 125 1994 obrem
154 1937 186 1995 in
213 1933 319 1996 umhra
347 1936 520 1997 conduntur
546 1935 694 2016 plumbeis
722 1935 808 1996 vasis.
855 1934 1040 2014 experimen·

30 2027 86 2084 tum
104 2041 211 2086 eorum
231 2025 349 2086 inversa
367 2041 458 2086 manu
480 2027 607 2107 capitur,
629 2043 667 2088 ne
687 2041 829 2087 carnosae
846 2024 942 2104 partis
960 2021 1041 2083 calor

30 2112 113 2175 vitiet.

89 2198 123 2267 3.
139 2199 194 2288 (4)
213 2203 293 2266 llaec
310 2212 358 2266 est
376 2207 499 2266 materia
512 2203 600 2267 luxus
620 2224 637 2267 e
656 2205 772 2267 cunctis
790 2205 917 2265 maxime
936 2219 1039 2283 super·
1059 2205 1094 2255 20

31 2294 115 2354 vacui.
149 2291 343 2374 'margaritae
371 2295 452 2356 enim
479 2311 672 2377 gemmaeque
702 2295 738 2357 ad
768 2291 911 2356 heredem
940 2299 1040 2354 mmen

31 2385 196 2464 transeunt,
227 2391 326 2446 restes
354 2393 518 2465 prorogant
545 2393 679 2466 tempus,
710 2391 864 2463 unguenta
892 2382 960 2443 ilico
991 2399 1040 2442 ex·

31 2473 138 2550 spirant
170 2489 205 2534 ao
238 2475 299 2536 suis
331 2475 503 2536 moriuntur
533 2473 624 2535 horis.
677 2489 792 2534 summa
824 2469 1040 2531 commendatio

32 2575 128 2625 corum
151 2570 187 2624 ut
209 2569 413 2626 transeuntem
443 2565 583 2626 seminam
610 2561 684 2624 odor
711 2562 817 2623 invitet
843 2560 933 2620 etiam
960 2557 1039 2620 aliud

92 2759 110 2807 4
129 2756 244 2809 constet
260 2771 311 2810 om.
325 2759 357 2809 B.
430 2759 446 2809 5
466 2770 580 2810 comaco
594 2759 629 2807 Ι.
658 2767 786 2808 mornaco
799 2752 852 2820 ΒξΙ
868 2749 949 2806 nardi
963 2749 1040 2833 apice

32 2826 67 2878 lo.
95 2823 154 2880 dis
173 2843 186 2880 s
206 2825 252 2882 ica
268 2832 321 2880 ns.
349 2825 404 2881 -dis
423 2831 486 2880 n.
577 2830 628 2881 et
647 2823 786 2893 iuncoque
806 2822 876 2893 syris
894 2826 957 2905 Ι).
985 2839 1039 2876 -no

33 2895 158 2952 'ridente
199 2898 259 2954 ard.
286 2899 370 2954 iunco
387 2897 500 2954 rHard.
574 2895 701 2968 loyprio
715 2900 750 2950 Ι.
823 2899 956 2964 ecypuro
968 2899 1041 2947 lilla
1093 2921 1098 2926 -

33 2965 115 3024 ilorci.
150 2985 254 3040 cyepro
272 2975 307 3026 Ι.
341 2970 437 3053 cyprio
460 2969 617 3026 cadaver.
649 2984 729 3039 -pero
751 2966 880 3023 edVerc.
913 2983 975 3050 -pro
998 2966 1050 3020 ed.-

33 3037 88 3095 Boa.
201 3047 218 3096 e
242 3041 301 3097 eius
324 3058 365 3098 rer
387 3049 474 3098 cauea
495 3041 546 3096 del.
562 3041 642 3096 Pae.
663 3044 696 3095 ol
716 3041 848 3111 glomero
870 3039 908 3094 od
924 3037 1040 3094 metrice

33 3112 151 3168 »mnium
168 3113 296 3170 addim
317 3119 343 3170 et
359 3115 475 3169 exherno
497 3111 592 3169 omnia
614 3114 644 3168 eh
664 3109 828 3184 prodigiosa
848 3126 882 3166 eac
899 3109 971 3193 §ld
988 3109 1041 3164 hasa

34 3188 85 3239 mre
101 3183 233 3256 nihilque
250 3187 398 3256 helopem·
414 3185 509 3241 oolacil.
546 3201 593 3256 ego
610 3185 705 3240 malim
723 3185 838 3239 externa
860 3197 955 3237 omme
977 3185 1042 3236 orate

34 3255 395 3327 dhilqueimmreeleius
408 3257 451 3314 rei
464 3273 550 3313 cauae
562 3261 628 3326 post
641 3253 766 3312 omnium
783 3260 968 3324 honapoaoere.

34 3333 56 3381 ,4
78 3345 198 3401 magma
214 3334 287 3384 m
309 3331 427 3410 (inquo
444 3335 536 3386 tomen
553 3334 714 3400 cermagna
736 3325 890 3453 appellant.
926 3325 1041 3452 liegpe

34 3401 191 3471 appellent).
227 3419 371 3473 maginem
393 3405 428 3459 Ι.
466 3402 557 3457 -meia
579 3399 638 3457 edd.
652 3404 716 3456 oete
730 3397 788 3454 Ge.
825 3413 969 3482 magnam·
1003 3399 1039 3482 ol.

35 3536 37 3538 ,
92 3478 130 3529 1‘1
150 3473 247 3530 utilius
264 3479 299 3529 Ι.
327 3473 383 3529 ius
401 3475 445 3530 est
461 3489 506 3530 ro.
579 3478 613 3528 19
630 3471 788 3528 conduntur
805 3467 1042 3538 cosummatus

35 3543 79 3599 oli.
97 3544 234 3616 Μιθρῆν.
247 3545 285 3615 fr.
299 3551 327 3614 4,
339 3551 367 3614 9,
380 3551 424 3602 41.
457 3546 596 3614 coquntur
613 3551 643 3598 ll.
676 3541 836 3612 coquuntur
852 3545 929 3626 Iro,
1005 3546 1040 3596 22

35 3633 98 3672 osus
118 3635 146 3671 ι.
227 3623 261 3674 2³
280 3617 384 3674 addere
402 3617 468 3673 dem
485 3622 517 3672 B.
598 3622 633 3671 26
652 3614 843 3670 transeuntem
860 3611 996 3668 lemnam
1012 3617 1041 3666 Ι

35 3689 79 3744 dd.
91 3693 161 3746 orate
170 3689 226 3748 Gel.
255 3691 333 3746 -unie
352 3691 426 3761 (nni
443 3690 477 3758 lt)
497 3687 641 3744 uertici.
