2302 3938
259 237 341 289 nnn.
362 239 454 290 nisu.
477 241 529 288 111.
552 235 578 286 s.
603 232 727 308 pta-top
942 223 1000 288 137

36 393 185 473 exspatiantia
203 401 281 455 tecta
297 393 401 455 multas
422 393 560 456 addidere
577 394 675 456 urbes.
706 395 739 458 ln
764 398 855 476 prima
875 397 999 475 regione
1011 400 1046 454 68

37 487 154 556 praetcrea
176 478 257 539 inere
287 478 423 540 inlatio
445 479 521 540 clara
547 480 653 560 oppida
675 481 836 558 Satricum,
857 480 1001 555 Pometia,

37 563 135 641 Scaptia,
146 561 327 639 Politorium,
344 561 483 640 Tellena,
501 563 611 640 Tifata,
629 561 772 644 Caenina,
790 565 913 642 Picena,
931 562 1002 624 Cru-

37 649 179 726 stumerium,
193 647 360 726 Ameriola,
382 645 555 726 Medullum,
577 646 778 728 Corniculum,
796 649 930 710 Saturnia
951 647 1001 708 ubi

24 749 85 790 annac
96 731 175 794 Roma
190 741 247 810 est,
262 732 413 812 Antipolis
429 731 506 811 quod
530 751 604 794 nnnc
620 732 776 794 Ianiculum
792 736 821 794 in
842 741 926 814 parte
941 731 1000 794 Ro·

35 834 83 892 nae,
93 815 251 894 Antemnae,
260 815 433 895 Camerium,
442 815 578 895 Collatia,
586 818 753 896 Amitinum,
765 818 879 898 Norbe,
891 817 1002 893 Sulmo,

35 908 53 958 et
67 919 114 959 enm
131 902 164 961 iis
184 919 300 962 carnem
324 903 354 961 iu
375 910 474 962 monte
490 901 606 962 Albano
630 902 710 962 soliti
737 905 873 982 accipere
898 901 1046 982 populidtt

34 983 159 1061 Albenses,
174 985 300 1063 Albani,
316 985 476 1063 Aesolani,
492 985 670 1064 Accienses,
687 987 830 1065 Abolani,
847 987 1001 1061 Bubetani,

34 1067 117 1145 bolani,
136 1067 308 1147 Cusuetani,
338 1067 504 1148 Coriolani,
527 1069 701 1149 Fidenates,
723 1071 854 1149 Toretii,
877 1069 1002 1132 Horten-

16 1167 72 1228 ases,
89 1151 279 1231 Latinienses,
300 1153 447 1233 bergani,
468 1153 617 1234 llanates,
638 1154 798 1233 blacrales,
821 1155 1002 1232 Munienses,

32 1235 205 1316 liminienses,
223 1238 389 1318 Olliculani,
405 1237 548 1316 Octulani,
565 1239 681 1319 Pedani,
696 1239 894 1318 Poletaurini,
910 1236 1003 1311 Quer-

34 1321 157 1400 puetulani,
180 1323 295 1402 Sicani,
317 1325 502 1402 Sisolenses,
525 1323 733 1403 Tolerienses,
755 1324 929 1401 Tutienses,
951 1322 1002 1382 Vi·

31 1406 156 1485 nitellarii,
171 1407 348 1486 Velienses,
364 1407 558 1487 Venetulani,
576 1409 768 1471 Vitellenses.
813 1409 855 1470 lta
876 1427 914 1470 ex
929 1409 1000 1469 anti·
1012 1413 1048 1466 to
1139 1423 1140 1462 t

33 1506 68 1566 qno
79 1489 148 1553 latio
163 1491 227 1554 llll
246 1493 348 1574 populi
371 1495 511 1554 interiere
533 1495 597 1554 siue
616 1496 762 1574 vestigiis.
807 1497 837 1554 in
856 1491 1001 1572 Campano
1139 1487 1140 1494 '

14 1583 96 1635 tantem
114 1594 180 1656 agro
200 1578 321 1640 Stabiae
346 1578 483 1658 oppidum
504 1579 568 1639 iere
589 1597 682 1658 usque
703 1579 739 1639 ad
763 1577 814 1640 Cn.
833 1577 1003 1658 Pompeium

33 1667 50 1716 et
59 1657 81 1719 l.
96 1658 228 1724 Catonem
248 1663 396 1738 consules,
415 1663 510 1742 pridie
524 1662 640 1724 kalend.
656 1661 724 1740 Mai,
740 1681 798 1742 quo
816 1663 862 1723 die
879 1661 1004 1723 b.-Snlla

32 1741 112 1819 legams
135 1746 216 1808 bello
242 1747 344 1808 sociali
367 1747 396 1807 id
419 1746 544 1824 delevit,
566 1747 643 1826 quod
663 1765 738 1807 nunc
757 1750 787 1808 iu
807 1747 904 1808 villam
923 1745 1004 1806 abiit.

31 1829 139 1890 intercidit
153 1831 193 1892 ibi
210 1839 243 1892 et
260 1830 411 1893 Taurania.
450 1840 516 1892 sunt
538 1834 698 1892 morientes
717 1830 836 1892 Casilini
851 1831 1004 1909 reliquiae.

32 1921 149 1986 praeterea
167 1925 273 1976 auctor
294 1925 340 1976 est
356 1915 459 1976 Antias
479 1916 616 1996 oppidum
630 1915 796 1978 latinorum
812 1915 936 1994 Apiolas
960 1932 1005 1976 ca·

13 2005 83 2071 aptum
96 2017 109 2058 a
121 1997 152 2064 b.
167 1999 328 2079 Tarquinio
344 2019 430 2080 rege,
450 2019 489 2062 ex
505 2003 585 2062 cuius
607 2002 715 2080 praeda
731 1999 906 2080 Capitolium
921 2001 946 2060 is
961 2000 1004 2058 in·

32 2079 152 2144 eloanerit.
175 2083 203 2145 A
216 2086 392 2146 Surrentino
407 2085 443 2146 ad
455 2085 579 2146 Silerum
592 2103 703 2147 amnem
719 2088 837 2165 triginta
850 2085 927 2146 milia
940 2102 1005 2164 pas·

31 2182 82 2224 suun
95 2185 159 2246 ager
174 2167 345 2230 Picentinus
362 2171 416 2230 iuit
430 2168 600 2246 Tuscorum,
618 2170 727 2250 templo
742 2169 860 2232 lunonis
874 2171 1004 2248 Argivae

30 2247 50 2304 ab
62 2249 151 2314 lascne
167 2255 288 2315 condito
303 2255 436 2332 insignis.
460 2257 538 2314 intus
554 2255 690 2334 oppidum
705 2253 836 2332 Salerni,
856 2255 992 2314 Picentia.

69 2334 138 2418 (10.)
158 2339 185 2398 A
204 2338 305 2399 Silero
321 2339 407 2417 regio
427 2340 514 2398 tertia
530 2347 561 2400 et
582 2357 654 2418 ager
669 2338 800 2399 Lucanus
814 2337 1003 2416 Bruttinsque
1014 2343 1045 2393 tl

11 2417 111 2497 sincipit,
132 2441 186 2484 nee
208 2423 251 2483 ibi
274 2441 338 2483 rara
357 2423 519 2484 incolarum
540 2425 708 2484 mutatione.
754 2423 922 2484 Tenuerunt
940 2439 1004 2482 enm

29 2498 128 2584 Pelasgi,
146 2506 283 2568 Oenotrii
293 2550 303 2584 ,
318 2507 400 2586 ltali,
414 2506 583 2584 llorgetes,
600 2507 707 2584 Siculi,
724 2507 864 2568 Graeciae
880 2506 1004 2568 maxime

29 2589 114 2666 papuli,
130 2593 292 2653 novissime
309 2591 414 2652 lucani
432 2609 448 2651 a
465 2591 639 2652 Samnitibus
658 2594 714 2652 orti
731 2593 803 2654 duce
819 2589 917 2652 lucio.
948 2588 1005 2668 Cp·
1056 2612 1059 2618 ·

30 2670 94 2744 pilum
112 2674 247 2737 Paestum
264 2674 385 2737 Graecis
400 2675 557 2736 Posidonia
582 2675 775 2755 appellatum,
793 2677 873 2736 sinus
888 2674 1005 2735 Paesta-

29 2771 75 2833 ttt,
88 2760 218 2840 oppidum
240 2759 315 2821 Elea
337 2779 411 2840 quae
435 2779 510 2820 nnnc
531 2758 633 2838 Velia,
650 2762 878 2839 promunturium
893 2757 1005 2819 Pelinn-

11 2847 79 2917 nnn,
95 2861 109 2903 a
128 2863 185 2924 qno
213 2848 281 2907 sinu
306 2845 466 2906 recedente
487 2845 623 2905 traiectus
643 2843 678 2904 ad
695 2843 861 2905 Columnam
883 2841 1006 2920 Regiam

29 2928 149 2990 eentnmll
168 2949 251 3011 pass.
296 2931 459 3008 proximum
475 2938 570 2990 autem
591 2929 657 2990 huic
678 2928 784 2990 flumen
799 2927 930 3008 Melpes,
955 2933 1049 3005 op·72

30 3007 93 3080 pidum
104 3013 267 3076 anentum
283 3013 424 3076 Graeciae
440 3013 559 3091 Pyxus,
582 3011 657 3074 Laus
674 3015 780 3091 amnis,
801 3013 855 3072 init
877 3020 908 3072 et
924 3013 1007 3090 oppi-

29 3087 69 3152 iun
83 3098 177 3160 eodem
195 3102 326 3162 nomine.
371 3099 406 3160 ab
424 3116 462 3160 eo
477 3097 619 3158 bruttium
634 3097 716 3176 litus,
735 3097 872 3177 oppidum
886 3095 1005 3172 blanda,

29 3173 102 3241 lanan
116 3183 265 3262 Baletum,
281 3192 383 3265 portus
401 3181 574 3244 Parthenius
592 3182 795 3260 Phocensium,
814 3185 894 3242 sinus
914 3179 1007 3240 Vibo·

11 3265 108 3342 tressis,
120 3267 202 3330 locus
216 3267 409 3348 Clampetiae,
426 3267 563 3348 oppidum
580 3266 733 3348 Tempsae
746 3264 866 3327 Graccis
880 3265 1006 3326 Temese

29 3341 101 3408 lictum
120 3361 148 3412 et
163 3351 403 3415 Crotoniensium
426 3351 533 3412 Terina
554 3353 693 3430 sinusque
713 3353 817 3428 ingens
835 3349 1005 3410 Terinaeus.

31 3432 131 3505 oppidana
142 3435 304 3498 Consentia
315 3439 403 3498 intus.
425 3438 455 3496 in
470 3437 624 3516 peninsula
640 3435 743 3496 fluvius
755 3435 906 3510 Acheron,
919 3451 934 3492 a
947 3449 1004 3511 quo
1017 3439 1051 3490 73

29 3516 128 3592 oppidani
145 3521 349 3584 Acheruntini.
371 3521 479 3602 Hippo,
496 3521 575 3601 quod
587 3539 663 3582 nunc
678 3519 825 3581 Vibonem
843 3517 1008 3578 Valentiam
