2340 3934
238 196 323 251 nnn.
341 196 434 252 Hrsr.
453 197 506 254 Vin
524 205 630 254 ets-38
651 202 777 271 (ao-ae)
966 203 1007 268 31

26 351 95 402 tracta
117 343 243 424 Philippi
270 347 350 425 regis
381 347 467 408 oculo
496 351 600 427 sagitta
631 357 661 411 et
689 352 764 411 citra
792 352 1011 415 deformitatem

24 433 67 492 nris
97 441 193 493 curata
230 434 358 496 orbitate
394 436 528 519 lumime,
565 457 680 499 summa
714 448 814 502 autem
844 441 1011 522 Asclepiadi

23 522 147 583 Prusiensi
173 523 292 586 condita
321 544 396 586 nova
424 534 516 609 secta,
549 531 658 608 spretis
680 528 785 609 legatis
814 539 844 592 et
866 531 1009 611 pollicita-

23 611 124 672 tionibus
139 611 319 675 Mithridatis
337 617 426 698 regis,
445 625 564 696 reperta
582 620 696 678 ratione
717 637 775 698 qua
794 622 896 682 vinum
914 623 1010 699 aegris

10 701 137 782 tundetur,
154 702 251 763 relato
270 722 287 764 e
306 704 413 766 funere
431 705 550 766 homine
570 715 601 768 et
615 716 798 791 conservato,
817 708 869 770 sed
883 713 1009 770 maxime

21 792 151 868 sponsione
179 792 258 854 facta
287 811 356 856 cum
378 795 511 878 fortuna,
541 815 579 856 ne
607 796 740 858 medicus
769 798 953 880 crederetur,
984 801 1010 859 si

21 898 131 958 unquam
149 882 298 943 invalidus
319 883 380 944 ullo
399 885 486 945 modo
506 885 613 948 fuisset
631 889 703 966 ipsc.
733 895 763 947 et
781 889 852 948 vicit
871 906 1010 968 suprema

20 969 39 1028 ln
57 979 174 1032 senecta
188 971 277 1052 lapsu
301 973 446 1034 scalarum
470 977 662 1037 exanimatus.

66 1053 131 1143 (38)
161 1059 282 1122 Grande
306 1071 336 1124 et
359 1062 528 1126 Archimedi
551 1067 748 1144 geometricae
773 1083 806 1126 ac
828 1065 1001 1127 machinahs
1012 1078 1062 1132 125

10 1149 130 1210 *scientiae
152 1153 363 1212 testimonium
385 1153 421 1212 M.
445 1152 575 1214 Marcelli
599 1156 723 1234 contigit
745 1155 917 1237 interdicto,
941 1175 1010 1216 cum

19 1237 152 1314 Syracusae
182 1249 378 1324 caperentur,
408 1261 445 1303 ne
469 1243 631 1305 violaretur
653 1262 745 1325 unus,
775 1247 833 1304 nisi
856 1244 1010 1306 fefellisset

18 1325 146 1404 inperium
178 1329 320 1391 militaris
347 1331 546 1412 inprudentia.
596 1333 733 1394 laudatus
762 1342 807 1393 est
835 1341 865 1394 et
892 1331 1008 1394 Chersi-

17 1415 88 1493 phron
115 1417 248 1480 Gnosius
281 1420 351 1481 aede
382 1419 492 1501 Ephesi
522 1421 631 1483 Dianae
664 1421 828 1483 admirabili
860 1421 1010 1503 fabricata,

18 1503 96 1566 Philon
117 1507 245 1570 Athenis
269 1513 495 1572 armamentario
514 1511 566 1572 OD
588 1513 720 1592 navium,
745 1510 893 1572 Ctesibius
915 1530 1009 1592 pneu-

17 1598 96 1656 natica
116 1601 237 1659 ratione
261 1607 291 1659 et
313 1599 493 1679 hydraulicis
516 1603 636 1680 organis
659 1603 800 1682 repertiS,
828 1599 1009 1662 Dinochares

17 1693 116 1746 uelatus
133 1687 305 1748 Alexandro
330 1689 473 1750 condenti
492 1692 523 1750 in
542 1690 674 1770 Aegypto
689 1689 902 1751 Alexandriam.
931 1689 1010 1749 idem

16 1771 48 1833 bic
70 1778 231 1856 inperator
259 1777 352 1839 edixit
381 1797 418 1839 ue
447 1781 514 1858 quis
541 1783 641 1860 ipsum
673 1780 748 1842 alius
777 1797 865 1858 quam
893 1778 1010 1858 Apelles

15 1865 136 1950 pingeret,
169 1886 264 1948 quam
291 1868 464 1948 Pyrgoteles
492 1869 651 1950 scalperet,
685 1887 773 1948 qnam
800 1867 946 1948 Lysippus
974 1885 1010 1928 ex

17 1969 63 2013 nere
83 1955 215 2018 duceret.
264 1976 339 2036 quae
364 1965 442 2018 artes
465 1957 601 2038 pluribus
624 1958 790 2020 inclaruere
815 1956 965 2037 exemphs.

63 2039 114 2107 38.
147 2040 226 2130 (39)
275 2045 413 2107 Aristidis
441 2047 575 2108 Thebani
601 2050 726 2128 pictoris
753 2065 844 2107 urnam
871 2045 1001 2106 tabulam
1012 2056 1062 2120 126

17 2141 108 2194 centnm
128 2136 253 2196 talentis
276 2155 330 2196 rex
347 2135 463 2196 Attalus
481 2136 581 2198 licitus
601 2145 655 2219 est,
679 2139 829 2216 octoginta
848 2138 919 2196 emit
938 2136 1010 2196 duas

17 2217 97 2283 Caesar
118 2226 260 2306 dictator,
283 2225 410 2286 Mediam
433 2234 463 2286 et
485 2226 604 2286 Aiacem
627 2225 822 2306 Timomachi,
845 2227 876 2285 in
899 2224 1010 2304 templo

16 2305 111 2373 l'eneris
130 2314 305 2375 Genetricis
323 2315 484 2376 dicaturus
509 2313 673 2376 Candaules
691 2334 744 2376 rex
758 2313 896 2376 Bularchi
915 2316 1009 2394 pictu-

16 2417 60 2460 rant
71 2401 240 2484 Magnetum
260 2405 352 2486 exitii,
375 2404 453 2465 haud
472 2403 631 2466 mediocris
653 2407 738 2486 spati,
762 2402 853 2484 [pari]
873 2403 1012 2482 rependit

18 2505 75 2552 auro.
116 2493 261 2554 Rhodum
291 2512 352 2554 non
381 2494 514 2556 incendit
543 2512 597 2556 rex
627 2493 796 2555 Demetrius
826 2499 1011 2572 expugnator

16 2585 231 2665 cognominatus,
255 2601 293 2643 ne
313 2581 443 2644 tabulam
460 2583 636 2662 Protogenis
661 2590 807 2644 cremaret
830 2601 846 2642 a
869 2587 952 2660 parte
977 2599 1011 2640 ea

17 2674 72 2730 nuri
91 2672 226 2734 locatam.
263 2670 426 2734 Praxiteles
450 2691 598 2733 marmore
621 2671 793 2732 nobilitatus
816 2677 863 2730 est
885 2669 1001 2732 Gnidia-
1013 2678 1064 2728 127

18 2775 56 2834 que
74 2759 182 2824 Venere
207 2765 372 2843 praecipue
394 2780 502 2844 vesano
527 2779 628 2822 amore
651 2760 806 2822 cuiusdam
827 2760 944 2819 iuvenis
967 2759 1010 2817 in·

19 2847 83 2931 signi,
108 2856 162 2914 sed
184 2861 217 2915 et
242 2851 411 2912 Nicomedis
434 2853 638 2913 aestimatione
663 2851 741 2930 regis
765 2847 870 2929 grandi
892 2846 1011 2908 Gnidio-

20 2951 66 2998 rnm
85 2959 147 3004 aere
172 2941 274 3003 alieno
297 2949 468 3022 permutare
494 2957 560 3002 eam
583 2943 688 3002 conati.
734 2939 855 2999 Phidiae
879 2937 1013 3017 luppiter

21 3023 142 3108 llynptus
173 3031 287 3092 cotidie
317 3033 521 3092 testimonium
549 3029 699 3110 perhibet,
738 3027 866 3088 Mentori
897 3025 1012 3106 Capito·

20 3181 206 3198 &m

71 3275 261 3330 bmederebur
280 3275 410 3330 ditono.
477 3279 510 3328 to
528 3272 680 3328 interdictu
696 3276 774 3326 ΜΤ.
839 3277 880 3325 12.
903 3277 934 3324 13
955 3287 1013 3324 cre-

23 3339 109 3410 tiphron
124 3347 168 3402 12².
198 3363 285 3416 -pron
302 3346 346 3400 12¹.
376 3344 548 3414 cresimphro
568 3349 591 3398 d.
657 3350 690 3398 14
710 3342 756 3397 OD
774 3358 821 3412 ego
840 3343 891 3396 luc.
906 3358 936 3409 p.
947 3345 1025 3424 1¹32.-

23 3413 78 3470 nite
93 3419 117 3472 n.
130 3436 155 3474 u.
237 3423 271 3472 15
291 3417 408 3488 repertis
427 3432 478 3473 om.
497 3417 541 3469 12¹.
621 3422 653 3470 16
673 3413 803 3470 condenti
820 3412 935 3466 Ritscbl.
954 3414 1013 3468 uod.

23 3481 63 3538 leot.
77 3488 159 3546 Boou.
178 3494 257 3546 1857
273 3494 341 3558 gad.
370 3491 410 3544 -te
428 3487 456 3542 ll.
532 3491 565 3542 18
584 3487 725 3556 sculperet
743 3491 766 3539 tl.
839 3489 873 3538 23
893 3482 1013 3566 candau-

24 3553 53 3609 lns
66 3561 166 3616 own
242 3566 278 3616 24
296 3559 446 3615 mediocris
463 3559 525 3630 pati
545 3560 620 3629 (pate
639 3557 784 3626 culpatio
802 3555 849 3638 lif)
867 3571 898 3610 re
916 3553 1015 3637 pendit

23 3629 45 3678 l.
67 3647 139 3688 uncos
160 3649 209 3703 ego
222 3634 318 3702 posui.
348 3633 397 3698 cfr.
421 3633 543 3684 XXXV
557 3635 601 3685 55.
687 3635 729 3683 2⁷.
749 3631 783 3682 28
807 3625 1014 3696 gugnenquuo

25 3699 72 3753 Pi.
134 3710 166 3759 29
185 3704 304 3774 insigni,
325 3703 374 3757 sed
393 3705 422 3756 et
440 3701 501 3757 Situ.
529 3701 646 3772 insigni·
665 3703 694 3754 et
712 3700 739 3754 ll.
