2414 3936
157 213 198 272 70
546 225 641 272 untur
663 224 813 273 secunus

157 384 247 443 cietas
269 381 420 440 nobiscum
442 389 487 440 est
511 389 542 440 ut
565 389 665 441 nostro
689 380 748 441 lato
771 378 900 440 mortalis
923 379 960 437 sit
980 379 1020 438 ibi
1044 398 1150 461 quoque

157 467 284 528 siderum
305 465 412 542 fulgor.
445 464 495 525 illa
516 466 602 525 nimio
624 465 760 526 alimento
786 465 870 523 tracti
892 465 1001 523 umoris
1025 466 1110 543 ignea
1128 468 1152 525 vi

150 546 351 609 abundantiam
367 547 509 626 reddunt,
530 565 594 607 cum
609 546 749 609 decidere
770 547 946 622 creduntur,
968 552 1001 605 ut
1017 543 1092 624 apud
1108 561 1153 602 nos

152 647 270 710 quoque
295 630 450 692 luminibus
474 633 607 692 accensis
637 632 753 711 liquore
775 633 835 694 olei
862 638 995 690 notamus
1019 627 1153 697 accidere.

111 717 290 784 300eterum
306 723 424 775 aeterna
441 713 621 774 caelestibus
637 723 682 773 est
697 723 798 774 natura
813 713 1010 772 intexentibus
1026 717 1167 774 mundent

155 807 324 879 intextuque
342 799 505 876 concretis,
527 799 657 877 potentia
680 807 774 858 autem
796 797 833 857 ad
857 806 964 856 terram
980 815 1151 879 magnopere

157 903 257 946 eorum
285 883 453 962 pertinens,
485 901 560 962 quae
586 891 710 962 propter
735 881 1109 982 effectuusclaritatenpque
1129 893 1153 943 et

113 969 141 1012 ¹⁸·
153 970 188 1004 ²¹⁰
156 967 445 1056 magnitudinem
437 985 466 1026 ιιι
480 975 558 1027 tanta
568 967 727 1028 subtilitate
741 968 824 1026 nosci
836 975 1002 1045 potuerunt,
1022 969 1096 1028 sicut
1108 985 1152 1028 suo

133 1021 416 1116 demonstrabimus
430 1051 509 1111 loco.
540 1049 721 1111 Girculorum
738 1067 856 1130 quoque
873 1049 949 1112 caeli
966 1052 1068 1112 ratio'
1060 1071 1088 1112 m
1102 1062 1152 1112 ter-

112 1138 178 1238 22¹¹
199 1155 250 1198 rae
266 1137 411 1197 mentione
428 1137 522 1214 aptius
539 1135 666 1211 dicetur,
685 1136 799 1215 quando
815 1134 851 1195 ιι
868 1153 931 1196 eam
947 1144 1008 1196 tota
1024 1139 1151 1236 pertinet
1162 1153 1176 1191 ιι

112 1233 145 1288 31
155 1222 286 1302 srgnrierr
309 1221 396 1280 modo
414 1221 628 1280 inventionibus
649 1237 708 1280 non
730 1219 835 1280 dilatis
868 1218 1077 1300 Obliquitatem
1100 1224 1154 1283 eius

155 1307 355 1382 intellexisse,
382 1305 440 1365 boc
466 1313 512 1364 cst
536 1323 633 1364 rerum
659 1304 740 1365 fores
756 1305 924 1384 aperuisse,
947 1303 1154 1367 Anaximander

155 1391 288 1452 Milesius
310 1390 431 1450 traditur
452 1390 560 1468 primus
584 1387 756 1469 Olympiade
783 1390 1021 1488 quinquagesima
1048 1401 1153 1464 octava,

156 1479 239 1554 signa
255 1474 387 1534 deinde
378 1491 408 1534 m
423 1491 460 1534 eo
477 1471 677 1550 Cleostratus,
699 1483 729 1534 et
745 1475 836 1552 prima
853 1473 953 1534 arietis
968 1493 1004 1534 ac
1020 1476 1153 1554 sagittari,

156 1559 335 1640 sphaeram
326 1575 420 1638 ipsam
437 1567 503 1619 ante
519 1558 608 1618 multo
624 1557 718 1620 Atlas.
740 1557 824 1618 Nunc
838 1559 943 1618 relicto
959 1561 1082 1620 mundi
1073 1561 1176 1639 rpsiusn

113 1657 147 1711 ιι
156 1661 284 1724 corpore
302 1643 440 1722 reliqua
431 1651 506 1704 mter
522 1643 634 1703 caelum
651 1653 805 1723 terrasque
820 1650 989 1704 tractentur.
1017 1645 1153 1704 Summum

156 1748 223 1790 esse
247 1727 325 1808 quod
341 1737 448 1788 vocant
463 1728 577 1788 Saturni
599 1729 679 1788 sidus
701 1727 828 1808 ideoque
850 1727 994 1790 minimum
1024 1729 1117 1790 videri
1131 1736 1155 1786 et

154 1815 279 1876 maximo
304 1811 414 1874 ambire
431 1813 541 1873 circulo
555 1831 589 1873 ac
601 1813 749 1872 tricesimo
763 1830 837 1872 anno
851 1811 887 1872 ad
897 1811 1071 1874 brevissima
1084 1812 1154 1873 sedis

156 1917 226 1960 strae
241 1897 384 1977 principia
400 1898 521 1975 regredi
539 1906 650 1958 certum
666 1907 729 1972 est,
759 1897 882 1957 omnium
899 1906 995 1958 autem
1008 1899 1154 1960 errantium

156 1983 283 2044 siderum
290 1989 432 2058 meatuus,
440 1981 574 2060 interque
582 1999 617 2042 ea
629 1981 701 2041 solis
711 1990 740 2041 ιι
752 1981 848 2058 lunae,
865 1985 1042 2044 contrarium
1057 1981 1176 2043 mundoc

156 2083 247 2144 agere
264 2083 394 2140 cursum,
417 2064 445 2124 id
468 2075 513 2125 est
534 2065 715 2136 laevum,illo
732 2084 850 2146 semper
864 2067 893 2124 in
920 2066 1053 2128 dextram
1077 2085 1153 2146 prae-

113 2151 244 2230 33cipiti.
276 2147 313 2209 Et
337 2149 467 2228 quamvis
489 2149 608 2210 adsidua
626 2151 820 2210 conversione
836 2151 985 2212 inmensae
1002 2151 1154 2212 celeritatis

156 2233 324 2296 attollantur
344 2233 380 2294 ab
404 2249 441 2292 eo
462 2234 668 2314 rapianturque
690 2236 719 2294 in
745 2251 897 2312 occasum,
924 2235 1052 2296 adverso
1068 2245 1154 2296 tamen

156 2321 199 2380 ire
215 2327 294 2378 motu
310 2336 364 2396 per
379 2334 449 2377 suos
467 2337 601 2398 quaeque
619 2337 750 2398 pascuus.
768 2320 807 2380 ιιι
825 2318 888 2378 iteri
928 2337 965 2380 ne
989 2321 1154 2381 convolutus

157 2422 209 2464 aer
226 2402 348 2463 eandem
367 2403 395 2461 ιι
413 2412 526 2482 partem
541 2412 659 2463 aeterna
675 2403 771 2464 mundi
787 2404 929 2480 vertigine
947 2403 1055 2481 ignavo
1071 2404 1178 2482 globos

156 2497 289 2568 torpeat,
312 2486 365 2547 sed
382 2487 516 2548 fundatur
538 2487 663 2548 adverso
685 2487 812 2547 siderum
828 2487 955 2547 verbere
972 2489 1116 2550 discretus
1131 2497 1154 2546 et

113 2573 298 2651 stdigestus.
332 2571 446 2632 Saturni
461 2580 556 2632 autem
571 2571 650 2631 sidus
667 2571 785 2648 gelidae
802 2590 838 2632 ac
857 2573 978 2650 rigentis
996 2592 1065 2634 esse
1082 2581 1153 2634 natu·

157 2676 219 2734 rae,
236 2657 412 2736 multumque
431 2675 469 2716 ex
485 2673 522 2716 eo
537 2654 705 2716 inferiorem
720 2655 798 2716 lovis
811 2656 949 2718 circulum
963 2667 993 2717 et
1004 2658 1072 2718 ideo
1084 2666 1154 2718 motu

157 2741 302 2802 celeriore
320 2741 462 2802 duodenis
487 2741 644 2818 circumagi
667 2740 757 2802 annis.
791 2739 918 2802 Tertium
938 2739 1057 2819 Martis,
1084 2740 1154 2823 quod

157 2825 272 2905 quidam
288 2823 423 2886 Herculis
438 2834 560 2901 vocant,
587 2821 657 2901 igne
688 2823 792 2884 ardens
821 2827 894 2886 solis
918 2788 1066 2888 vicinitate
1088 2826 1177 2886 ιιιιιιι

155 2910 220 2970 fere
243 2909 324 2968 annis
349 2911 497 3007 converti,
524 2870 651 2989 idboque
671 2908 755 2970 buius
777 2911 884 2970 ardore
906 2911 994 2971 nimio
1018 2921 1049 2972 ιι
1062 2927 1154 2990 rigore

156 2993 271 3053 Saturni
288 2993 469 3055 interiectum
483 2992 625 3055 ambobus
640 3012 678 3054 ex
693 3003 816 3075 utroque
831 2997 990 3075 temperari
1004 2995 1105 3057 lovem
1116 3013 1154 3054 sa

111 3077 337 3157 salutaremque
353 3077 427 3138 lieri.
489 3077 566 3138 Dein
591 3078 662 3138 solis
679 3088 804 3140 meatum
822 3097 890 3139 esse
908 3082 1033 3164 partium
1046 3080 1155 3161 quidem

157 3170 354 3222 trecentarum
364 3164 527 3240 sexaginta,
544 3163 597 3223 sed
613 3172 643 3223 ut
656 3163 825 3223 observatio
837 3162 1003 3225 umbrarum
1019 3167 1081 3226 eius
1092 3164 1154 3224 red·

157 3253 204 3306 ιιι
215 3244 252 3306 ad
266 3255 362 3306 metas
377 3247 481 3326 quinos
501 3248 582 3308 annis
599 3247 663 3309 dies
684 3248 759 3308 adici
782 3265 930 3328 superque
947 3259 1077 3328 quartam
1094 3267 1153 3328 par·
1162 3270 1179 3309 ιι

156 3339 214 3388 tem
227 3330 295 3391 diet.
319 3348 404 3409 quam
421 3331 459 3392 ob
476 3350 590 3392 causam
608 3333 705 3412 quinto
722 3349 796 3393 anno
812 3351 885 3393 unus
901 3335 1082 3394 intercalaris
1095 3333 1154 3393 dies

108 3421 147 3476 ’36
155 3413 278 3491 additur,
294 3423 324 3474 ut
339 3423 499 3494 temporum
514 3418 586 3478 ratio
603 3415 674 3476 solis
690 3417 785 3476 itineri
801 3427 951 3495 congruat.
975 3417 1054 3479 lnlra
1066 3417 1153 3478 solem

156 3496 242 3559 ambit
257 3499 361 3576 ingens
377 3499 456 3560 sidus
470 3500 646 3579 appellatum
661 3499 798 3580 Veneris,
814 3501 927 3562 alterno
942 3512 1039 3563 meatu
1055 3519 1153 3582 vagum
