2414 3936
209 215 248 278 66
575 223 605 270 c.
623 225 718 270 unum
735 221 885 270 succurunt

210 381 435 463 appellantium,
456 380 510 441 sed
533 388 562 440 et
586 329 754 458 argumenta
773 395 869 438 rerum
891 376 1015 452 docent,
1039 392 1099 435 non
1120 375 1192 434 solun

211 466 360 549 quietalis
383 465 474 542 ligura
498 463 630 524 omnibus
653 465 697 524 sui
712 461 842 541 partibus
863 461 959 538 vergit
976 461 1005 519 in
1021 477 1091 520 sese
1107 478 1140 519 ac
1154 459 1192 518 sibi

210 553 274 631 ipsa
291 549 443 610 toleranda
461 557 507 610 est
522 567 615 628 seque
632 548 750 608 includit
766 555 795 606 et
813 547 940 606 continet
962 543 1106 604 nullarum
1122 561 1192 620 egens

211 636 385 714 conpagium
400 629 455 693 nec
475 633 560 694 duem
582 641 630 696 aut
651 633 759 692 initium
780 631 847 690 ullis
864 631 907 690 sni
924 628 1057 707 partibus
1073 630 1191 700 sentiens,

210 738 266 780 nec
284 723 350 799 qula
366 721 401 778 ud
418 727 540 794 motum,
566 734 623 796 quo
640 715 761 777 subinde
782 715 856 774 verti
879 731 948 773 mox
963 711 1133 791 adparebit,
1147 712 1200 771 talu

211 804 358 884 aptissima
375 811 436 878 est,
463 802 517 862 sed
533 801 683 862 oculorum
699 817 815 880 quoque
832 797 1025 877 probatione,
1051 796 1130 876 quod
1145 813 1191 854 con·

209 905 302 948 vexus
324 887 494 965 mediusque
517 904 697 965 quacumque
720 892 871 960 cernatur,
895 901 960 942 cum
976 881 1005 942 id
1027 881 1159 942 accidere
1177 883 1191 938 'n

210 971 266 1033 alia
281 987 339 1030 non
354 971 449 1050 possit
463 970 565 1048 ligura.

181 1063 199 1119 6
273 1055 301 1116 3.
321 1053 383 1134 (3.)
396 1053 477 1114 Hanc
489 1071 562 1132 ergo
576 1053 697 1114 lormam
709 1054 771 1113 eius
784 1061 905 1112 aeterno
918 1059 947 1110 et
959 1052 1126 1132 inrequieto
1138 1048 1191 1110 amb·

210 1141 267 1216 itu,
293 1138 479 1199 inenarrabili
503 1137 673 1214 celeritate,
696 1137 795 1215 viginti
818 1143 953 1216 quattuor
968 1135 1109 1196 horarum
1123 1135 1200 1213 spatici

211 1224 369 1301 circumagi
387 1223 458 1284 solis
474 1230 613 1283 exortuus
631 1226 660 1279 at
676 1235 815 1279 occasuus
826 1221 894 1280 baut
916 1219 1033 1281 dubium
1053 1219 1192 1298 reliquere

209 1308 256 1371 An
274 1309 311 1368 sit
328 1309 474 1368 inmensus
492 1317 521 1368 et
537 1307 606 1367 ideo
622 1323 738 1366 sensum
755 1305 863 1366 aurium
879 1305 1030 1366 excedens
1044 1313 1142 1366 tautae
1153 1320 1193 1362 no·

210 1392 247 1452 lis
268 1401 381 1452 rotatae
402 1392 546 1468 vertigine
571 1390 691 1450 adsidua
716 1390 825 1450 sonitus
841 1406 899 1449 non
915 1390 1051 1468 equidem
1068 1388 1153 1450 facile
1168 1387 1192 1446 di·

210 1477 313 1551 xarim,
330 1491 398 1552 nou,
414 1474 554 1550 Hercule,
571 1475 664 1552 magis
680 1491 763 1554 quam
779 1475 1019 1534 circumactorum
1035 1473 1121 1534 simul
1135 1473 1192 1532 tinui·

210 1568 256 1619 tus
274 1559 401 1620 siderum
423 1575 552 1639 suosque
574 1558 751 1619 volventium
768 1557 856 1618 orbas
876 1575 912 1618 an
933 1557 1028 1618 dulcis
1055 1557 1200 1638 quidamen

210 1642 377 1704 incredibili
393 1644 533 1704 suavitate
553 1652 722 1704 concentus.
753 1641 838 1703 nobis
854 1641 903 1723 qui
920 1641 995 1702 intus
1011 1643 1126 1720 agimus
1140 1642 1191 1700 ium

183 1727 316 1796 ldiebns
331 1728 525 1808 noctibusque
547 1729 651 1789 tacitus
674 1726 780 1788 labitur
795 1727 926 1788 mundus.
957 1725 1035 1787 Esse
1051 1729 1191 1787 innumeras

210 1815 238 1875 ei
257 1812 374 1890 efligies
391 1813 552 1874 animalium
570 1830 726 1892 rerumque
742 1821 907 1872 cunctarum
929 1811 1083 1891 inpressas
1099 1829 1164 1886 nec,
1176 1817 1192 1866 ut

210 1900 239 1960 in
253 1897 405 1958 volucrum
423 1907 555 1958 notamus
570 1898 650 1974 ovis,
686 1895 805 1957 levitate
833 1896 967 1957 continua
990 1894 1134 1956 lubricum
1149 1911 1190 1954 cor·

209 1999 275 2061 pus,
293 1981 371 2060 quod
388 1982 540 2042 clarissimi
562 1990 699 2042 auctores
720 1981 839 2056 dixere,
862 1999 959 2040 rerum
981 1981 1155 2059 argumentis
1167 1980 1190 2035 in·

211 2065 340 2141 dicatur,
359 2066 493 2143 quoniam
510 2063 578 2126 inde
596 2065 728 2126 deciduis
744 2083 841 2125 rerum
859 2066 983 2125 omnium
999 2065 1154 2126 seminibus
1166 2065 1189 2120 iu·

209 2165 358 2225 numerae,
374 2149 488 2210 inmari
504 2151 679 2229 praecipue,
696 2167 731 2210 ac
746 2149 917 2228 plerumque
936 2149 1068 2210 confusis
1084 2148 1189 2210 monstri·

210 2233 284 2293 dcae
306 2233 460 2310 gignantur
482 2233 616 2312 efligies,
642 2243 797 2313 praetcrea
812 2233 913 2293 visuus
924 2233 1120 2312 probatione,
1145 2229 1189 2292 alibi

209 2318 279 2393 ursi,
302 2318 376 2378 tauri
399 2317 486 2394 alibi,
509 2317 579 2379 alibi
595 2318 711 2380 litterae
727 2318 835 2396 figura,
861 2318 1030 2379 candidiore
1047 2319 1142 2380 medio
1157 2333 1190 2395 pu

181 2401 349 2466 Sterticem
368 2401 488 2463 circulo.
519 2404 549 2464 4.
566 2401 709 2482 Equidem
726 2411 756 2462 et
772 2419 917 2462 consensu
933 2404 1064 2481 gentium
1081 2418 1189 2464 moveor.

208 2503 273 2546 nam
289 2504 375 2566 quarn
393 2483 505 2566 κόσμον
520 2487 626 2550 Graeci
641 2487 755 2548 nomine
772 2489 932 2548 ornamenti
945 2487 1137 2568 appellavere
1147 2501 1190 2546 eun

209 2578 239 2631 et
260 2588 314 2630 nos
340 2589 356 2631 a
382 2571 516 2650 perlecta
538 2571 732 2652 absolutaque
758 2571 905 2650 elegantia
926 2573 1071 2634 mundum.
1104 2571 1190 2632 caelm

209 2654 325 2734 quidem
341 2653 408 2716 baut
424 2655 511 2717 dubie
528 2654 633 2716 caelati
649 2666 817 2735 argumento
835 2657 973 2736 diximus,
996 2666 1027 2718 ut
1042 2658 1189 2736 interprete·

177 2748 253 2807 atur
274 2737 311 2798 ll.
335 2738 439 2800 Varro.
473 2739 598 2801 Adiuvat
624 2759 720 2801 rerum
747 2741 820 2801 ordo
849 2741 999 2820 descripto
1025 2742 1136 2802 circulo
1159 2737 1189 2816 qui

209 2823 331 2900 signifer
351 2832 474 2886 vocatur
499 2825 528 2884 in
550 2823 704 2886 duodecim
720 2825 883 2886 animalium
900 2825 1017 2903 efligies
1034 2834 1063 2886 et
1078 2844 1132 2906 per
1144 2823 1187 2883 illas

208 2907 280 2966 solis
289 2921 409 2964 cursuus
422 2921 587 2983 congruens
596 2917 639 2969 tot
654 2910 781 2970 saeculis
796 2909 881 2970 ratio.

166 3005 201 3060 10
271 2991 301 3050 5.
320 2991 383 3071 (4.)
396 2991 460 3054 Nec
471 2993 508 3054 de
521 2992 673 3054 elementis
688 2993 775 3054 video
792 2993 916 3055 dubitari
928 3001 1065 3075 quattuor
1080 3012 1144 3056 esse
1159 3007 1186 3050 ea

206 3073 314 3151 ignium
327 3093 475 3154 summum,
491 3076 559 3137 inde
570 3085 614 3136 tot
629 3077 776 3140 stellarum
790 3078 858 3138 illos
871 3079 1086 3140 conlucentium
1099 3077 1186 3138 oculos

207 3175 376 3237 proxumum
389 3160 538 3241 spirituus,
553 3179 638 3241 quem
656 3161 761 3222 Graeci
775 3164 925 3244 nostrique
942 3163 1047 3224 eodem
1064 3159 1186 3224 vocabulo

207 3259 277 3304 aera
293 3244 459 3324 appellant,
483 3245 600 3306 vitalem
620 3245 696 3307 hunc
713 3257 741 3308 et
757 3265 812 3326 per
827 3257 931 3310 cuncta
945 3267 1041 3310 rerum
1058 3247 1186 3309 meabilen

206 3335 328 3410 totoque
346 3339 520 3390 consertum.
541 3329 624 3390 buius
639 3332 667 3390 vi
684 3349 854 3410 suspensam
871 3351 935 3395 cum
951 3343 1055 3412 quarto
1074 3345 1186 3412 aquaruu

168 3419 197 3473 ll
208 3409 354 3472 elemento
373 3413 473 3474 librari
493 3414 590 3476 medio
614 3415 688 3494 spati
713 3415 858 3477 tellurem.
894 3416 936 3478 lta
951 3427 1050 3478 mutuo
1065 3416 1186 3494 conplem

208 3494 385 3558 diversitatis
407 3496 485 3558 ellici
508 3517 614 3560 nexum
636 3508 664 3558 et
692 3500 768 3561 levia
792 3501 972 3579 ponderibus
999 3501 1123 3562 inhiberi
1148 3509 1194 3576 qut
