2364 3930
185 140 249 204 152
529 141 558 196 C.
577 139 678 196 PLINI
696 137 855 195 secutum

68 321 72 329 ·
184 290 269 352 dines
292 291 323 350 in
343 291 424 351 coitu
447 291 671 371 superveniunt,
693 287 794 369 polypi
811 291 897 350 crine
914 308 974 350 uno
998 290 1114 350 semime
1132 309 1169 376 m,

183 379 268 441 ribus
294 377 422 460 adnexo,
451 381 568 459 saepiae
597 387 628 440 et
653 378 801 458 lolligines
832 377 956 458 linguis,
986 379 1169 458 componenti

183 472 263 530 inter
281 486 314 528 se
332 467 471 528 bracchia
493 475 524 528 et
541 470 573 528 in
591 469 776 529 contrarium
794 475 908 528 nantes.
950 486 1004 528 ore
1022 476 1053 528 et
1068 471 1169 546 pariunt

184 557 237 619 sed
259 557 359 637 polypi
381 559 543 618 interram
565 575 652 618 verso
671 559 768 637 capite
787 564 910 638 coeunt,
932 557 1049 636 reliqua
1065 557 1169 642 molliunt

132 656 183 704 169
194 648 286 727 tergis
305 654 340 707 ut
359 663 456 727 oanes,
474 648 547 708 item
560 645 692 708 locustae
708 653 738 707 et
752 645 884 728 squillae,
902 648 1006 707 cancri
1018 665 1078 706 ore.
1105 645 1169 736 renel

184 737 408 816 superveniunt,
432 735 584 815 prioribus
606 733 733 815 pedibus
756 735 817 796 alas
840 735 968 796 feminae
992 753 1073 796 mare
1093 736 1169 814 adpre?

183 824 346 905 lrendente,
375 823 593 905 posterioribus
621 824 732 886 clunes.
784 826 906 905 pariunt
931 826 1069 886 minimas
1093 841 1169 886 mmet

184 916 297 994 nigras,
327 931 401 992 quas
421 915 549 990 aprinos
571 921 690 996 vocant,
720 913 816 976 oculis
839 921 955 976 tantum
985 923 1017 975 et
1043 913 1164 974 caudain

184 1005 296 1082 signes,
323 1019 392 1062 mox
414 1002 507 1082 pedes
530 1003 697 1082 figurantur
721 1004 814 1066 cauda
836 1003 969 1064 findente
994 1022 1028 1065 se
1050 1005 1079 1064 in
1099 1011 1151 1082 post

183 1093 288 1152 riores.
344 1093 513 1171 mirumque
545 1093 685 1154 semestri
716 1095 775 1153 vita
808 1092 1003 1154 resolvuntur
1035 1095 1066 1152 in
1094 1092 1137 1151 lim

183 1179 265 1242 nullo
288 1187 444 1262 cernente,
474 1188 505 1241 et
526 1199 634 1242 rursus
661 1183 762 1242 vernis
784 1183 879 1262 aquis.
896 1187 1097 1243 renascuntur
1119 1198 1161 1259 qua

184 1269 277 1352 luere,
300 1278 425 1331 naturae
444 1269 570 1350 perinde
587 1263 704 1331 occulta
722 1273 846 1352 ratione,
869 1289 938 1333 cum
957 1270 1096 1332 omnibus
1111 1273 1162 1330 arui

131 1359 223 1421 16611
247 1360 371 1420 eveniat.
410 1365 440 1418 et
462 1353 560 1420 mituli
578 1368 608 1420 et
630 1361 766 1440 pectines
789 1367 895 1440 sponte
918 1368 1046 1421 naturae
1068 1358 1152 1425 inhu

184 1450 265 1510 nosis
288 1449 481 1528 proveniunt3
509 1465 586 1526 quae
614 1448 745 1510 durioris
772 1456 867 1510 testae
894 1457 980 1530 sunt,
1008 1458 1044 1510 ut
1064 1451 1170 1508 nuncu

183 1555 344 1619 purpurae,
367 1535 501 1598 salivario
523 1537 650 1620 lentore,
673 1539 751 1599 sicut
769 1546 924 1599 acescente
949 1555 1058 1599 umore
1077 1489 1170 1618 culices!

184 1645 260 1708 apua
283 1643 388 1706 spuma
410 1627 502 1686 maris
524 1626 734 1707 incalescente,
760 1645 829 1688 oum
851 1627 1002 1688 admissus
1026 1635 1072 1688 est
1092 1624 1170 1706 imbec

185 1733 344 1796 quaerero
359 1714 460 1775 siliceo
475 1717 605 1794 tegmine
620 1717 807 1797 operiuntur,
829 1724 864 1777 ut
876 1723 988 1796 ostrea,
1010 1723 1170 1796 putrescente

183 1806 254 1866 limo
282 1811 334 1865 aut
361 1821 465 1884 spuma
495 1805 574 1864 eirca
601 1807 715 1884 navigia
745 1805 859 1866 diutius
889 1808 1000 1866 stantia
1031 1805 1170 1880 defixospu

183 1894 266 1974 palos
302 1901 333 1954 et
363 1892 477 1973 lignum
508 1895 643 1955 maxime.
689 1912 786 1974 nuper
818 1902 1007 1974 compertum
1044 1896 1075 1954 in
1104 1899 1170 1951 ostre-

184 1985 255 2044 ariis
277 1999 414 2043 umorem
435 1981 482 2043 his
505 1982 649 2044 fetificum
671 1981 756 2044 lactis
775 1982 863 2044 modo
882 1982 1018 2044 effluere.
1056 1978 1149 2060 auguill

184 2078 317 2133 atterunt
335 2089 368 2131 se
387 2071 526 2151 scopulis.
563 2090 598 2132 ee
617 2075 792 2152 strigmenta
809 2075 973 2153 vivescunt,
997 2089 1056 2132 neo
1078 2070 1126 2130 alia
1143 2087 1166 2126 es

132 2168 181 2216 161
194 2177 297 2221 earum
326 2161 504 2238 procreatio.
549 2162 677 2240 piscium
708 2161 825 2222 diversa
856 2179 966 2240 genera
994 2178 1058 2220 non
1084 2168 1169 2219 coemt

184 2255 303 2328 practer
332 2250 499 2328 squatinam
529 2257 559 2310 et
586 2251 692 2332 raiam,
724 2269 761 2311 ex
793 2249 902 2330 quibus
933 2251 1072 2310 nescitur
1099 2249 1152 2326 prio

184 2344 269 2416 parte
287 2337 366 2397 raiae
386 2337 500 2420 similis,
523 2346 554 2399 et
572 2357 682 2400 nomeu
702 2358 737 2400 ox
755 2347 884 2418 utroque
904 2340 1103 2418 compositum
1119 2353 1161 2414 apu

132 2434 183 2483 162
194 2425 323 2488 Graecos
345 2425 446 2488 trahit.
495 2427 641 2506 quaedam
663 2436 797 2508 tempore
825 2429 894 2488 anni
920 2429 1089 2506 gignuntur
1113 2425 1161 2484 et⁴

185 2534 289 2577 rumore
321 2523 355 2577 ut
384 2517 416 2575 i'n
445 2523 540 2597 terra,
572 2535 642 2577 rere
671 2518 820 2597 pectines,
849 2515 984 2596 limaces,
1015 2513 1168 2576 hirundine

186 2606 289 2667 eadem
311 2613 445 2684 tempore
469 2614 658 2666 evanescunt.
695 2607 824 2685 piscium
845 2604 935 2684 lupus
958 2612 989 2665 et
1008 2603 1127 2665 trichias
1145 2579 1171 2658 ul

185 2713 262 2756 anno
285 2696 376 2775 perit,
406 2701 437 2754 et
460 2693 596 2754 saxatiles
620 2711 732 2756 omnes.
777 2693 911 2755 nonnulli
938 2702 1004 2774 ter,
1025 2701 1061 2754 ut
1083 2683 1171 2768 clreicis}

185 2785 300 2864 cyprini
322 2784 450 2864 sexiens,
472 2799 656 2862 scorpaenae
678 2782 733 2864 bis,
756 2801 790 2843 ac
813 2785 892 2862 sergi
910 2799 979 2842 vere
999 2790 1032 2842 et
1051 2789 1171 2854 autumno

186 2889 222 2930 ex
244 2871 340 2951 planis
363 2873 498 2950 squatina
522 2871 583 2954 bis,
605 2871 667 2932 sola
690 2878 847 2953 autumno,
869 2889 977 2933 occasu
999 2868 1171 2948 vergiliarum

257 3129 414 3198 esquillee
431 3149 457 3186 o.
486 3131 557 3186 schi-
577 3133 605 3187 ll.
687 3132 794 3187 emori
810 3137 842 3186 n.
927 3123 1171 3200 11ψί1166666·

183 3221 236 3260 nos
254 3205 279 3256 1.
307 3201 379 3256 chri·
397 3219 420 3258 r.
437 3204 442 3272 l
457 3201 580 3272 insignes
598 3203 637 3256 ι’.
665 3219 712 3258 -ue
730 3219 753 3258 r.
845 3208 877 3258 m
895 3203 1012 3256 neturee
1031 3200 1116 3256 Hord-
1137 3211 1167 3247 11³·

184 3277 231 3330 tce
250 3273 279 3329 tt.
352 3279 385 3327 13
404 3275 434 3328 et
451 3273 576 3343 pectines
593 3277 647 3328 ltu.
674 3276 751 3344 poet
769 3290 793 3329 r.
827 3275 832 3342 1
865 3276 1006 3328 natum
1034 3265 1166 3326 neteei'l

184 3362 218 3400 ee
236 3360 306 3401 corr.
384 3347 417 3397 15
436 3343 568 3400 salivario
585 3362 610 3399 c.
639 3345 710 3400 -rioe
728 3345 757 3403 ll.
787 3347 791 3414 Ι
820 3345 966 3400 acescente
982 3343 1043 3398 cod.
1060 3341 1163 3397 Selour!

185 3431 277 3471 acore-
296 3419 321 3468 d.
349 3430 425 3469 ecre·
443 3431 466 3470 r.
520 3416 732 3472 1166661666
752 3415 1003 3486 utnewnmarp.
1057 3418 1164 3468 13661611

184 3490 215 3540 n.
243 3501 342 3540 runem
359 3501 382 3540 r.
437 3491 473 3540 24
490 3486 582 3541 retice
599 3505 624 3540 a.
684 3493 719 3543 66
760 3487 766 3500 ·
800 3487 912 3560 moines
929 3493 960 3542 e.
1019 3489 1054 3538 ee
1070 3475 1166 3537 mnndi

185 3555 258 3610 Detl.
280 3572 339 3610 non
355 3555 437 3609 mulli
454 3555 497 3609 1¹⁹.
524 3557 605 3612 molli
622 3557 660 3612 ι’.
685 3558 768 3613 mulli
785 3576 808 3615 r.
882 3565 916 3614 19
935 3568 1099 3628 scorpaenae
1115 3545 1170 3604 wll·

184 3624 272 3681 Barb.
300 3641 401 3695 -penae
420 3625 502 3694 Olu‘ffi
520 3633 548 3681 1.
577 3644 715 3697 corpoene
734 3635 765 3684 n.
794 3646 877 3701 -pene
895 3648 919 3686 r.
