2396 3940
157 144 224 210 304
504 140 534 198 Ο.
552 141 653 196 PLINI
670 139 829 197 succum

158 294 344 356 halsamodes
366 292 403 354 ab
426 291 518 353 odore
546 291 636 354 simili
663 289 821 372 appellata,
843 289 1017 356 sedamara
1042 288 1154 366 ideoque

159 384 262 446 utilior
284 383 421 464 medicis,
445 384 523 444 sicut
544 383 630 460 nigra
652 381 823 459 unguentis.
859 379 956 458 pretia
980 376 1053 438 nulli
1074 377 1157 438 diver·

160 476 249 555 siora,
271 475 398 554 optimae
422 475 454 534 in
475 470 567 532 libras
590 467 616 538 ll
639 483 671 551 n,
695 471 803 530 ceteris
826 467 853 530 h
874 483 907 532 v.

107 570 141 622 99
227 559 285 626 20.
321 561 375 624 llis
402 562 537 624 adiecero
564 577 727 640 mangones
755 576 843 638 quam
870 555 1031 636 Daphnidis
1058 563 1161 635 vocant,

160 654 396 734 cognominatam
418 651 631 730 isocinnamon,
653 650 843 728 pretiumque
868 649 896 710 ei
918 647 1032 708 faciunt
1054 643 1180 706 {locut

160 743 344 804 adulteratur
362 749 478 821 styrace
498 746 528 800 et
549 746 675 820 propter
696 736 922 800 similitudinem
944 737 1090 797 corticum
1112 734 1163 794 lau·

160 851 213 894 rus
235 833 418 894 tenuissimis
442 828 579 892 suculis.
624 829 697 908 quin
721 835 752 890 et
774 829 805 888 in
832 835 935 888 nostro
963 825 1037 889 orbe
1064 826 1163 886 seritur

160 929 353 1000 extremoque
376 923 409 982 in
432 920 563 999 margine
591 919 723 999 imperii,
752 935 810 996 qua
831 917 955 978 Rhenus
983 914 1089 996 adluit,
1116 913 1164 976 ridi

159 1013 190 1072 in
214 1009 330 1070 alvariis
353 1011 454 1090 apium
478 1016 579 1072 satam.
616 1007 699 1068 color
722 1005 806 1070 abest
828 1006 877 1068 ille
901 1005 1038 1070 torridus
1061 1003 1121 1066 sole
1142 1013 1162 1064 et

160 1099 198 1160 oh
221 1100 252 1161 id
275 1098 364 1160 simul
386 1099 466 1160 idem
489 1098 571 1161 odor.
814 1121 820 1132 ·
1174 1109 1191 1144 r

227 1181 302 1273 (44)
332 1187 377 1250 Ex
401 1188 528 1250 confinio
552 1188 648 1250 casiae
672 1187 860 1264 cinnamique
889 1192 920 1246 ct
943 1199 1118 1246 cancammn
1138 1201 1163 1242 ac

160 1287 259 1340 tarum
281 1277 441 1360 invehitur,
464 1277 516 1338 sed
534 1295 590 1356 per
608 1274 772 1336 Nabataeos
791 1273 1007 1354 Trogodytieos
1031 1275 1086 1354 qui
1106 1291 1164 1334 con-

163 1367 268 1430 sedere
293 1385 329 1428 91
352 1365 516 1428 Nabataeis.

108 1465 142 1515 99
228 1449 288 1520 tl.
313 1450 387 1539 (45)
414 1455 458 1516 Eo
482 1461 686 1536 comportatur
709 1462 740 1516 99
762 1453 943 1519 serichatum
966 1461 998 1514 et
1020 1451 1165 1533 gabalium,

160 1565 235 1626 quac
258 1549 337 1608 intra
360 1564 392 1606 sc
416 1552 596 1608 consumunt
618 1543 730 1606 Arabes
757 1551 861 1606 nostro
888 1542 953 1605 orbi
981 1551 1100 1604 tantum
1124 1557 1184 1602 991

160 1634 290 1698 minibus
323 1637 452 1717 cognita,
489 1634 542 1696 sed
575 1653 644 1697 cum
676 1635 812 1696 cinnamo
845 1635 983 1712 casiaque
1016 1634 1167 1694 nascentia.

159 1727 296 1805 pervenit
318 1733 418 1786 tamen
441 1723 598 1803 aliquando
622 1723 803 1784 serichatum
832 1730 861 1784 et
888 1721 922 1784 in'
946 1730 1102 1802 unguenta
1128 1719 1167 1782 ad·

162 1814 243 1875 ditur
267 1813 303 1876 ab
327 1813 441 1894 aliquis.
486 1819 676 1893 permutatur
698 1815 730 1874 in
753 1812 843 1874 libras
867 1811 892 1872 ll
915 1827 961 1874 vr.

110 1910 161 1962 190
229 1897 303 1988 (46)
333 1901 556 1983 Myrobalanum
579 1901 756 1983 Trogodytis
779 1909 810 1963 et
832 1900 976 1963 Thebaidi
999 1910 1032 1962 99
1054 1899 1167 1962 Arabiae

162 2012 237 2073 quae
251 1992 389 2054 Iudaeam
404 1992 440 2054 ah
454 1992 586 2073 Aegypto
600 1992 788 2054 disterminat
801 2009 958 2054 commune
978 1999 1034 2072 est,
1053 2007 1167 2052 nascens
1181 2008 1191 2021 ³

161 2091 329 2164 unguento,
351 2090 386 2144 ut
408 2085 472 2162 ipso
496 2083 616 2144 nomine
639 2089 775 2164 apparet,
798 2100 857 2162 quo
879 2075 952 2144 item
975 2081 1126 2154 indicatur
1146 2087 1168 2139 et

111 2171 321 2252 rauglandem
341 2189 415 2234 esse.
452 2171 541 2234 arhor
560 2178 605 2233 est
621 2171 807 2253 heliotropio,
830 2189 919 2250 quam
941 2170 1079 2232 dicemus
1102 2173 1168 2232 inter

109 2266 158 2316 101
169 2259 286 2343 herbas,
301 2261 390 2322 simili
402 2261 483 2342 folio,
500 2262 616 2322 tructus
634 2260 836 2340 magnitudine
855 2259 1005 2322 abellanae
1023 2261 1120 2322 nucis.
1141 2277 1169 2319 91

161 2350 208 2411 his
231 2351 262 2410 in
285 2350 392 2412 Arabia
419 2369 545 2412 nascens
574 2350 694 2432 Syriaca
721 2349 886 2431 appellatur
912 2358 944 2412 et
971 2357 1018 2412 est
1048 2349 1169 2426 candida,

162 2447 265 2500 contra
297 2443 328 2502 in
356 2439 505 2503 Thebaide
536 2443 630 2520 nigra.
675 2440 845 2520 praefertur·
874 2439 924 2500 illa
954 2439 1091 2502 bonitate
1122 2438 1191 2500 olei

162 2529 241 2608 quod
266 2532 455 2612 exprimitur,
483 2530 535 2591 sed
559 2531 643 2610 copia
666 2529 822 2595 Thebaica.
866 2531 946 2591 inter
968 2530 1046 2592 haec
1069 2529 1168 2608 Trogo·

162 2619 259 2698 dytica
281 2619 423 2681 vilissima
445 2627 499 2682 est.
537 2627 607 2681 sunt
630 2621 682 2699 qui
704 2619 905 2700 Aethiopicam
928 2619 976 2680 his
997 2621 1169 2700 praeierant,

162 2707 298 2788 glandem
311 2711 426 2789 nigram
440 2727 496 2770 nec
509 2711 661 2791 pinguem,
680 2709 846 2790 nucleoque
860 2708 972 2791 gracili,
990 2709 1045 2770 sed
1063 2709 1167 2790 liquore

233 2919 401 2988 eoptnmae
419 2921 454 2973 Ι.
483 2916 796 2976 -111119991999991199,
881 2918 1102 2976 4991999191.
1128 2916 1166 2971 ed·

160 2987 256 3043 didere
274 3005 319 3044 ro.
336 2991 340 3059 Ι
356 3004 509 3059 mangones
527 2993 605 3044 lide.
639 2989 718 3046 -oriis
736 3007 759 3046 r.
785 2991 790 3060 Ι
819 2985 969 3061 daphnidis
986 2988 1165 3056 19990111ιῖ.

161 3059 284 3116 henidis
302 3065 354 3115 nd.
383 3061 446 3116 -dos
464 3079 489 3116 a.
517 3059 645 3117 -hnoides
664 3061 798 3118 eddcate
805 3059 874 3118 Boe.
901 3061 968 3118 -den
985 3061 1106 3118 edBas.

162 3131 305 3187 91991999
321 3136 400 3187 hide.
428 3131 541 3189 -iantc
614 3131 709 3188 ouidi
726 3139 762 3188 lt.
790 3133 845 3188 -dil
860 3149 883 3190 r.
910 3133 983 3190 vivit
998 3150 1024 3190 9.
1098 3139 1164 3188 999-

160 3206 221 3258 tam
237 3203 310 3261 Dett.
339 3205 411 3258 -hum
429 3209 465 3260 it.
498 3205 540 3260 -te
557 3221 601 3260 ro.
701 3211 735 3282 12
753 3205 868 3277 Trogod
900 3204 955 3264 'coe
974 3220 1029 3290 ego.
1063 3223 1121 3262 -eas
1136 3207 1163 3257 Ι.

161 3277 299 3344 ·ytas'ro.
395 3281 486 3332 1213
510 3275 660 3333 consedere
683 3277 853 3334 11999999
890 3293 929 3335 99.
961 3278 1065 3335 -ndere
1087 3276 1162 3331 adad.

160 3345 229 3400 Boe.
257 3349 313 3400 -ret
324 3354 355 3401 lt.
429 3353 462 3402 15
477 3349 704 3406 consumamto.
733 3349 833 3406 -mitc
910 3353 1083 3408 19999119.
1110 3365 1162 3404 eun

161 3430 184 3469 r.
258 3421 291 3470 18
311 3417 414 3486 aliquis
432 3423 477 3474 ad.
505 3419 579 3474 -ibus
597 3427 648 3476 tto.
714 3426 748 3478 20
767 3438 806 3478 aa
823 3418 898 3492 qua?
916 3423 1052 3492 [naseens
1066 3437 1091 3478 9.
1113 3437 1160 3475 -91-

160 3501 236 3556 tibus
254 3503 282 3558 u.
356 3511 388 3560 21
408 3506 515 3562 nomini
532 3507 598 3564 1³¹⁸.
671 3515 705 3566 22
725 3511 809 3568 arhor
826 3512 936 3582 cetego.
965 3493 1065 3568 arbotll
1078 3515 1103 3564 d
1128 3523 1161 3562 ·re

160 3569 204 3624 12².
232 3589 340 3628 991119.
372 3577 423 3630 ·ris
436 3577 524 3635 Barla.
557 3579 593 3632 -ri
611 3581 746 3638 99919999
754 3582 842 3639 Baro.
922 3586 957 3640 28
975 3581 1107 3654 pinguem
1123 3585 1161 3634 dc.

160 3647 256 3696 9919.
284 3662 331 3718 -ug
350 3663 375 3703 a.
402 3647 505 3717 glande
522 3648 606 3720 nigra
623 3667 657 3706 ac
675 3653 774 3726 pingui
792 3655 863 3712 9991.
882 3653 950 3712 Dat.
