2302 3938
202 225 277 274 nur.
301 225 393 274 arar.
417 225 469 272 ιιι.
493 213 773 294 11-14.(1a-19.)
928 210 990 276 145

33 377 103 440 Sebini
114 379 250 460 appellati,
273 379 398 442 velinos
420 381 555 444 adcolunt
576 382 691 458 laeuus,
708 381 833 444 roscidis
851 381 984 444 collibus.
1109 453 1125 462 ,

33 465 149 524 barennis
163 465 288 526 exhaurit
303 465 372 526 illos
388 465 534 545 sulpureis
558 469 639 546 aquis
657 465 786 528 Tiberim
809 485 847 527 ex
861 465 905 526 bls
923 485 972 546 pe·
988 471 1038 526 109

34 557 85 624 tuns,
101 549 182 628 replet
196 569 211 610 e
232 557 332 610 monte
353 548 482 610 Fiscello
499 550 600 611 Avens
622 553 701 612 iuxta
716 550 853 612 Vacunae
869 570 988 613 nemora

33 643 50 690 n
61 632 138 694 beate.
151 635 176 693 ln
188 633 305 694 eosdem
320 635 464 712 conditos,
480 643 509 696 at
524 653 562 695 ex
579 635 634 696 alia
644 645 739 715 parte,
755 636 833 696 Anio
848 637 877 696 in
889 645 987 698 monte

17 715 178 777 tlrebanorum
201 727 281 778 ortus
303 718 402 779 laeuus
424 721 476 778 tris
492 721 668 782 amoenitate
689 721 796 781 nobilis
815 723 864 800 qui
882 738 989 781 nomen

32 799 101 862 dedere
115 802 269 880 Sublaqueo
286 803 383 864 deleri
397 804 426 862 in
438 803 574 865 Tiberim.
592 805 621 864 in
636 821 707 884 agro
721 803 846 865 Reatino
863 803 987 866 Cutiliae

32 883 100 963 larun,
118 888 142 944 in
163 905 217 964 quo
238 887 395 948 lluctnetur
415 888 525 965 insula,
551 889 652 950 ltaliae
677 889 842 950 umbilicum
863 909 931 950 esse
949 889 988 950 111.

32 966 90 1030 lano
105 969 185 1031 tradit.
213 971 292 1032 lnira
310 971 563 1051 Sabinoslnatium
582 983 644 1052 est,
661 993 676 1036 a
692 973 786 1035 latere
802 971 957 1052 Picenum,
972 992 989 1034 a

31 1061 82 1129 tergo
91 1053 203 1134 Umbria,
220 1055 388 1136 Appennini
406 1058 483 1136 iugis
499 1058 623 1119 Sabinos
642 1059 785 1136 utrimque
803 1059 986 1119 vallantibus.

17 1160 24 1195 a
67 1137 100 1200 13.
115 1137 190 1220 (18.)
214 1137 320 1212 Quinta
340 1143 425 1219 regio
441 1141 540 1202 Piceni
565 1151 627 1220 est,
649 1143 792 1221 quondam
808 1143 972 1204 uberrimae
989 1146 1039 1198 110
1133 1141 1134 1208 J

44 1222 172 1284 ultitndinis.
222 1223 351 1286 CCCLX
370 1225 447 1286 milia
468 1225 628 1287 Picentium
649 1229 678 1286 in
699 1227 784 1288 sudem
805 1227 905 1308 populi
929 1227 987 1288 llo-

29 1309 71 1364 mni
87 1327 190 1370 uenere.
222 1312 280 1370 orti
301 1319 367 1370 sunt
387 1311 534 1371 aSabinis
550 1317 626 1372 'voto
649 1329 722 1372 vere
738 1330 833 1373 sacro.
864 1321 987 1373 tenuere

28 1390 141 1453 aliterno
157 1413 256 1471 amne,
279 1395 328 1454 ubi
347 1414 421 1455 nunc
437 1413 509 1472 ager
525 1395 686 1456 Hadrianus
703 1404 733 1457 et
751 1395 856 1457 Hadria
873 1396 987 1457 colonia

44 1479 88 1535 nari
103 1477 138 1538 Vl
153 1478 180 1538 ll
195 1499 275 1558 pass.
294 1478 414 1540 Flumen
429 1481 605 1558 Vomanum‚
626 1499 698 1559 ager
708 1481 909 1544 Praetutianus
926 1481 988 1542 Pal·

17 1563 159 1642 ruborisque,
176 1566 248 1625 item
267 1562 399 1632 Castrum
417 1582 533 1643 novum,
552 1565 656 1626 llumen
673 1566 814 1644 Batinum,
831 1565 988 1627 Truentum

28 1661 62 1703 tm
77 1644 160 1726 anne,
186 1648 265 1728 quod
293 1647 385 1708 solum
406 1647 598 1710 Liburnorum
619 1652 647 1710 in
668 1649 750 1710 ltalia
782 1651 903 1712 relio'um
930 1661 987 1727 est,

40 1731 211 1809 mandibula,
229 1731 401 1794 Tessuiuum
414 1743 472 1813 qu'o
491 1733 780 1808 finiturPraetutiana
798 1737 883 1814 regio
901 1743 931 1796 et
943 1735 988 1794 Pi·

28 1818 106 1894 centium
119 1819 223 1897 incipit.
261 1815 358 1896 Cupra
375 1819 523 1898 oppidum,
539 1816 698 1880 Castellum
712 1818 925 1896 Firmanorum,
943 1828 973 1879 et
990 1819 1037 1870 lll

30 1915 80 1976 super
90 1901 113 1960 id
125 1903 239 1963 colonia
255 1902 410 1979 Asculum,
427 1903 527 1964 Piceni
545 1902 735 1964 nobilissima.
763 1905 839 1962 intus
857 1902 986 1963 Novana.

17 1983 83 2044 ninom
95 1983 204 2064 Cluana,
221 1987 371 2064 Potentia,
387 1985 515 2047 Numana
531 2005 546 2047 a
563 1986 668 2048 Siculis
684 1987 809 2048 condita.
830 1987 866 2048 ab
885 1987 988 2049 iisdem

28 2067 97 2130 colonia
109 2070 224 2133 Ancona
242 2073 375 2151 adposita
388 2074 588 2150 promunturio
605 2071 722 2132 Cunero
737 2076 766 2133 in
782 2075 848 2152 ipso
866 2072 987 2134 ilecten-

28 2151 76 2212 tiase
88 2173 148 2216 orae
162 2155 277 2234 cubito,
293 2175 309 2216 a
322 2155 454 2234 Gargano
469 2155 641 2218 CLXXXIII
654 2155 683 2216 lli
700 2175 789 2236 pass,
806 2159 882 2216 intus
899 2157 988 2216 Auxi-

27 2243 88 2314 nates,
101 2239 269 2320 Beregrani,
288 2238 452 2319 Cingulani,
470 2239 639 2321 Cuprenses
654 2243 828 2320 cognomine
846 2241 988 2318 lllontani,

26 2315 173 2402 Prienenses,
190 2325 362 2402 Pausulani,
380 2325 589 2404 Planinenses,
607 2325 800 2404 Ricinenses,
816 2325 988 2406 Septempe-

17 2401 69 2480 ilni,
80 2407 293 2487 Tollentinates,
312 2409 483 2488 Treien'ses,
499 2409 674 2471 Urbesalvia
692 2411 859 2472 Pollentini.

60 2489 94 2552 14.
115 2492 191 2575 (19.)
216 2494 360 2572 lungetur
385 2494 430 2555 bis
455 2504 540 2556 sexta
561 2497 647 2572 regio
666 2493 813 2555 Umbriam
830 2495 974 2575 conplexa
990 2492 1039 2542 112

24 2587 131 2655 mumque
145 2579 289 2640 Gallicum
313 2581 384 2638 citra
400 2577 568 2639 Ariminum.
605 2579 651 2641 Ab
667 2579 788 2640 Ancona
804 2579 913 2640 Gallica
937 2599 989 2640 ora

27 2655 86 2736 incipit
94 2661 217 2742 Togatae
231 2663 345 2723 Galliae
361 2666 544 2740 cognomine.
578 2663 667 2724 Siculi
687 2671 717 2724 ei
730 2663 850 2724 Liburni
868 2663 989 2742 plurima

26 2742 60 2801 ains
74 2754 185 2809 tracturus
211 2757 354 2823 tenuere,-
380 2749 409 2807 in
431 2750 531 2828 primis
553 2748 750 2826 Palmensem,
775 2747 988 2808 Praetutianum

17 2823 201 2912 ³lulriauumqne
217 2851 329 2910 agrum.
346 2831 445 2892 Umbri
462 2851 516 2894 eos
533 2833 687 2912 expulere,
703 2834 757 2894 bos
770 2830 898 2910 Etruria,
916 2831 989 2894 banc

28 2905 74 2973 inu
108 2915 279 2978 Umbrorum
299 2936 374 2994 gens
391 2919 589 2996 antiquissima
608 2916 710 2978 ltaliae
734 2917 933 2996 existimatur,
958 2927 989 2978 ut

27 2999 198 3068 posbnbrios
217 3021 235 3062 a
252 2999 372 3062 Graecis
389 3011 491 3080 putent
506 3001 618 3080 dictos,
634 3001 712 3081 quod
727 3001 914 3062 inundatione
931 3010 989 3063 ter·

27 3093 81 3141 urm
92 3086 223 3148 imbribus
244 3088 468 3166 superfuissent.
492 3085 637 3148 Trecenta
651 3085 753 3148 eorum'
769 3085 874 3166 oppida
886 3085 973 3147 Tusci
991 3081 1041 3134 113

27 3159 142 3231 labellasse
155 3173 355 3251 reperiuntur.
384 3189 457 3231 nunc
473 3173 502 3232 in
515 3189 565 3232 ora
579 3171 684 3231 flumen
695 3170 796 3247 Aesis,
811 3170 989 3250 Senagallia,

17 3241 125 3314 tiletaurus
142 3256 265 3332 fluvius,
287 3255 422 3319 coloniae
443 3255 552 3316 Fanum
568 3255 733 3334 Fortunae,
754 3253 905 3316 Pisaurum
927 3275 990 3316 cum

27 3349 85 3414 tuna,
98 3349 123 3399 et
138 3343 214 3402 intus
232 3337 413 3418 llispellunt,
429 3337 534 3400 Tuder.
564 3340 601 3400 de
625 3348 727 3401 cetero
744 3338 891 3418 Amerini,
915 3339 989 3400 Atti-

29 3413 91 3496 diatas,
104 3423 279 3500 Asisinaies,
296 3423 433 3500 Arnates,
450 3423 628 3502 Aesinates,
644 3422 808 3502 Camertes,
828 3423 990 3485 Casuentil-

27 3493 68 3580 bu',
83 3504 240 3589 Carsulani,
262 3508 386 3570 Dolates
408 3511 583 3588 cognomine
604 3509 775 3587 Sallentini,
796 3509 990 3587 Fulginiates,

64 3621 122 3661 rum
139 3627 199 3664 nur.
218 3627 293 3664 arar,
311 3611 335 3662 1.
743 3592 783 3656 10
