2364 3930
162 146 227 210 218
508 143 537 200 O.
555 143 655 199 PLINI
674 141 831 200 SECUNDI

160 295 218 356 hoc
242 294 390 357 subtilitas
412 303 535 356 naturae
559 293 735 356 mortalibus
756 295 901 375 patefacta
924 302 982 377 est,
1010 295 1068 354 nisi
1091 293 1163 354 iraus

108 393 142 442 3⁷
161 385 316 446 bominum
335 393 441 446 crrncta
459 386 592 465 pernicie
611 392 826 464 corrumperet,
865 401 992 464 namque
1012 382 1047 443 ab
1067 391 1164 444 exortu

162 475 269 536 sideris
292 477 521 556 cuiuscumque,
552 474 605 534 sed
627 473 771 534 nobilium
794 476 932 554 maxime,
963 479 1015 534 aut
1038 472 1164 533 caelestis

162 581 262 646 arcus,
295 566 320 624 si
347 583 407 624 non
434 571 597 643 sequantur
628 562 754 645 imbres,
786 563 838 624 sed
868 581 919 623 ros
947 569 1081 642 tepescat
1103 562 1164 621 soli<

161 652 261 734 radiis,
279 653 501 733 medicamenta,
520 671 580 713 non
598 651 686 713 mella
704 655 875 734 gignuntur,
894 651 999 733 oculis,
1022 650 1178 712 ulceribus}

161 744 347 822 internisque
376 741 542 803 visceribus
572 743 648 802 dona
678 742 824 802 caelestia.
870 741 950 820 quod
979 743 1007 802 si
1038 747 1165 801 servetur

161 831 218 892 hoc
238 833 310 892 sirio
330 833 482 892 exoriente
502 850 632 911 casuque
656 839 801 910 congruat
822 833 854 891 in
877 831 1006 891 eundem
1029 829 1117 910 diem,
1138 839 1164 888 ut

163 939 259 1001 saepe,
282 919 406 980 Veneris
429 931 480 980 aut
503 919 579 981 lovis
601 919 767 982 Mercurive
791 928 921 1001 exortus
944 937 1006 979 non
1029 918 1086 980 alia
1109 937 1163 978 sua·

161 1011 236 1070 vitas
264 1011 367 1088 visque
395 1009 566 1070 mortalium
595 1009 680 1070 malis
709 1027 726 1069 a
756 1016 852 1069 morte
879 1009 1057 1069 revocandis
1087 1025 1164 1087 quam

162 1098 253 1158 divini
275 1101 405 1160 nectaris
428 1100 487 1158 fiat.
1177 1113 1178 1122 ¹

108 1191 142 1241 ³8
230 1181 384 1270 15.·(15)
412 1186 470 1248 Mel
492 1185 655 1267 plenilunio
682 1185 806 1248 uberius
834 1189 963 1268 capitur,
991 1205 1101 1246 sereno
1126 1186 1165 1244 lie

159 1278 308 1356 pinguius.
353 1279 487 1336 inomni
511 1276 596 1337 melle
620 1277 700 1356 quod
722 1295 777 1356 per
800 1294 832 1336 se
859 1275 957 1357 fluxit,
984 1283 1020 1336 ut
1042 1284 1164 1336 mustum

161 1364 327 1445 oleumque,
351 1364 514 1444 appellatur
538 1373 663 1427 acetum.
700 1367 825 1426 maxime
848 1364 994 1426 laudabile
1018 1371 1068 1426 est
1090 1365 1164 1424 aesti-

160 1473 245 1535 vum,
281 1454 541 1535 omne-rutilum,
576 1463 611 1516 ut
647 1453 823 1516 siccioribus
856 1453 1027 1515 coniectum
1061 1453 1164 1514 diebus.

160 1543 259 1604 album
282 1543 340 1603 mel
362 1561 422 1603 non
445 1544 478 1603 lit
500 1542 553 1604 ubi
575 1543 709 1624 thymum
732 1552 791 1625 est,
819 1543 871 1604 sed
894 1542 989 1604 oculis
1013 1550 1044 1602 et
1069 1543 1178 1604 ulceri-z

159 1631 217 1692 bus
240 1633 425 1712 aptissimum
453 1633 647 1693 existimatur.
693 1652 709 1692 e
737 1631 839 1712 thymo
866 1631 974 1693 coloris
1004 1634 1104 1713 aurei,
1129 1651 1165 1690 so-

160 1723 242 1801 poris
264 1723 438 1802 gratissimi,
466 1739 525 1800 quo
549 1722 582 1782 fit
604 1721 713 1803 palam3
741 1740 758 1782 c
865 1719 980 1781 doliolis
1008 1723 1134 1800 pingue,
1153 1739 1165 1778 c

106 1816 142 1866 39
161 1812 276 1870 marino
306 1828 374 1870 rore
408 1813 545 1890 spissum.
603 1811 683 1890 quod
717 1813 883 1872 concrescit
916 1817 1017 1870 autem
1053 1812 1164 1870 minime

159 1899 305 1972 laudatur.
359 1897 529 1979 thymosum
560 1917 620 1960 non
653 1901 713 1960 coit
745 1905 776 1960 ct
807 1906 888 1960 tactu
919 1901 1099 1978 praetenuia
1128 1898 1166 1958 tila

160 1991 260 2070 mittit,
283 1987 362 2067 quod
385 1991 514 2068 primum
537 1987 677 2049 bonitatis
700 1995 909 2067 argumentum
935 1994 990 2048 est.
1036 1987 1177 2068 abrumpit

161 2080 260 2138 statim
279 2085 309 2138 et
327 2077 443 2138 resilire
461 2085 560 2157 guttas
578 2077 699 2138 vilitatis
716 2076 860 2138 indicium
878 2075 1015 2137 habetur.
1044 2095 1167 2157 sequens

160 2165 295 2245 probatio
325 2173 360 2226 ut
389 2169 428 2227 sit
457 2166 612 2228 odoratum
642 2174 672 2227 et
700 2185 737 2227 ex
766 2165 847 2227 dulci
869 2183 951 2246 acre,
981 2165 1167 2245 glutinosum,

106 2261 142 2312 40
160 2253 356 2333 perlucidum.
402 2257 511 2316 aestiva
540 2255 708 2316 mellatione
739 2269 764 2316 x
792 2263 907 2335 partem
938 2254 1066 2315 Cassio
1097 2257 1166 2316 llio·

161 2344 261 2422 nysio
285 2343 390 2422 apibus
418 2344 547 2422 relinqui
576 2343 686 2426 placet,
716 2346 741 2404 si
769 2344 875 2424 plenae
904 2344 1018 2404 interint
1048 2345 1119 2424 alvi3
1148 2347 1166 2402 si

161 2434 273 2514 nunus,
295 2450 350 2511 pro
374 2441 437 2494 rata
459 2434 596 2512 portione
620 2439 684 2516 aut,
709 2435 733 2493 si
756 2435 873 2514 inanes,
902 2434 1024 2493 omnino
1048 2453 1112 2494 non
1133 2443 1166 2492 at·

160 2522 243 2601 tingi.
279 2520 349 2582 huic
367 2521 531 2582 vindemiae
553 2521 643 2583 Attici
666 2525 783 2602 signum
806 2520 914 2582 dedere
936 2523 1061 2583 initium
1084 2523 1175 2602 capri·¹

160 2611 223 2692 lici,
245 2609 294 2671 alii
317 2610 394 2670 diem
417 2609 544 2671 Volcano
568 2629 693 2672 sacmm.

107 2706 141 2755 41
230 2693 288 2762 lo.
312 2699 446 2760 Tertium
468 2718 563 2779 genus
586 2699 681 2761 mellis
704 2702 825 2762 minime
848 2697 1008 2779 probatum
1031 2700 1167 2777 silvestre,

232 2929 289 2980 8.9
313 2925 436 2980 suauitas
454 2925 553 2994 uisque
571 2924 662 2980 HGcl.
694 2927 750 2980 -bcs
774 2925 885 2995 suisque
902 2924 968 2980 Itrl²¹
1004 2926 1086 2982 -mtis
1108 2925 1165 2979 suis·

161 3012 216 3064 que
233 3013 257 3050 a.
330 3002 362 3050 11
381 2996 494 3050 uberius
513 3001 558 3050 do.
587 2995 661 3050 -ibus
674 3001 709 3050 rr.
737 2997 832 3052 uerius
849 3014 872 3051 r.
945 2993 978 3050 ie
999 3003 1026 3051 et
1039 3014 1095 3069 sqq.
1113 2998 1165 3052 dot.

161 3082 216 3136 epo.
244 3067 295 3134 cfr.
313 3083 374 3121 coo.
393 3068 445 3121 lue.
460 3072 546 3136 1234.
629 3073 660 3121 13
679 3067 798 3122 tacitum
814 3073 842 3121 1
855 3068 913 3122 edd.
928 3073 994 3122 ante
1007 3068 1097 3124 Barb.

165 3144 251 3192 13.14
269 3139 409 3194 aestiuum
426 3143 482 3193 lto.
511 3141 565 3193 est
578 3137 644 3192 va.
668 3137 740 3192 estiu
753 3138 797 3192 12¹.
821 3139 890 3192 -ium
903 3145 933 3192 1).
958 3138 1071 3194 iamt.
1139 3145 1163 3192 n

163 3209 413 3264 confectum—15.
426 3215 459 3264 16
477 3209 618 3264 ulceribus
636 3213 672 3263 11.
700 3225 750 3263 om.
769 3225 813 3263 ro.
894 3215 927 3264 16
947 3210 1124 3266 existimetur
1138 3213 1162 3260 r.

163 3297 254 3334 -amns
273 3285 297 3334 d.
371 3287 404 3334 17
423 3281 526 3348 quolit
543 3285 605 3334 111).
633 3297 689 3349 quo
708 3279 746 3334 sit
762 3285 793 3334 B.
822 3280 888 3335 coiit
905 3298 929 3334 s.
958 3279 1156 3349 quodflthel

164 3349 168 3420 Ι
190 3366 277 3420 cepo.
306 3366 356 3404 oon.
376 3352 425 3404 tle
450 3351 455 3418 Ι
480 3351 608 3405 lacunam
627 3366 674 3420 epo
691 3351 829 3407 indicavi:
848 3351 898 3419 cfr.
915 3366 977 3406 coo.
998 3353 1054 3410 luc.
1069 3371 1098 3424 p.
1107 3357 1144 3407 35.

161 3420 265 3489 pingue
283 3425 379 3474 nudo.
408 3419 449 3474 -.ui
466 3425 530 3475 HR:
550 3421 554 3489 Ι
575 3437 590 3475 e
608 3427 670 3476 1113.
696 3438 747 3478 om.
766 3439 789 3477 r.
863 3427 896 3476 18
914 3439 978 3478 rore
997 3429 1056 3480 liv.
1083 3428 1161 3478 resn.

161 3505 192 3542 re
209 3496 262 3543 Be.
289 3507 340 3544 om.
359 3495 383 3544 d.
411 3494 415 3559 Ι
445 3491 600 3546 concrescit
617 3497 672 3547 lto.
702 3509 780 3562 cogr-
798 3497 830 3547 Β.
857 3510 890 3548 eo
925 3501 986 3547 -1t.
1017 3511 1051 3551 eo
1070 3513 1108 3549 cr·
1124 3495 1160 3545 nt

232 3566 267 3613 20
280 3561 415 3616 bonitatis
429 3567 464 3614 11.
492 3563 654 3632 gracaitrv.
728 3569 762 3618 22
777 3569 881 3619 acre!
927 3566 944 3618 l.
963 3567 1159 3622 tereiana-art

161 3625 220 3680 Get.
292 3636 326 3684 23
346 3631 693 3688 exaestivaeonc'.1caeuc
710 3635 866 3706 cott.§42.
