2364 3930
165 168 228 234 158
280 169 309 224 c,
327 170 427 226 PLINI
447 168 520 225 sne.
539 168 623 224 unu.
642 168 735 224 Hlsr.
754 169 794 224 lx
812 176 917 227 m-oa
936 168 1058 240 (sa-so)

162 336 298 380 umorem
327 319 454 381 habeant
482 318 584 380 ldoere
617 321 650 380 in
679 336 733 379 ore
762 319 978 402 mandentium,
1012 318 1106 381 lucere
1128 324 1151 381 in

162 408 299 470 manibus
322 419 411 490 atque
434 411 524 470 etiam
546 411 577 470 in
599 408 662 469 solo
685 425 720 469 ac
740 417 823 470 veste
846 407 1050 472 decidentibus
1071 411 1153 491 guttis,

161 507 196 560 ut
217 497 323 579 procul
346 497 437 560 dtrbio
455 506 554 580 pateat
577 500 642 560 suci
664 497 746 560 illam
768 507 906 569 naturam
922 517 988 562 esec
1011 515 1094 579 qnam
1112 501 1152 558 roi·

162 606 299 650 raremur
322 590 410 650 etiam
433 591 464 648 in
488 605 622 668 corpore.

110 693 162 744 lto
232 672 289 741 62.
313 671 388 762 (88)
421 676 498 738 Sunt
521 685 551 738 et
573 678 796 739 inimicitiarum
819 685 907 756 atquc
930 677 1099 739 concordiae
1114 679 1168 736 nir

162 767 271 828 recula.
321 765 413 846 mugil
441 775 471 827 et
498 766 585 846 lupus
613 769 718 828 mutuo
746 767 815 828 odio
842 767 980 850 llagrant,
1010 777 1155 846 congeret

162 874 287 918 murena
305 855 429 917 caudam
446 858 525 917 iuter
544 875 576 917 se
594 856 817 936 praerodcnies.
853 856 995 938 polypum
1011 859 1044 917 in
1060 863 1154 917 tmtun

161 945 277 1008 locusta
293 952 381 1025 paret
398 952 442 1026 ut,
461 947 487 1006 si
500 947 583 1007 iuxta
596 945 703 1027 rideat,
721 947 842 1006 omniuo
856 949 1010 1028 moriatur,
1032 944 1155 1006 locustam

162 1053 286 1116 conger3
308 1051 415 1096 rursus
433 1034 574 1115 polypum
586 1037 692 1115 congri
708 1034 849 1097 lacerant.
885 1035 1050 1115 Nigidius
1071 1041 1155 1095 auctor

163 1131 209 1185 cst
235 1122 415 1204 praerodere
445 1123 569 1186 caudam
599 1123 704 1203 mugili
729 1124 849 1206 lupum,
881 1125 1060 1204 cosdunoque
1089 1125 1168 1184 stalis

162 1212 315 1275 mensibus
345 1212 509 1275 concordes
540 1231 614 1276 esse.
669 1231 774 1275 omncs
807 1222 907 1275 autem
937 1215 1037 1274 vivere
1051 1219 1054 1226 ’
1069 1211 1157 1294 pullus

110 1320 161 1371 186
172 1302 282 1364 caudae
306 1305 349 1364 sio
372 1295 579 1382 amputentur.'
608 1312 637 1365 at
661 1322 677 1364 e
702 1305 853 1365 contrario
876 1304 1023 1365 amicitiae
1046 1301 1156 1381 exempla

162 1400 234 1454 sunt
254 1399 376 1473 praetor
401 1391 451 1452 illa
478 1409 607 1472 quorum
633 1392 763 1454 diximus
791 1395 964 1470 societatem
990 1390 1116 1452 ballaena
1136 1399 1156 1450 el

162 1482 325 1564 musculus,
348 1481 466 1562 quaudo
489 1485 643 1562 praegravi
661 1482 892 1562 superciliorum
909 1481 1044 1562 pondere
1063 1480 1156 1541 obrutis

162 1573 227 1632 eius
249 1570 344 1632 oculis
370 1571 542 1632 infestantia
564 1573 799 1652 magnitudinem
821 1571 894 1632 vada
919 1578 1096 1652 praenatans
1119 1567 1168 1628 del

162 1667 309 1722 monstrat
331 1659 546 1740 oculorumque
568 1664 633 1722 iice
656 1662 799 1740 iungitur.

229 1749 305 1811 ilinc
327 1749 483 1810 volucrum
505 1757 629 1811 naturae
653 1750 799 1810 dicentur.

235 1984 318 2030 lore
335 1979 360 2028 d.
388 1991 438 2030 ore
455 1975 493 2029 αἱ.
518 1974 590 2030 hora
607 1991 630 2030 r.
705 1973 860 2030 lcaudum
877 1979 908 2028 a.
936 1991 980 2030 ·as
1001 1979 1029 2029 d.
1056 1989 1085 2028 ·o
1100 1990 1118 2027 r.

234 2047 302 2101 out
319 2045 343 2100 si
360 2044 439 2101 ΒΨ.
467 2048 500 2100 ul
517 2061 540 2099 r.
575 2049 580 2113 Ι
613 2044 750 2100 uidentur
768 2063 783 2102 e
800 2061 869 2102 corr.
901 2045 1040 2100 utrumn
1067 2043 1158 2099 uiditr.

166 2117 169 2188 ι
190 2118 253 2172 etse.
272 2115 334 2173 scr.
362 2115 412 2184 cfr.
429 2117 516 2172 Aac.
535 2117 561 2171 o.
574 2134 603 2172 a.
627 2117 730 2173 vulo
744 2117 887 2186 panon,
900 2121 945 2172 aa.
1005 2119 1040 2172 1o
1059 2117 1128 2170 neue
1141 2129 1158 2166 e.

163 2189 212 2256 esr.
232 2203 293 2244 noo.
313 2189 365 2243 luc.
379 2205 410 2258 p.
425 2194 475 2246 22.
504 2189 603 2243 estatis
620 2193 652 2242 B.
684 2190 757 2243 aest-
775 2193 847 2243 red.
957 2193 991 2242 13
1011 2187 1077 2244 illos
1093 2186 1123 2240 do
1136 2189 1167 2236 1.,

165 2259 323 2330 lsooieiate
340 2265 372 2313 B.
481 2265 516 2314 14
537 2259 705 2329 quaudoque
723 2257 800 2314 ΙΨ.
910 2266 943 2315 16
965 2259 1022 2316 iius
1040 2257 1167 2315 niceri*

162 2331 225 2387 uice
242 2347 266 2390 r.
294 2331 354 2385 eius
372 2329 433 2385 vice
451 2330 525 2386 Detl.
