2572 3936
385 139 469 196 Nar.
488 141 581 196 Hisr.
600 141 626 195 x
644 147 749 197 ar-aa
770 143 897 212 (49-99)
1084 141 1146 205 181

133 287 247 349 laceret
274 291 369 350 amnis
396 289 488 371 idem,
514 291 654 352 muniunt
680 307 785 373 opere,
811 289 1023 371 incipientibus
1050 293 1150 352 vernis

135 376 242 437 diebus
268 377 352 456 palea
379 387 410 440 et
436 386 600 440 stramento
629 387 762 440 rostrum
790 381 856 446 eius
885 379 1051 460 firmantes,
1079 399 1148 440 con-

38 483 41 486 ·
134 467 259 527 tinuatis
281 484 336 546 per
358 467 492 528 triduum
519 467 657 529 noctibus
684 476 766 529 tanto
794 466 894 529 labore
922 475 956 529 ut
982 468 1090 530 multas
1118 471 1149 528 in

134 571 226 634 opere
257 555 351 615 emori
380 563 511 636 constet3
541 575 635 636 eaque
662 557 766 617 militia
793 557 851 617 illis
874 575 943 617 cum
970 572 1047 618 anno
1070 556 1149 618 redit

104 659 262 722 asemper.
314 646 437 705 tertium
466 653 513 706 cst
542 663 645 707 earum
674 663 768 726 genus
899 653 1039 706 excavant
1067 648 1148 726 ripas
1167 654 1202 704 95

133 739 224 810 atque
243 734 283 793 ita
306 734 337 793 in
360 741 441 794 terra
464 733 623 795 nidificant.
644 767 685 777 —
710 729 837 817 (Harum
859 735 933 814 pulli
956 734 992 795 ad
1015 736 1148 795 cinerem

22 821 29 826 “
134 821 265 882 ambusti
294 823 449 882 mortifero
479 823 609 884 saucium
637 823 714 884 malo
744 824 905 902 multisque
938 823 1003 884 aliis
1034 821 1148 884 morbis

133 909 257 970 humani
287 913 422 990 corporis
451 906 640 994 medentur.)
669 945 711 955 —
745 929 806 973 non
835 913 948 972 iaciunt
977 912 1032 972 hae
1062 912 1148 972 nidos

134 1000 322 1078 migrantque
346 1000 447 1061 multis
470 1000 578 1062 diebus
600 1007 682 1082 ante,
711 1003 736 1062 si
758 1003 894 1061 futurum
917 1008 963 1061 est
984 1008 1019 1060 ut
1042 1008 1148 1061 auctus

91 1100 119 1140 10
134 1089 231 1147 amnis
254 1089 386 1167 attingat.

202 1169 277 1258 (50)
304 1175 345 1237 ln¹
361 1195 471 1256 genere
494 1181 705 1258 vitiparrarum
728 1187 774 1240 est
797 1180 846 1240 cui
869 1178 957 1238 nidus
981 1197 1017 1238 ex
1044 1193 1147 1240 musco
1167 1185 1202 1236 99

134 1265 218 1324 arido
247 1265 288 1324 ita
318 1265 452 1326 absoluta
480 1268 635 1346 perficitur
666 1267 726 1346 pila
753 1275 788 1328 ut
813 1268 940 1326 inveniri
968 1284 1028 1326 non
1050 1267 1150 1350 possit

135 1352 241 1413 aditus.
269 1354 445 1432 acanthyllis
463 1355 626 1435 appellatur
640 1356 748 1417 eaden
761 1357 856 1435 figura
875 1373 911 1415 ex
925 1355 986 1415 lino
1002 1357 1150 1414 intexens.

134 1442 271 1520 picorum
294 1442 400 1521 aliquis
419 1444 616 1523 suspenditur
631 1445 751 1508 srrrculo
769 1442 874 1523 primis
891 1446 924 1504 in
941 1445 1032 1503 ramis
1051 1441 1150 1522 cyathi

94 1546 121 1586 15
136 1530 233 1611 modo,
256 1538 290 1591 ut
308 1530 388 1591 nulla
407 1532 567 1612 quadripes
584 1535 680 1612 possit
698 1533 849 1594 accedere.
877 1531 1009 1612 galgulos
1028 1531 1150 1609 quidem

134 1620 216 1697 ipsos
235 1618 436 1698 dependentes
454 1620 580 1700 pedibus
599 1639 736 1683 somnum
751 1639 860 1701 ⁴capere
879 1621 1063 1700 confirmant,
1081 1621 1150 1698 quia

134 1709 262 1768 tutiores
284 1710 375 1768 itase
396 1717 524 1788 sperant.
561 1711 619 1769 iam
636 1710 790 1789 publicum
814 1709 934 1788 quidem
953 1710 1085 1769 omnium
1104 1705 1150 1768 cst
1168 1717 1202 1768 97

135 1793 266 1856 tabulata
288 1813 439 1856 ramorum
463 1798 638 1858 sustinendo
662 1799 731 1858 nido
754 1798 876 1878 provide
904 1797 1028 1878 eligere,
1056 1811 1149 1857 cama·

136 1901 204 1944 rare
234 1883 270 1944 ab
300 1884 402 1966 imbri,
432 1895 483 1946 aut
511 1887 617 1946 fronde
647 1882 805 1966 protegere
835 1887 934 1946 densa.
985 1887 1016 1946 in
1044 1884 1174 1945 Arabia*

95 1989 122 2028 ao
136 1973 341 2052 cinnamolgus
376 1976 447 2058 avis·
465 1975 637 2054 appellatur.
688 1977 817 2036 cinnami
849 1974 978 2035 surculis
1009 1973 1149 2034 nidificat.

134 2060 294 2140 plumbatis
323 2080 374 2123 eos
401 2065 517 2142 sagittis
545 2064 700 2124 decutiunt
727 2065 882 2142 indigenae
910 2065 1018 2123 mercis
1048 2065 1149 2141 gratia.

135 2152 167 2209 in
191 2149 308 2230 Scythis
331 2153 393 2211 avis
415 2153 617 2232 magnitudine
642 2152 730 2213 otidis
753 2152 839 2213 binos
862 2154 941 2232 parit
963 2153 995 2211 in
1017 2150 1150 2230 leporina

135 2237 212 2317 pelle
243 2257 361 2318 semper
390 2243 421 2300 in
452 2241 656 2302 cacuminibus
685 2259 837 2302 ramorum
867 2255 1019 2319 suspensa.
1065 2241 1148 2318 picae
1168 2251 1203 2300 98

136 2345 205 2386 crim
237 2326 408 2405 diligentius
439 2331 535 2389 visum
567 2329 604 2389 ab
635 2329 755 2390 bomine
787 2329 891 2390 nidum
922 2343 1059 2408 sensere,
1096 2345 1150 2386 ova

97 2431 123 2471 99
137 2422 330 2494 transgerunt
356 2415 421 2476 alio.
466 2417 523 2476 boc
550 2419 581 2476 in
611 2417 658 2477 bis
687 2417 790 2478 avibus
819 2431 945 2495 quarum
975 2415 1059 2495 digiti
1089 2433 1149 2476 non

137 2505 198 2563 sint
216 2503 428 2564 accommodati
447 2504 678 2585 complectendis
697 2505 971 2582 transferendisque
991 2505 1054 2564 ovis
1071 2506 1148 2564 miro

137 2592 266 2652 traditur
288 2591 385 2653 modo.
430 2610 557 2670 namque
582 2592 703 2653 avunculo
727 2609 818 2672 super
841 2591 910 2651 blna
938 2607 991 2651 ova
1018 2593 1148 2671 inposito

208 2839 224 2886 5
248 2834 377 2888 19999999
399 2849 446 2904 epo
464 2835 595 2890 indicaui.
632 2835 740 2890 19199111
757 2835 877 2890 amnicis
894 2831 1063 2903 ripariarum
1079 2847 1151 2886 9999-

137 2905 188 2960 tio:
216 2905 266 2971 cfr.
285 2905 369 2959 index
392 2905 465 2960 libri.
502 2909 617 2960 ceterum
635 2909 708 2960 totus
726 2906 800 2960 locus
817 2905 925 2960 videtur
943 2903 1071 2958 turbatur
1089 2918 1150 2957 csse.

208 2982 229 3030 6*
242 2975 272 3028 in
290 2977 365 3030 terra
382 2975 529 3030 nidificant
546 2981 574 3029 1.
599 2974 732 3030 internid·
750 2993 773 3030 r.
799 2975 803 3046 Ι
826 2991 910 3030 coccos
928 2990 974 3044 epo
987 2974 1080 3043 posui.
1108 2989 1151 3029 vv.

136 3045 427 3101 harum-medentur
441 3064 460 3100 a
474 3046 571 3101 Plinio
584 3047 708 3116 margini
721 3047 863 3115 cumpca
878 3051 947 3114 puto
965 3050 991 3100 et
1007 3045 1079 3112 sclao
1093 3045 1151 3099 loco

134 3121 229 3185 posteo
250 3119 362 3172 incerta.
399 3118 541 3186 dmumpta
562 3118 690 3173 uidentur
713 3133 726 3172 9
750 3117 825 3172 Gelae
843 3120 891 3170 IV
900 3121 961 3182 4,1.
993 3116 1044 3184 cfr.
1068 3116 1151 3170 911999

142 3189 230 3239 XXX
238 3192 282 3242 33.
344 3193 379 3241 10
393 3187 518 3258 attingat
528 3187 626 3242 We.
645 3190 708 3242 -ant
719 3205 743 3242 r.
799 3195 830 3242 11
847 3187 1044 3257 vitiparrarum
1056 3187 1149 3240 Hard.

137 3259 195 3312 -ioe
217 3273 280 3328 par·
298 3277 322 3312 a.
354 3275 506 3328 paruarum
523 3257 565 3313 1²².
601 3259 678 3313 uitae
700 3275 783 3328 paru·
800 3275 824 3313 r.
924 3264 956 3312 13
981 3255 1152 3325 acanthyllis

136 3329 224 3384 Burb.
243 3329 302 3384 coll.
316 3327 404 3384 Arici.
418 3331 444 3384 b.
459 3347 484 3384 u.
500 3331 546 3382 IX
559 3334 594 3384 13
611 3347 639 3398 p.
650 3329 704 3384 616
714 3329 751 3396 Α,
766 3333 791 3387 5.
824 3327 949 3398 agatillis
968 3328 1033 3398 (119-
1048 3329 1075 3396 i)
1094 3327 1122 3380 ll.
1142 3326 1147 3398 l

136 3399 285 3454 taxans&⁸
305 3401 441 3455 exter-r.
515 3406 549 3455 14
567 3400 640 3455 romi
652 3402 861 3472 lar-iurasti*
928 3403 961 3452 15
980 3397 1111 3468 galgulos
1124 3413 1149 3450 9.

130 3487 225 3542 gaug·
243 3471 271 3525 u.
344 3477 379 3525 20
398 3471 581 3542 cynamolgus
599 3475 671 3524 rad.
691 3471 901 3541 cinnomolegus
919 3469 987 3524 Dal.
1015 3469 1150 3534 κιννάμω-

137 3559 189 3608 μον
206 3547 305 3598 vocant
318 3543 405 3596 Arist.
421 3543 717 3598 111191199991131,
745 3545 772 3594 Χ
777 3544 834 3594 VII
839 3547 885 3598 21.
908 3541 1066 3610 Antigonus
1085 3538 1149 3594 Gur.

136 3631 158 3669 c.
173 3618 216 3669 49.
245 3613 294 3680 cfr.
310 3613 466 3669 Herodotus
483 3616 599 3669 111111.
