2392 3946
182 195 248 261 342
527 193 557 248 (l.
575 193 676 248 PLINI
695 191 852 248 SECUNDI

132 343 231 406 letob
258 345 289 406 id
319 353 419 406 cerato
449 346 533 424 prius
563 343 703 405 inlinunt.
748 342 924 423 quibusdam
952 353 1046 406 tamen
1071 343 1158 404 morbis

181 433 316 496 auxiliari
334 435 437 494 dicunt
455 433 564 494 medici
581 435 759 513 permixtam
778 433 860 514 aliis,'
872 435 943 496 item
962 433 1090 514 alopeciis
1109 453 1158 513 sng-

180 523 346 604 gillatisque
370 542 404 584 ac
427 517 596 604 liventibus,
618 541 675 584 ceu
698 541 769 583 vero
793 524 923 584 remedia
945 524 1047 604 desint,
1066 533 1096 583 ut
1114 541 1159 583 soe·

179 613 241 674 lera
260 631 339 674 noca
357 621 494 674 tractent.
531 611 584 673 sed
602 615 658 673 ista
680 621 859 692 praetexunt
876 615 964 674 noxio
986 616 1161 693 instrumento,

180 709 355 782 tantumque
386 700 577 782 inpudentiae
607 711 654 762 est
684 710 717 763 ut
731 713 733 716 ’
746 720 895 764 venenum
927 705 999 764 artis
1029 721 1088 763 esse
1113 711 1177 781 por-⁵

182 792 333 853 suadeant.
369 791 485 871 thapsia
508 793 540 851 iu
563 789 662 853 lifrica
684 791 951 860 vehementissima.
984 791 1095 872 quitiam
1114 809 1162 852 cau·

181 881 239 942 lem
262 879 398 941 incidunt
420 899 476 960 per
499 899 613 941 messes
637 889 667 942 et
690 883 721 941 iu
743 883 808 961 ipsa
831 890 973 944 excavant
995 881 1099 963 radice,
1121 899 1162 958 quo

129 979 180 1028 ree
190 989 281 1031 sucus
304 969 448 1050 confluat,
476 970 699 1049 arefactumque
723 969 839 1032 tollunt.
885 971 935 1032 alii
962 971 1043 1053 folia,
1068 970 1162 1048 caulem,

179 1059 309 1120 radicem
333 1059 464 1120 tundunt
491 1061 522 1119 in
546 1059 604 1140 pila
627 1068 658 1121 et
681 1077 787 1120 sucum
814 1063 845 1120 in
874 1060 935 1121 sole
965 1069 1092 1122 coactum
1111 1060 1162 1119 diri-

179 1149 255 1210 dunt
276 1151 308 1209 in
331 1149 472 1230 pastillos
518 1147 598 1209 Nero
622 1148 730 1210 Cacsar
753 1149 918 1210 claritatem
946 1153 976 1211 ei
1003 1149 1079 1210 dedit
1100 1151 1177 1208 intuor

179 1241 295 1320 imperi,
314 1241 469 1300 nocturnis
487 1237 723 1318 grassationibus
742 1239 955 1300 converberata
974 1241 1047 1300 facie
1064 1239 1162 1300 inlinens

178 1327 208 1388 id
232 1345 301 1388 cum
323 1335 391 1389 ture
415 1345 542 1407 ceraque
570 1335 600 1388 et
623 1336 727 1389 secuto
755 1327 802 1388 die
830 1336 934 1390 eontra
964 1330 1067 1390 famam
1091 1335 1162 1388 roten

179 1419 327 1478 sinceram
350 1418 574 1479 circumferens.
610 1419 711 1498 ignem
733 1417 838 1479 ferulis
861 1421 974 1500 optime
998 1421 1101 1480 serrari
1119 1435 1161 1476 oer-

178 1514 243 1568 tum
266 1515 312 1568 est
335 1525 444 1586 easque
467 1507 499 1568 in
522 1507 654 1587 Aegypto
676 1507 868 1588 praecellere.

128 1604 177 1654 tat
246 1591 303 1658 23.
323 1590 397 1680 (44)
421 1595 478 1657 Ubi
497 1605 527 1658 et
545 1599 673 1679 cappari,
692 1598 833 1659 firmioris
850 1598 923 1678 ligni
941 1599 1042 1660 frutex
1060 1597 1177 1659 seminis-1

178 1703 236 1764 que
267 1693 297 1749 et
326 1685 401 1748 cibis
431 1685 555 1769 vulgati,
586 1685 670 1748 caule
701 1705 820 1766 quoque
849 1707 909 1749 una
937 1687 1106 1768 plerumque
1129 1683 1162 1743 do·

179 1782 291 1855 cerpto.
329 1775 458 1836 cavenda
477 1777 542 1836 eius
560 1793 670 1855 genera
692 1779 860 1860 peregrina,
883 1779 1033 1856 siquidem
1054 1775 1177 1838 Arabium

177 1864 334 1948 pestilens,
358 1865 490 1926 Africum
518 1867 643 1944 gingivis
666 1867 834 1948 inimicum,
865 1865 1073 1928 Marmarioum
1095 1863 1160 1924 adds

178 1961 208 2014 et
226 1953 364 2015 omnibus
383 1953 593 2015 inflationibus.
625 1953 755 2035 Apulum
768 1957 896 2016 vomitus
911 1956 993 2039 facit,
1011 1953 1176 2038 stomacbm¹

178 2051 208 2104 et
226 2043 324 2104 alvum
347 2044 442 2105 solvit.
475 2042 595 2123 quidam
619 2044 649 2104 id
673 2045 855 2124 cynosbaton
878 2054 1000 2128 vocant,
1022 2046 1069 2106 alii
1089 2043 1172 2123 optio·

177 2132 339 2212 staphplen.
705 2207 709 2218 ⁵

126 2229 176 2278 128
244 2214 319 2302 (45)
356 2219 526 2282 frutectosi
555 2231 602 2284 est
630 2226 750 2303 generis
780 2231 809 2284 et
839 2224 958 2305 saripha
990 2227 1067 2286 circa
1091 2221 1161 2281 Nilum

176 2327 316 2392 nascens,
353 2309 481 2372 duorum
518 2312 611 2373 ferme
649 2312 819 2374 cubitorum
856 2313 1028 2395 altitudine,
1061 2307 1161 2393 pollicari

177 2401 383 2481 crassitudine,
402 2419 486 2461 coma
503 2404 616 2483 papyri,
639 2403 787 2482 similique
805 2402 958 2464 manditur
976 2402 1070 2483 modo,
1090 2400 1160 2460 radico

177 2489 310 2552 ferrariis
330 2490 458 2550 officinis
476 2486 636 2572 praecipua
656 2491 793 2554 carbonis
816 2511 874 2553 usu
897 2501 1023 2573 propter
1045 2491 1160 2552 duritiam

124 2587 175 2636 tae
244 2574 303 2642 24.
328 2572 402 2663 (46)
427 2579 492 2640 Non
512 2580 710 2642 omittendum
729 2592 775 2643 est
798 2593 828 2644 et
850 2582 931 2662 quod
949 2581 1091 2662 Babylone
1110 2577 1160 2637 scri-

248 2847 264 2896 2
282 2842 352 2896 item
366 2847 401 2898 lt.
429 2841 497 2895 item
511 2841 541 2896 in
554 2859 598 2896 ro.
615 2843 620 2908 Ι
636 2841 772 2911 alopeciis
785 2859 809 2896 o.
838 2843 1009 2914 -oislt(1t?).
1036 2843 1158 2910 aliopaco

178 2919 203 2969 d.
233 2913 336 2984 -pisces
355 2932 380 2969 a.
474 2917 531 2969 3.4
554 2913 661 2968 scelera
678 2913 774 2968 ltn’o.
802 2917 907 2970 aoesset
924 2917 1007 2986 (cesr-
1025 2916 1070 2983 cd)
1085 2913 1132 2965 lora
1143 2923 1157 2958 t

251 2991 366 3040 inova
388 2985 510 3039 mactent
531 3001 585 3055 epo.
621 3001 679 3040 non
701 2987 740 3039 tr·
762 2985 905 3041 ltrHaroi.
942 2990 1032 3042 contr·
1053 2983 1158 3040 addace

177 3057 271 3111 ilerd.
295 3057 299 3125 Ι
323 3056 372 3111 sed
389 3061 467 3112 itio.
486 3073 537 3110 om.
551 3073 574 3112 r.
647 3062 699 3112 tao
714 3057 907 3160 persuadeant
924 3075 968 3114 ro.
994 3055 1125 3132 transeant
1135 3053 1156 3101 Ι

249 3133 282 3182 10
301 3127 331 3181 in
348 3127 420 3182 uitio
439 3132 474 3182 tt.
557 3128 842 3193 niderosten.
870 3129 925 3185 eibi
942 3147 967 3185 c.
1044 3133 1073 3182 15
1088 3125 1125 3179 ubr
1139 3126 1155 3172 ot

174 3199 251 3254 lut
278 3199 328 3254 ubi
341 3199 371 3253 id
388 3199 431 3254 n¹.
452 3215 502 3253 oen.
517 3199 555 3256 (1¹.
582 3199 619 3254 ob
637 3199 667 3254 id
684 3199 722 3255 ὅ.
750 3200 791 3255 ibi
808 3201 839 3254 id
857 3203 937 3271 (eto)
955 3195 1155 3270 ao.lcapperi¹

174 3272 233 3325 cdd.
244 3277 306 3325 cett.
325 3272 376 3338 cfr.
392 3269 502 3325 Felsina
511 3289 541 3340 p.
552 3275 599 3328 12.
628 3271 677 3325 -ris
690 3271 770 3324 na¹d
779 3273 820 3327 ed.
831 3271 906 3328 Vere.
935 3271 1060 3346 capparis
1071 3268 1102 3323 ι’.

177 3347 209 3395 16
224 3341 294 3394 cibis
307 3347 342 3397 1.
368 3341 409 3396 -bi
422 3357 466 3395 rc.
527 3348 559 3396 19
579 3341 707 3398 omnibus
722 3348 758 3397 li.
782 3344 852 3398 -ium
864 3361 910 3400 ro.
968 3333 1152 3399 absoluturi

176 3411 233 3464 Get
261 3411 331 3465 facit
343 3429 367 3467 r.
395 3414 640 3468 movetoddonte
650 3413 810 3470 GetHard.
884 3421 927 3471 20.
938 3423 970 3471 21
990 3408 1152 3486 ophiosiaphl·

174 3480 222 3533 len
239 3483 279 3536 ed.
296 3482 372 3537 Vere.
400 3483 500 3552 ophios
515 3485 552 3537 st
565 3489 601 3538 Π.
630 3485 761 3554 opheost
775 3503 799 3541 a.
828 3487 908 3558 opios
923 3489 997 3543 abd
1024 3478 1171 3556 opiifliffiffl,

174 3547 219 3616 Di)
238 3551 402 3619 sthaphilon
419 3560 449 3606 D.
478 3571 547 3624 opus
567 3556 622 3608 sia-
641 3574 665 3608 a.
738 3563 773 3611 22
793 3559 908 3628 saripha
926 3547 1152 3628 amisaddai

175 3619 303 3674 eddoett.
333 3621 449 3678 -ifalta
478 3623 564 3680 cari
576 3629 612 3683 1.
641 3626 698 3680 sari
711 3628 798 3684 Barb.
813 3646 827 3684 c
842 3623 1152 3702 Taopm.a.pt.lVa0²

246 3694 282 3741 24
299 3691 393 3760 papiri
410 3693 453 3746 ni.
481 3695 581 3765 papati
599 3695 678 3752 ΒΨ.
707 3701 798 3754 -auori
815 3700 852 3756 α’.
