2340 3934
121 124 184 187 1114
470 121 498 176 C.
518 119 618 175 PLINI
637 119 795 174 SECUNDI

117 276 199 352 gusti
225 273 393 332 novissimis
418 270 604 351 temporibus
632 271 768 350 coepisse
796 270 903 331 scribit
925 271 1142 332 Fenestella.

120 361 241 422 crebrae
264 369 456 441 papaveratae
485 362 685 438 antiquiorem
708 359 820 420 babent
848 362 999 439 originem
1021 364 1081 422 iam
1104 362 1142 421 ab

119 451 258 510 Lucilio
295 458 382 530 poeta
418 453 449 510 in
485 449 637 528 Torquato
675 456 801 511 notatae.
855 458 1028 528 praetextae
1067 451 1142 530 apud

120 540 264 600 Etruscos
295 541 440 618 originem
469 541 619 599 invenere.
666 538 777 598 trabeis
805 557 878 599 usos
906 541 1022 618 accipio
1051 559 1145 618 reges.

121 632 217 708 pictae
244 636 343 689 vestes
365 631 424 688 iam
447 627 525 707 apud
548 627 740 688 Homerum
764 627 902 710 [fuisse],
935 629 1017 689 unde
1041 631 1166 690 trium-r

68 727 118 774 199
129 718 231 797 phales
255 725 348 778 natae.
388 736 443 778 acu
465 718 563 778 lacere
587 717 617 778 id
640 717 774 796 Phryges
798 719 994 798 invenerunt,
1018 717 1145 798 ideoque

119 807 314 886 Phrygioniae
348 806 507 886 appellatae
541 815 619 866 9991.
671 825 778 867 aurern]
807 809 943 868 intexere
977 810 1013 867 in
1043 807 1144 869 eadem

120 897 187 956 ,isia
215 898 327 956 invenit
354 895 468 956 Attalus
497 914 563 976 rex,
593 896 672 956 unde
701 914 811 956 nomen
837 896 981 957 Attalicis.
1030 897 1147 958 colores

120 986 253 1046 divorsos
280 987 415 1064 picturae
445 988 580 1045 intexere
608 984 739 1064 Babylon
766 987 894 1045 maxime
923 984 1093 1048 celebravit
1119 999 1147 1048 et

120 1092 229 1135 nomen
251 1076 391 1154 inposuit.
421 1074 557 1154 plurimis
580 1093 650 1134 vero
673 1073 750 1134 liciis
774 1082 876 1134 texere
901 1093 978 1154 qnae
1003 1076 1167 1155 polymita·

121 1163 268 1244 appellant
282 1163 458 1224 Alexandria
480 1164 619 1244 instituit,
642 1163 768 1224 scutulis
792 1164 924 1224 dividere
942 1163 1051 1226 ¹Gallia.
1082 1165 1150 1226 lle-

121 1253 231 1314 tcllus
247 1253 367 1332 Scipio
386 1252 559 1313 tricliniaria
572 1252 749 1334 babylonica
770 1255 944 1314 sestertium
962 1257 1150 1334 octingentis

121 1341 241 1403 milibus
260 1344 375 1402 venisse
395 1345 453 1402 iam
472 1350 543 1402 tunc
563 1344 647 1421 ponit
664 1344 696 1402 in
717 1341 837 1404 Catonis
856 1343 1048 1426 criminibus,
1075 1363 1150 1424 quae

69 1441 118 1487 197
130 1431 241 1492 Neroni
258 1433 388 1511 principi
406 1431 603 1510 quadragiens
627 1434 767 1492 sestertio
791 1451 888 1511 nuper
907 1441 1032 1494 stetere.
1065 1433 1150 1494 Serri

121 1519 199 1580 Tulli
226 1528 409 1602 praetextae,
442 1519 550 1599 quibus
578 1522 697 1599 signum
719 1520 869 1582 Fortunae
898 1521 935 1582 ab
964 1541 1002 1582 eo
1033 1523 1150 1584 dicatae

122 1618 297 1688 coopertum
315 1617 388 1691 erat,
412 1610 555 1670 duravere
574 1609 611 1670 ad
631 1609 731 1670 Seiani
751 1613 873 1692 exitum,
897 1613 1076 1692 mirumque
1097 1615 1149 1674 init

122 1717 219 1777 neque
250 1699 413 1760 diffluxisse
447 1717 496 1758 eas
528 1717 625 1777 neque
655 1699 827 1760 teredinum
856 1703 982 1761 iniurias
1016 1707 1151 1764 sensisse

122 1789 207 1848 tinnis
229 1790 400 1867 quingentis
425 1790 583 1866 sexaginta.
616 1788 743 1850 vidimus
767 1791 826 1849 iam
849 1799 879 1852 et
898 1793 1070 1852 viventium
1095 1794 1151 1854 rel·

122 1878 183 1936 lera
206 1895 352 1957 purpura,
383 1896 486 1958 coeco,
515 1877 683 1958 conchylio,
711 1879 968 1958 sesquipedalibus
992 1880 1086 1943 libris
1110 1885 1148 1942 iu-

123 1968 212 2046 leeta,
236 1966 315 2027 velut
337 1966 386 2026 illa
411 1969 453 2027 sie
476 1969 559 2026 nasei
582 1975 707 2045 cogente
731 1967 856 2029 luxuria.
1159 1983 1168 2018 ²

69 2062 120 2111 198
190 2049 264 2138 (ῖὸ)
288 2055 321 2116 19
344 2059 408 2134 ipsa
431 2074 484 2115 ove
508 2058 579 2116 satis
601 2059 785 2134 generositas
808 2058 978 2118 ostenditur
999 2059 1150 2122 brevitate

122 2164 258 2226 erenum,
271 2147 393 2205 uentris
417 2147 534 2206 vestitu.
576 2145 685 2224 quibus
710 2147 808 2206 nudus
832 2156 912 2207 esset
935 2149 1037 2226 apicas
1065 2169 1151 2211 roca-

122 2235 193 2296 bant
216 2233 461 2312 damnabantque.
509 2234 610 2313 Syriae
634 2234 781 2296 cubitales
804 2237 904 2296 orium
928 2238 1059 2320 caudae,
1087 2241 1151 2320 pln-

123 2327 289 2402 rimnmquc
317 2325 348 2384 in
377 2343 411 2384 ea
438 2331 522 2402 parte
550 2324 646 2384 lanici.
693 2327 818 2386 castrari
850 2345 952 2410 agnos
970 2329 1031 2387 nisi
1063 2333 1151 2408 quin·

124 2421 329 2490 quemenstres
352 2422 574 2492 praematurum
598 2415 792 2474 existimatur.

72 2510 121 2558 199
189 2497 249 2565 49.
291 2501 344 2562 Ε91
367 2505 397 2563 19
421 2502 575 2584 Hispania,
598 2503 650 2562 sed
673 2506 799 2564 maxime
824 2503 957 2586 Corsica,
980 2524 1044 2568 non
1072 2508 1149 2568 absi-

124 2591 191 2652 mile
214 2594 316 2672 peeori
340 2611 434 2672 genus
458 2609 648 2652 musmonum
674 2595 795 2672 caprino
819 2593 887 2654 villo
911 2613 1001 2673 quam
1026 2601 1150 2674 pecoris

123 2680 224 2742 velleri
247 2683 383 2763 propius,
414 2699 542 2760 quorum
570 2701 585 2742 e
609 2700 718 2762 genere
748 2690 777 2742 et
806 2681 910 2743 ovibus
938 2691 1026 2744 natos
1052 2689 1149 2764 prisci

195 2913 210 2960 2
225 2907 260 2960 ab
269 2907 437 2960 Bouterweb.
452 2909 620 2962 9199111199.
635 2913 711 2963 1866
728 2925 756 2977 p.
768 2913 830 2962 349.
855 2909 907 2962 sub
921 2909 978 2964 119.
1038 2917 1057 2964 4
1073 2917 1147 2966 etru-

124 2996 186 3033 scos
209 2995 278 3046 quos
300 2983 353 3032 eu.
384 2982 387 3046 Ι
418 2979 480 3034 dist.
504 2995 558 3049 eqo.
631 2981 763 3049 spiceae
785 2983 865 3032 11111.
894 2981 933 3034 -te
952 2997 974 3034 r.
1006 2985 1066 3036 -tas
1087 3001 1113 3038 9.

124 3066 208 3106 uncos
225 3052 309 3118 posui
331 3067 385 3120 epo.
423 3050 508 3104 fuisse
531 3052 688 3120 emarpiee
710 3052 782 3118 falso
805 3052 923 3120 irrepsit.
1017 3059 1053 3108 10
1080 3073 1147 3110 nero

124 3121 223 3176 It²a²d
252 3121 313 3176 uice
332 3140 354 3177 r.
379 3125 384 3192 Ι
413 3123 486 3177 119119
505 3128 536 3176 n.
565 3123 644 3178 liceis
663 3122 721 3176 aid.
751 3122 826 3176 119119
845 3123 881 3176 2¹.
909 3123 988 3176 lieeis
1008 3141 1032 3179 r.
1061 3129 1066 3193 Ι
1100 3147 1145 3196 pe

124 3195 222 3249 lemite
236 3198 260 3246 d.
316 3199 350 3247 14
368 3197 470 3250 stetere
490 3200 538 3249 19,
559 3194 676 3248 extitere
694 3211 717 3248 r.
778 3199 810 3248 15
830 3195 992 3264 praetextae
1006 3212 1033 3250 v.
1054 3202 1102 3252 ·te
1120 3201 1144 3252 11.

197 3273 229 3320 17
249 3263 395 3320 defluxisse
414 3271 487 3320 1199.
552 3266 725 3320 9911199119.
744 3271 775 3319 B.
840 3271 872 3320 21
893 3267 1072 3335 generositas
1092 3287 1144 3338 ego.

125 3337 249 3416 1911911.
305 3341 338 3390 22
357 3337 460 3390 9991119
478 3353 502 3390 9.
531 3338 635 3391 19911.
664 3337 844 3390 1999999111.
864 3337 1094 3406 1919991199.

124 3413 158 3461 26
181 3424 237 3462 non
259 3407 333 3461 Del.
360 3423 417 3461 non
435 3407 634 3474 9991199119.
689 3413 723 3462 27
742 3425 919 3462 musmonem
937 3411 988 3479 (vel
1007 3413 1143 3467 musimo

117 3479 201 3545 num)
220 3479 307 3532 Bord.
339 3493 444 3530 -omum
463 3482 487 3530 d.
521 3478 628 3532 -onium
646 3497 668 3532 r.
702 3480 752 3546 cfr.
777 3479 930 3534 Sebraeider.
954 3482 999 3536 od.
1018 3483 1103 3538 Varr.
1122 3503 1142 3538 r.

124 3565 147 3599 r.
167 3551 202 3598 II
215 3553 296 3612 2,12.
375 3553 409 3601 28
427 3547 512 3616 prisci
530 3550 643 3604 umbros
660 3567 685 3604 9.
714 3551 799 3619 prisci
816 3551 921 3606 imbros
940 3553 976 3606 ι’.
1005 3555 1141 3623 priscum-

123 3617 187 3668 bres
205 3623 260 3669 DF.
287 3618 374 3686 prisci
391 3618 493 3671 imbres
512 3619 633 3687 (ymbres
652 3623 685 3678 nt
704 3640 727 3675 r.

676 3679 680 3689 r
