2302 3938
138 174 198 242 166
483 191 514 242 c.
537 193 632 242 nrum
654 192 804 244 sncunnr

135 347 308 426 navigantes
333 347 369 408 ah
392 347 518 424 Achaia,
547 348 639 409 dirum
664 367 699 411 ac
718 350 900 428 pestiferum.
938 347 1047 428 Aegaei
1069 369 1124 430 pars

136 430 255 508 Myrtoo
271 433 363 495 datur.
394 433 558 512 appellatur
573 433 608 494 ab
625 432 719 494 insula
735 451 825 514 parva
840 453 914 515 quae
940 437 1061 496 cernitur
1079 435 1125 496 Ma·

135 517 284 580 cadoniam
299 535 315 577 a
328 517 471 579 Geraesto
483 517 651 597 petentibus
664 517 732 578 hant
743 518 846 598 procul
859 517 998 580 Euboeae
1011 518 1124 596 Carysto.

133 602 256 664 Romani
279 603 373 662 omnia
394 601 467 662 haec
486 604 576 662 maria
590 601 703 663 duobus
721 603 885 664 nominihus
901 603 1060 682 appellant,
1080 603 1124 664 Ma-

134 685 304 748 cedonicam
334 705 512 767 quacumque
539 685 738 748 Macedoniam
764 696 813 748 aut
844 687 994 748 Threciam
1019 691 1124 766 attingit,

135 768 313 833 Cmeciense
333 789 388 849 qua
409 768 559 832 Graeciam
574 771 673 833 adluit.
706 791 770 834 nam
786 769 889 850 Graeci
905 781 936 834 et
948 772 1056 834 Ionium
1070 773 1125 833 divi·

134 851 204 915 dunt
223 857 253 916 in
275 855 401 916 Siculum
422 873 455 916 ac
472 852 618 916 Creticum
642 856 677 917 ah
695 857 814 934 insulis,
843 859 911 918 item
931 856 1049 918 {carium
1065 857 1125 936 quod

82 945 123 1034 „g¹
134 948 183 1000 est
201 942 279 1000 inter
293 939 407 1002 Samum
427 947 458 1000 et
472 937 636 1018 Myconum.
668 949 769 1002 cetera
787 943 902 1004 nomina
917 944 1016 1002 sinuns
1035 941 1125 1002 dedere

135 1040 208 1102 qnos
226 1024 356 1086 diximus.

81 1116 117 1170 tta
198 1106 245 1170 12.
264 1107 349 1190 (19.)
369 1103 408 1170 Et
421 1110 510 1172 maria
530 1109 646 1190 quidem
667 1119 833 1190 gentesque
851 1112 880 1172 in
903 1112 992 1172 tertio
1006 1109 1139 1188 Europaei

133 1193 198 1252 sinu
216 1193 341 1256 adhunc
356 1194 471 1256 modum
489 1213 522 1256 se
537 1194 664 1272 hahent,
686 1195 799 1256 insulae
819 1203 929 1258 autem:
949 1193 1000 1256 Ex
1019 1194 1124 1256 adverso

134 1275 329 1358 Thesprotiae
345 1298 361 1340 a
376 1278 519 1340 Buthroto
534 1277 590 1341 XM
609 1280 687 1340 milia
702 1298 853 1358 passuum,
878 1277 980 1341 eadem
1002 1278 1036 1342 ab
1050 1278 1124 1339 hcm·

132 1365 277 1424 cerauniis
287 1364 557 1443 qninquagintamil.
576 1365 718 1426 cnmurhe
728 1364 1001 1441 eiusdemnominis,
1016 1361 1124 1440 Corcyra

131 1445 244 1508 liberae
265 1449 392 1508 civitatis
413 1456 443 1508 et
464 1448 573 1527 oppido
590 1446 734 1528 Cassiope
757 1449 925 1529 temploque
946 1447 1031 1514 Cassi
1050 1447 1123 1522 lovis,

131 1547 268 1609 passuum
283 1529 393 1606 XCVII
408 1532 466 1594 mil.
497 1534 526 1592 in
545 1533 755 1612 longitudinem
774 1542 894 1612 patens,
915 1531 1044 1594 Homero
1065 1532 1139 1592 dictat

131 1613 253 1677 Scheria
270 1625 300 1677 et
316 1615 473 1694 Phaeacia,
498 1615 674 1678 Callimacho
691 1621 778 1678 etiam
796 1617 940 1697 Drepane.
983 1619 1057 1678 circa
1075 1635 1123 1677 ean

130 1699 260 1780 aliquot,
282 1700 335 1762 sed
350 1701 385 1762 ad
399 1701 510 1762 ltaliam
525 1719 653 1780 vergens
669 1701 836 1781 Othronos,
855 1702 891 1764 ad
905 1701 1072 1765 Leucadiam
1084 1700 1123 1760 Pa·
1138 1735 1139 1782 ,

79 1785 115 1838 53
132 1803 191 1846 noe
209 1785 294 1862 duae,
310 1785 338 1845 V
352 1785 382 1846 M
402 1787 549 1848 discretae
565 1805 581 1847 a
602 1785 741 1864 Corcyra.
773 1805 829 1849 nec
847 1787 951 1865 procul
968 1787 1005 1847 ah
1026 1789 1059 1846 iis
1072 1793 1123 1844 ante

131 1867 287 1946 Corcyram
314 1869 454 1948 Ericusa,
473 1870 622 1948 Marathe,
642 1871 805 1951 Elaphusa,
831 1869 992 1948 Malthace,
1012 1869 1123 1952 Trachia,

103 2007 105 2010 .
129 1952 299 2033 Pythionia,
324 1955 462 2032 Ptychia,
485 1954 644 2033 Tarachie,
669 1965 699 2018 et
722 1953 893 2016 aPhalario
911 1953 1057 2034 Corcyrae
1071 1965 1138 2033 pro-2

128 2042 273 2100 manturio
295 2040 433 2118 scopulus
457 2041 487 2100 in
512 2058 597 2120 quem
617 2049 753 2102 mutatam
773 2038 868 2106 Ulixis
891 2058 994 2102 navem
1015 2059 1031 2102 a
1054 2036 1138 2104 simili,

130 2126 232 2200 specie
246 2123 344 2184 fabula
360 2133 415 2184 est.
447 2132 515 2186 ante
528 2123 710 2186 Lencimnam
727 2125 856 2202 Sybota,
880 2125 957 2186 inter
972 2123 1122 2186 Leucadiam

128 2215 224 2268 autem
241 2215 271 2270 et
287 2207 424 2270 Achaiam
441 2207 614 2288 permultae,
630 2228 748 2290 quarum
765 2209 944 2272 Teleboides
962 2209 1122 2286 eaedemque

128 2288 257 2370 Taphiae
280 2291 316 2352 ab
342 2293 456 2356 ineolis.
490 2293 571 2376 [ante
593 2293 775 2374 Leucadiam]
797 2293 982 2372 appellantur
1003 2293 1121 2374 Taphias,

128 2371 252 2454 Carnos,
264 2375 369 2456 Ouiae,
381 2377 549 2456 Prinoessa,
568 2387 636 2440 ante
647 2379 794 2440 Aetoliam
805 2377 981 2454 Echinades,
994 2376 1137 2455 Aegialiat

129 2456 264 2539 Catonis,
277 2460 425 2542 Thyatira,
438 2461 572 2540 Geoaris,
585 2463 736 2541 Dionysia,
749 2461 874 2541 Cyrnus,
887 2460 1014 2541 Chalcis,
1025 2462 1121 2536 Pinara,

75 2537 112 2591 54
127 2541 260 2622 Nystrus.
299 2555 366 2608 ante
385 2566 439 2608 eas
460 2549 490 2608 in
513 2547 572 2608 alto
590 2545 794 2627 Cephallania,
817 2545 998 2625 Zacynthus,
1019 2556 1121 2622 utraque

127 2629 238 2710 libera,
259 2629 369 2709 Ithaca,
394 2631 572 2709 Dulichium,
588 2633 689 2710 Same,
714 2629 850 2708 Crocyle.
882 2631 992 2693 aPaxo
1018 2627 1122 2709 Cephal·

91 2740 95 2748 ¹
125 2713 200 2776 lania
217 2717 360 2795 quondam
378 2716 511 2782 Melaena
529 2717 605 2778 dicta
621 2716 648 2777 X
663 2717 777 2777 milibus
794 2735 872 2796 pass.
893 2716 996 2794 abest,
1017 2715 1121 2776 circuitu

125 2808 206 2878 patet
225 2799 328 2862 XClll.
370 2801 455 2864 Same
483 2802 612 2863 dirutae
634 2801 772 2862 Romanis
794 2801 886 2862 adhuc
910 2810 1006 2862 tamea
1031 2795 1136 2879 oppida

125 2885 180 2942 tria
193 2884 289 2946 hahet.
330 2887 406 2948 inter
420 2887 493 2948 hanc
512 2895 541 2947 et
562 2885 702 2948 Achaiam
721 2904 785 2946 cum
806 2885 915 2965 oppido
935 2884 1080 2964 magnilica
1097 2887 1120 2939 et

123 2967 276 3029 fertilitate
297 2973 454 3050 praecipua
482 2969 663 3049 Zacynthus,
689 2969 843 3048 aliquando
864 2969 1011 3049 appellata
1033 2965 1118 3044 llyrie,

125 3049 332 3131 Cephallaniae
354 3074 370 3116 a
388 3048 546 3116 meridiana
568 3064 650 3131 parte
666 3053 750 3116 XXV
765 3053 794 3114 M
812 3054 904 3117 abest.
934 3073 1016 3114 mons
1032 3051 1118 3112 Elatus

72 3132 107 3185 55
125 3137 164 3198 ihi
184 3137 302 3199 nobilis.
330 3141 395 3218 ipsa
415 3141 538 3202 circuitu
555 3139 670 3218 colligit
692 3139 819 3200 XXXVI
837 3138 874 3200 M.
913 3139 960 3220 Ah
985 3155 1019 3200 ea
1038 3136 1135 3198 lthaca¹

123 3220 178 3284 XV
193 3221 223 3282 M
240 3223 342 3300 distat,
361 3225 390 3284 in
411 3243 467 3304 qua
482 3241 564 3300 mons
582 3222 710 3286 Neritus.
741 3232 803 3284 tota
826 3242 898 3285 vero
915 3224 1033 3284 circuitu
1053 3189 1135 3342 petati

123 3305 206 3369 XXV
221 3307 250 3370 M
265 3328 343 3390 pass.
370 3309 407 3370 ah
429 3328 463 3372 ea
479 3307 607 3370 Araxum
620 3309 821 3390 Peloponnesi
837 3308 1061 3388 promunturium
1075 3300 1118 3362 Xll

122 3392 152 3454 M
168 3412 246 3472 pass.
284 3403 351 3456 ante
366 3393 440 3456 hanc
462 3397 492 3454 in
508 3393 568 3455 alto
583 3395 716 3464 Asteris,
741 3393 849 3470 Prote,
872 3402 939 3454 ante
961 3389 1118 3469 Zacynthum

79 3495 84 3503 ·
122 3476 234 3540 XXXV
249 3479 278 3540 M
293 3498 370 3562 pass.
396 3483 425 3540 in
443 3498 543 3540 eurum
564 3488 680 3540 ventum
700 3479 881 3560 Strophades
903 3477 991 3554 duae,
1015 3475 1049 3536 ah
1065 3471 1117 3531 aliis
