2308 3936
225 211 308 260 usu.
329 211 424 262 arsa.
445 214 468 262 1.
492 200 610 281 (xxxv.
634 200 766 280 xxxva.)
959 197 1002 264 61

32 369 63 445 qai
83 360 269 448 ἀναθήματα
290 365 513 428 Atheniensium
541 367 674 446 scripsit,
700 366 871 430 Metrodoro
893 368 941 446 qui
966 367 1003 429 de

32 450 232 528 architectonice,
247 449 432 530 Democrito,
452 449 668 530 Theophrasto,
686 451 803 532 Apione
814 454 1002 530 grammatico

31 537 61 613 qai
70 533 243 596 demetallica
253 534 397 596 medicina
407 535 534 614 scripsit,
547 533 769 616 Nymphodoro,
781 535 865 612 Iolla,
878 535 1004 616 Apollo·
1046 591 1048 597 .

31 623 86 699 dara,
101 621 223 699 Andrea,
243 620 413 699 Heraclide,
429 623 568 702 Diagora,
585 623 704 700 botrye,
718 620 913 698 Archedemo,
929 619 1000 681 Dio·

18 707 100 782 anysio,
116 705 309 784 Aristogene,
327 707 487 784 Damocle,
506 707 652 785 blneslde,
677 707 845 769 Xenocrate
862 705 999 781 Zenonis,

31 790 202 851 Theomnesto.

66 873 142 934 libro
153 873 287 935 xxxvl.
305 876 488 937 continentur
502 885 621 938 naturae
637 878 771 956 lapidum.
797 875 932 954 (1-11)
947 873 1000 934 Lu·

27 960 82 1019 auia
101 961 128 1019 in
147 960 338 1021 marmoribus
360 953 412 1044 (2.
438 961 503 1042 quis
525 962 632 1042 primus
660 963 688 1020 in
714 960 840 1040 publicis
862 957 1002 1038 operibus

25 1040 165 1104 ostenderit.
209 1038 239 1104 3.
270 1043 335 1122 quis
364 1043 472 1122 primus
498 1045 656 1122 peregrino
683 1060 827 1104 marmore
855 1041 1003 1104 columnas

10 1124 127 1186 ahahuerit
153 1125 274 1187 Romae.
319 1122 348 1186 4
380 1127 427 1204 qui
456 1129 540 1206 primi
569 1126 676 1189 laudati
703 1127 733 1188 in
761 1144 906 1188 marmore
932 1124 1004 1187 scal·

24 1209 92 1286 pendo
106 1218 136 1270 et
152 1209 256 1290 quibus
272 1211 452 1289 temporibus
468 1210 516 1296 (9.
535 1211 571 1271 de
588 1209 740 1272 Mausoleo
758 1208 895 1298 Cariae).
919 1208 1000 1268 nobi·

25 1293 91 1353 litatae
105 1312 227 1373 operum
243 1302 273 1354 et
288 1294 429 1356 artificum
453 1295 483 1354 in
499 1311 642 1356 marmore
662 1292 803 1356 GCXXV.
837 1295 866 1354 5.
886 1292 1000 1374 quando

23 1380 111 1454 primum
131 1395 306 1439 marmorum
328 1379 357 1440 in
379 1377 521 1440 aediliciis
538 1397 617 1439 usus.
645 1379 674 1441 6.
694 1379 742 1459 qni
760 1377 844 1458 primi
859 1393 1001 1440 marmora

23 1465 139 1524 secuerint
157 1471 186 1522 et
198 1463 324 1542 quando.
341 1465 370 1524 7.
388 1465 451 1543 quis
466 1465 574 1544 primus
592 1462 702 1526 Romae
719 1465 891 1524 crustaverit
905 1463 1000 1542 parie-

10 1553 56 1603 ates.
78 1546 103 1608 8.
125 1547 232 1627 quibus
247 1547 391 1610 aetatibus
413 1566 548 1628 quaeque
570 1565 713 1610 marmora
726 1548 755 1608 in
770 1567 851 1608 usum
868 1548 1001 1606 venerint

21 1629 109 1692 homae.
139 1632 168 1692 9.
187 1633 262 1692 ratio
280 1633 399 1694 secandi
413 1651 565 1694 marmora.
595 1633 631 1692 de
647 1632 763 1693 harenis
779 1631 883 1712 quibus
899 1649 1000 1692 secan·

21 1721 55 1771 tna.
80 1716 122 1776 10.
144 1716 181 1776 de
197 1713 304 1792 Naxio,
322 1718 358 1777 de
370 1717 519 1778 Armenio.
540 1719 588 1777 11.
606 1717 642 1778 de
656 1716 863 1778 Alexandrinis
878 1731 1000 1776 marmo-

20 1794 101 1885 ribus).
126 1799 203 1880 (12)
221 1800 258 1861 de
275 1801 400 1878 onyche,
417 1801 454 1864 de
470 1799 648 1864 alabastrite.
665 1801 827 1864 medicinae
845 1819 882 1860 ex
895 1801 938 1858 eis
949 1797 999 1856 Vl.

21 1881 68 1961 (13)
83 1885 115 1944 de
133 1885 269 1962 lygdino,
287 1885 462 1964 corallitico,
480 1885 674 1963 Alabandico,
691 1885 852 1960 Thebaico,
870 1883 999 1960 Syenite.

10 1966 63 2033 tht.
81 1969 130 2050 15)
155 1969 195 2030 de
219 1969 360 2031 obeliscis
385 1965 446 2116 Sale
470 1989 507 2032 eo
530 1973 578 2052 qui
600 1989 654 2050 pro
677 1989 822 2050 gnomone
844 1969 873 2029 in
898 1983 1002 2046 campo

20 2047 93 2112 llartio
108 2049 188 2141 est).
216 2053 373 2136 (ta-23)
417 2073 489 2136 pera
506 2055 648 2118 mirabilia
662 2057 788 2116 interris
800 2049 1002 2138 (pyramides,

23 2135 51 2194 ii.
65 2137 172 2217 Sphinx
189 2136 353 2218 Aegyptia,
381 2139 428 2202 18.
445 2140 571 2218 Pharos,
602 2141 649 2202 19.
667 2140 838 2216 labyrinthi,
866 2137 916 2200 20.
931 2155 1002 2216 pen·

19 2219 158 2299 aimberti,
170 2224 289 2302 pensile
303 2225 450 2304 oppidum,
467 2224 517 2285 21.
537 2226 574 2286 de
586 2226 697 2305 templo
712 2225 860 2305 Ephesiae
877 2221 1001 2297 Dianae,

19 2301 51 2361 ll.
70 2307 188 2370 aliorum
210 2308 385 2388 templorum
400 2310 595 2387 admirabilia,
626 2309 676 2372 23.
696 2311 733 2370 de
754 2309 851 2389 lapide
868 2308 1002 2386 fugitivo,

10 2389 70 2450 acha
84 2394 218 2473 septiens
232 2411 394 2471 resonans,
417 2395 479 2454 sine
497 2396 581 2456 clavo
599 2389 764 2482 aedilicia).
795 2393 868 2473 (24)
891 2391 1003 2452 Romae

16 2475 126 2538 miracula
142 2495 270 2558 operum
281 2477 387 2539 XVlll.
413 2477 485 2560 (25)
503 2479 549 2539 De
563 2481 697 2556 magnete
714 2479 822 2558 lapide.
839 2477 1003 2538 medicinae

17 2575 41 2616 ea
53 2579 83 2622 eo
92 2560 141 2624 Ill.
161 2562 238 2643 (26)
274 2563 376 2638 Syrius
389 2563 473 2643 lapis.
494 2563 566 2645 (27)
581 2564 617 2624 de
630 2563 814 2643 sarcophago
828 2563 889 2622 sive
903 2560 1001 2621 Assio.

18 2644 150 2708 medicinae
168 2665 210 2708 ex
225 2663 263 2707 eo
278 2645 316 2708 X.
348 2647 420 2728 (28)
438 2649 474 2708 dc
491 2647 632 2724 chernite,
649 2648 685 2708 de
703 2666 786 2728 poro.
819 2646 890 2726 (29)
908 2645 945 2706 de
962 2644 1003 2704 la-

19 2727 105 2802 pidibus
121 2733 240 2808 osseis,
259 2731 296 2792 de
312 2733 454 2810 palmatis,
472 2732 510 2792 de
525 2732 684 2808 Taenariis,
702 2733 738 2792 ale
758 2730 890 2806 Cosanis,
909 2729 945 2790 de
961 2728 1002 2787 ni·

10 2813 58 2884 agria
69 2815 271 2878 marmoribus.
302 2817 374 2898 (30)
391 2815 427 2878 de
445 2817 603 2878 molaribus
619 2816 772 2896 lapidibus.
796 2817 918 2896 pyrites,
942 2831 1003 2874 me·

20 2894 103 2960 liciace
126 2919 167 2962 ex
190 2918 228 2968 eo
243 2895 309 2962 vti.
342 2901 413 2982 (31)
437 2903 603 2980 ostracites,
631 2901 794 2962 medicinae
816 2919 855 2960 ex
877 2917 913 2959 eo
936 2896 1002 2960 llll.

18 2984 141 3056 mantus,
157 2986 325 3046 medicinae
336 3005 381 3056 ,ex
398 3003 434 3046 eo
452 2986 488 3048 ll.
509 2986 581 3068 (32)
598 2985 721 3064 geodea,
740 2984 902 3046 medicinae
916 3003 954 3044 ex
967 2999 1003 3044 eo

19 3061 49 3121 ΠΙ·
68 3069 134 3151 (33)
148 3069 311 3146 melitinus,
325 3071 486 3133 medicinae
503 3089 542 3130 ex
557 3089 593 3132 eo
604 3069 655 3132 vt.
681 3070 753 3150 (34)
764 3079 899 3148 gagates,
914 3068 1003 3130 medi·

18 3150 77 3211 tinae
99 3173 138 3214 ex
156 3172 197 3216 eo
213 3155 264 3216 vt.
298 3155 372 3236 (35)
389 3157 554 3236 spongites,
575 3156 737 3217 medicinae
753 3175 791 3216 ex
807 3173 844 3216 eo
860 3152 897 3216 ll.
930 3153 1002 3234 (36)

10 3230 144 3315 clhragtas.
178 3239 254 3321 (37)
276 3240 461 3312 haematites,
488 3240 650 3302 medicinae
676 3259 715 3301 ex
739 3259 775 3301 eo
798 3239 834 3300 V.
866 3241 1003 3310 schistos,

18 3321 154 3386 medicinae
172 3343 212 3385 ex
230 3342 268 3384 eo
280 3321 344 3385 Vll.
373 3325 445 3406 (38)
463 3327 667 3403 androdamas,
680 3325 843 3388 medicinae
861 3343 899 3386 ex
915 3341 952 3386 eo
965 3321 1002 3382 ll.

19 3401 151 3482 lrabious,
173 3409 295 3470 miltites
313 3409 375 3471 sive
392 3411 554 3491 hepatites,
571 3411 764 3487 anthracites,
795 3411 867 3492 (39)
886 3409 1001 3481 aetites,

20 3481 186 3570 Taphiusius,
213 3493 355 3555 callimus.
391 3496 463 3578 (46)
481 3497 606 3577 Samius,
631 3497 792 3556 medicinae
816 3513 853 3555 ex
870 3511 906 3555 eo
922 3489 1000 3561 VllI.
