2364 3930
182 112 246 177 170
539 111 568 166 O.
586 111 687 166 PLINI
707 111 864 168 SEUUNDI

179 264 328 343 nocturni,
347 279 421 340 quos
435 262 598 324 excitandis
616 265 647 324 in
667 281 758 342 opera
776 261 950 324 mortalibus
968 262 1163 343 rumpendoque

181 369 284 412 somno
303 359 408 412 natura
427 353 538 430 genuit.
577 359 690 412 norunt
714 351 810 412 sidera
834 360 864 413 et
886 360 987 413 ternas
1009 354 1164 431 distinguunt

180 439 268 500 horas
292 440 423 501 interdiu
447 448 544 502 cantu.
590 459 659 502 cum
683 440 753 523 sole
769 449 842 502 eunt
864 441 1008 524 cubitum,
1030 449 1165 521 quartaqre

181 531 327 589 castrensi
349 529 447 608 vigilia
469 530 505 590 ad
529 547 617 590 ouras
639 527 832 609 laboremque
860 540 1014 613 revocant,
1040 548 1091 590 neo
1114 531 1166 590 solis

182 625 281 678 ortum
312 619 439 679 incautis
471 621 626 698 patiuntur
658 617 820 702 obrepere,
857 620 996 700 diemque
1027 623 1166 680 venientem

127 715 162 763 41
183 709 321 768 nuntiant
344 715 441 789 cantu,
464 709 563 787 ipsum
585 725 656 768 vero
681 715 802 770 cantum
829 708 934 788 plausu
961 709 1092 770 lateram.
1129 711 1166 768 im·

180 798 311 876 peritani
334 813 388 856 suo
411 799 523 877 generi,
547 804 578 858 et
600 813 727 876 regnum
749 799 781 857 in
805 815 993 877 quacumque
1016 806 1083 859 suut
1103 797 1167 856 domo

181 892 331 944 exercent.
377 885 565 946 dimicatione
588 888 705 966 paritur
728 885 785 946 boc
806 889 886 948 inter
907 889 1004 969 ipsos,
1027 887 1101 948 velut
1120 885 1168 944 ider·

180 972 239 1033 tela
258 979 362 1051 agnata
386 973 525 1035 cruribus
545 977 608 1036 suis
627 975 845 1058 intellegentes,
869 993 924 1036 nec
943 976 1012 1037 llnis
1031 994 1111 1056 saepe
1127 977 1168 1034 oio

180 1062 454 1124 commorientibus.
486 1064 566 1142 quod
587 1067 615 1124 si
632 1063 728 1144 palma
752 1066 906 1146 contingit,
930 1067 1031 1125 statim
1051 1068 1082 1124 in
1102 1065 1168 1122 vieto·

181 1152 225 1210 ria
248 1158 359 1211 canunt
377 1170 468 1231 seque
487 1154 545 1231 ipsi
563 1155 714 1232 principes
732 1160 890 1214 testantur.
917 1157 1015 1215 victus
1034 1153 1168 1214 occultatur

181 1239 272 1299 silens
295 1257 442 1319 aegreque
467 1241 622 1302 servitium
643 1243 764 1320 patitur.
811 1250 842 1303 et
863 1241 949 1322 plebs
977 1251 1077 1303 tamen
1101 1259 1168 1318 acque

181 1327 310 1406 superba
338 1329 471 1406 graditur
499 1329 591 1390 ardua
618 1332 749 1409 cervice,
777 1331 878 1391 cristis
905 1331 998 1412 celsa,
1026 1330 1168 1407 caelumqn:

182 1416 244 1476 sola
267 1416 422 1478 volucrum
444 1417 570 1496 adspicit
592 1417 711 1500 crebra,
734 1421 766 1478 in
789 1418 910 1480 sublimi
932 1421 1059 1482 caudam
1080 1437 1168 1498 quoqu

181 1505 316 1566 falcatam
339 1507 466 1585 erigens,
511 1509 612 1586 itaque
635 1509 729 1568 terori
752 1515 823 1568 sunt
847 1510 935 1569 etiam
957 1507 1094 1570 leonibus
1118 1509 1168 1567 lere

128 1602 163 1652 48
182 1613 250 1656 rum
272 1591 519 1673 generosissimis.
564 1598 623 1657 iam
646 1613 683 1656 ex
706 1596 753 1657 his
778 1598 898 1676 quidam
921 1598 957 1658 ad
980 1597 1059 1660 bella
1084 1605 1168 1658 tantun

183 1694 214 1745 et
235 1683 348 1763 proelia
371 1685 494 1745 adsidua
516 1693 682 1746 nascuntur
706 1717 749 1728 ·——
773 1685 883 1766 quibus
905 1689 996 1748 etiam
1014 1690 1119 1768 patrias
1138 1703 1168 1744 no

182 1773 350 1854 bilitarunt,
386 1773 524 1834 Rhodum
552 1782 603 1835 aut
630 1774 809 1856 Tanagram3
847 1776 998 1837 secundus
1031 1785 1076 1837 est
1102 1773 1168 1835 hono

183 1861 303 1924 habitus
330 1861 443 1924 blelicis
473 1871 504 1924 et
531 1861 707 1924 Chalcidicis
740 1897 796 1947 -,
829 1874 864 1926 ut
890 1865 978 1944 plane
1006 1865 1108 1945 dignae
1132 1785 1168 1940 alil

130 1959 301 2013 astantum
322 1951 445 2013 honoris
467 1951 623 2032 perhibeat
646 1951 777 2014 Romana
805 1971 947 2034 purpura.
994 1955 1100 2015 borum
1125 1969 1167 2012 sun

182 2041 313 2121 tripudia
340 2041 495 2123 solistima,
525 2042 557 2103 bi
584 2044 776 2122 magistratus
803 2051 923 2104 nostros
952 2045 1065 2106 cotidie
1092 2059 1167 2120 reguo

183 2131 348 2209 domusque
379 2133 452 2210 ipsis
486 2149 556 2192 suas
590 2131 732 2193 claudunt
766 2140 817 2193 aut
846 2140 991 2193 reserant.
1045 2133 1077 2192 bi
1104 2115 1167 2244 seseq

183 2219 331 2280 Romanos
350 2219 496 2298 inpellunt
514 2229 565 2282 aut
583 2211 724 2303 retinent,
741 2220 846 2282 iubent
865 2222 943 2282 acies
962 2230 1014 2282 aut
1032 2220 1163 2302 prohibeo

183 2309 376 2368 victoriarum
410 2311 544 2394 omnium
578 2317 641 2371 toto
676 2309 748 2370 orbe
783 2317 938 2390 partarum
971 2313 1115 2391 auspices.
1158 2307 1166 2366 1

183 2398 308 2458 maxime
332 2406 482 2458 terrarum
503 2401 630 2478 imperio
652 2401 813 2481 imperant,
841 2401 917 2460 extis
940 2401 1033 2461 etiam
1059 2377 1166 2550 fibrisqq

183 2485 262 2547 baud
296 2487 381 2548 aliter
413 2505 501 2566 quam
538 2490 653 2568 opimae
690 2490 826 2549 victimae
863 2488 909 2549 dis
933 2491 1032 2567 grati.
1093 2486 1163 2546 habu

183 2583 301 2637 ostenta
325 2595 361 2636 ex
384 2595 416 2636 se
440 2584 470 2636 et
493 2580 679 2656 praeposteri
702 2595 808 2638 eorum
835 2579 1060 2658 vespertinique
1089 2583 1165 2636 cantu

126 2742 128 2746 .
183 2683 311 2745 namque
334 2667 406 2726 totis
429 2664 568 2726 noctibus
592 2665 725 2727 canendo
739 2666 871 2727 lloeotiis
894 2665 1026 2726 nobilem
1050 2665 1126 2726 illam

183 2773 288 2816 versus
311 2754 560 2815 Lacedaemonios
582 2757 788 2834 praesagivere
811 2757 978 2836 victoriam,
1000 2757 1046 2814 ita
1069 2755 1157 2815 conier

184 2845 439 2924 interpretatione,
462 2845 603 2922 quoniam
625 2846 702 2906 victa
726 2845 787 2906 eles
809 2844 859 2904 illa
881 2862 942 2904 non
965 2851 1098 2904 caneret.

130 2937 166 2986 50
252 2925 326 3014 (25)
349 2931 496 2993 Desinunt
518 2951 625 2993 canere
650 2936 782 3015 castrati,
804 2933 885 3012 quod
904 2931 1023 2994 duobus
1041 2933 1077 2993 fit
1094 2929 1164 2992 nott

183 3020 291 3081 lumbis
314 3021 427 3082 adustis
450 3021 594 3082 candente
618 3022 699 3082 ferro
723 3031 774 3084 aut
796 3024 863 3083 imis
886 3021 1042 3104 cruribus,
1067 3039 1128 3082 mon
1149 3037 1161 3074 0

186 3171 229 3179 -υ

256 3245 488 3316 toperar²a²o
517 3262 575 3298 -am
589 3263 612 3299 r.
686 3246 946 3316 9intellegenlium
962 3250 1037 3299 rud.
1055 3247 1060 3312 1
1075 3245 1125 3298 nisi
1140 3255 1163 3300 tt

77 3371 81 3380 ,
184 3319 282 3370 00011.
311 3316 699 3387 0105206001019119.
721 3320 905 3374 XI95.102.
1004 3322 1041 3371 l't
1065 3317 1123 3370 ds'st
1150 3369 1154 3378 ,

184 3388 235 3453 cfr.
255 3387 527 3456 110101000194,
599 3391 632 3440 18
652 3389 702 3441 aab
718 3390 867 3458 banagram
884 3388 952 3442 lii'l.
980 3389 1031 3441 001
1049 3405 1098 3442 an-
1115 3403 1133 3438 r⁴

185 3473 219 3510 ao
237 3455 419 3526 Tanagram?
491 3462 524 3510 21
544 3457 635 3526 magis
655 3474 755 3513 coruus
773 3459 817 3513 3¹.
845 3476 892 3514 -uo
911 3464 935 3512 d.
1005 3463 1044 3511 22
1063 3457 1115 3526 ipsi
1130 3454 1162 3506 rit

185 3528 319 3580 eddom.
391 3531 425 3581 25
445 3526 516 3580 exiis
530 3526 598 3580 Dal.
627 3544 661 3582 ex
678 3529 723 3583 his
743 3531 771 3584 ll.
844 3535 878 3586 26
897 3529 984 3600 gratis
996 3529 1042 3582 r'.
1114 3531 1162 3579 tit

186 3612 215 3647 se
229 3596 367 3650 atatem.
396 3613 446 3650 om.
460 3614 484 3650 r.
498 3598 545 3651 scd
558 3605 689 3667 corrupto
701 3601 846 3667 0101001οη
863 3603 951 3671 magio
969 3601 1093 3655 arrideat
1110 3599 1162 3660 sae}
