2302 3938
182 201 242 266 172
526 213 557 262 c.
578 213 674 259 emm
696 210 846 260 suounor

180 373 282 435 forma.
305 369 403 432 Hedio
420 368 499 430 beru
512 369 641 447 iungitur
657 369 735 429 ostio
750 365 871 428 Maeotii
886 365 992 426 laeuus.
1015 359 1142 424 Cimmerio

130 467 162 516 tt
180 457 330 536 Bosporus
346 455 374 515 id
390 473 424 517 os
440 461 572 531 vocatur,
586 451 671 513 ΜΜΙ)
689 469 766 530 pass.
784 451 943 526 latitudine.
969 448 1008 508 At
1022 449 1089 510 inter
1101 447 1140 508 duo

180 541 334 620 Bosporos
355 540 507 600 Thracium
528 547 558 598 et
579 535 762 598 Cimmerium
780 535 893 596 directo
915 552 1016 612 cursu,
1034 541 1062 592 ut
1080 541 1141 592 aucto

182 635 229 688 est
247 625 398 701 Polybius,
416 622 445 692 ll,
456 621 486 683 Μ
501 641 578 702 pass.
595 623 750 681 intersunt.
776 621 897 680 circuitu
914 635 987 679 vero
1002 616 1142 678 totiusPont

181 711 292 772 viciens
316 708 426 784 semel,
446 716 477 767 ut
496 715 598 767 auctor
622 714 668 766 est
688 703 783 765 Varro
800 713 831 765 et
848 705 912 765 lere
928 712 1051 764 veteres.
1080 701 1142 778 Nepa

183 793 337 856 Cornelius
361 790 457 853 00οΜ
482 792 560 852 milia
580 790 685 867 adicit,
710 788 911 850 Artemidorus
928 789 1061 871 tffil‘lll'
1075 785 1142 845 XVlll

181 877 211 938 Μ
225 880 304 955 lacit,
319 878 451 958 Agrippa
471 874 572 957 liin-1,
574 873 578 958 1
601 874 653 936 LX
670 873 743 951 mil,
758 870 906 934 Mucianus
924 875 1049 1016 ffiffiq
1098 869 1142 927 Vll

183 963 274 1024 Simili
283 963 370 1024 modo
382 963 418 1023 de
426 961 563 1040 Europae
575 961 837 1021 lateremensnram
849 958 897 1019 alii
906 959 1018 1042 ffiifiq
1050 952 1142 1016 XXllll

135 1043 168 1108 ’78
182 1047 249 1110 HD
264 1048 514 1123 determinavere,
535 1045 582 1105 alii
600 1047 653 1128 HV
666 1044 753 1104 milia.
782 1041 819 1102 Μ.
830 1029 931 1104 ¹Varro
947 1042 985 1102 ad
998 1039 1142 1104 bunomolu

182 1134 315 1194 metitur:
338 1133 385 1194 Ab
406 1132 483 1192 ostio
499 1129 582 1190 Ponti
604 1127 791 1207 Apolloniam
812 1125 1001 1188 CLXXXVII
1017 1125 1141 1204 HDpnss

143 1244 154 1276 t
184 1215 316 1278 Callatim
332 1215 512 1291 tantundem,
529 1213 564 1274 ad
579 1215 684 1273 ostium
698 1211 788 1272 Histri
805 1210 924 1290 GXXV,
939 1212 975 1272 ad
990 1211 1142 1316 Borysthenq

186 1299 268 1363 GGL.
306 1300 522 1362 Cherronesum
541 1296 781 1358 Heracleotarum
801 1296 938 1376 oppidum
960 1294 1142 1356 CCCLXXV:

183 1404 275 1466 pass„
298 1386 333 1447 ad
347 1385 569 1462 Panticapaeum
584 1381 662 1460 quod
678 1381 766 1461 aliqui
781 1381 946 1461 Bosporum
959 1389 1078 1457 vocant,
1092 1386 1142 1440 ertu

184 1489 259 1530 mum
278 1470 307 1530 in
326 1467 463 1547 Europae
487 1485 555 1544 ora,
579 1463 684 1527 0οΧΙί
698 1465 727 1526 Μ
742 1465 778 1543 D,
800 1471 875 1544 'quae
891 1484 1000 1539 summa
1016 1465 1095 1525 elicit
1107 1465 1142 1544 liu

184 1552 325 1614 XXXVll
340 1552 368 1614 Μ
382 1552 416 1613 D.
455 1551 588 1631 Agrippa
602 1571 618 1612 a
634 1551 775 1628 Byzantio
791 1551 827 1612 ad
843 1549 949 1612 llumen
965 1549 1087 1617 Histrum
1098 1545 1142 1606 Μ)

185 1638 252 1698 inde
273 1638 493 1715 Panticapaeum
514 1635 688 1697 DGXXXV.
730 1633 822 1696 Lacus
847 1636 912 1714 ipse
932 1633 1056 1698 blaeotis
1076 1633 1142 1692 Tanai}

185 1741 297 1783 amnem
309 1742 347 1784 ex
360 1721 480 1802 Ripaeis
493 1721 638 1782 montibus
653 1719 829 1780 defluentem
841 1721 1000 1799 accipiens,
1012 1719 1128 1780 novissim
1141 1723 1142 1730 ’

185 1808 262 1869 iuter
274 1805 421 1886 Europam
437 1806 595 1884 Asiamque
610 1806 711 1879 linem,
722 1807 812 1888 ffiffiq
827 1803 870 1864 Vl
882 1823 1019 1884 passuum
1033 1801 1061 1862 Μ
1073 1801 1138 1861 circui

186 1901 289 1972 patere
305 1893 436 1952 traditur.
463 1889 498 1951 ab
514 1890 578 1950 aliis
590 1891 642 1974 ᾗ
654 1889 737 1950 XXV
748 1889 786 1951 Μ.
812 1889 859 1950 Ab
876 1891 953 1950 ostio
967 1891 1033 1949 eius
1046 1885 1078 1947 ad
1088 1884 1132 1944 Tan

151 2040 175 2074 n
188 1979 293 2037 ostium
315 1976 427 2037 directo
444 1993 530 2035 cursu
551 1971 733 2035 ccclxxv
753 1973 783 2034 Μ
803 1993 882 2054 pass.
906 1992 975 2034 esse
997 1979 1108 2035 constat.
1131 1987 1141 2026 a

151 2082 175 2117 n
190 2061 273 2121 colae
290 2062 388 2120 sinuus
401 2061 464 2120 eius
480 2060 509 2119 in
524 2061 672 2120 mentione
686 2058 826 2120 Thraciae
843 2059 913 2120 dicti
928 2068 996 2119 sunt
1007 2053 1141 2134 Histropoll

139 2149 289 2224 reusque.
320 2142 392 2204 Inde
408 2144 483 2204 ostia
497 2142 598 2205 Histri.
625 2142 712 2203 Ortus
726 2143 774 2202 liic
787 2145 817 2203 in
833 2142 986 2204 Germania
1003 2144 1077 2220 iugis
1086 2156 1136 2200 mou

188 2227 332 2288 Abnobae
344 2247 382 2288 ex
393 2227 519 2288 adverso
530 2227 647 2288 Raurici
659 2227 770 2290 Galliae
783 2228 894 2308 oppidi,
908 2228 1006 2289 multis
1018 2227 1086 2287 ultra
1096 2223 1138 2300 Alp

188 2311 302 2372 milibus
324 2331 357 2372 ac
377 2330 432 2392 per
451 2313 617 2385 innumeras
640 2313 737 2392 lapsus
752 2321 858 2391 gentes
876 2311 989 2374 Danubi
1006 2312 1121 2384 nomine,

188 2414 289 2457 menso
306 2414 442 2476 aquarum
460 2405 545 2457 auctu
562 2406 592 2458 et
608 2397 682 2458 unde
698 2399 818 2476 primum
833 2397 981 2475 Illyricum
996 2395 1081 2458 adluit
1093 2393 1140 2453 Hist

189 2481 363 2560 appellatus,
379 2479 430 2540 LX
449 2481 579 2542 amnibus
591 2484 736 2560 receptis,
752 2482 849 2544 medio
862 2484 952 2544 lerme
964 2497 1081 2544 numero
1092 2495 1140 2546 eoru

188 2565 362 2644 navigabili,
378 2566 408 2632 in
416 2565 539 2628 Pontum
552 2567 641 2626 uastis
654 2585 709 2626 sex
722 2565 886 2627 fluminibus
898 2567 1051 2628 evolvitur.
1072 2564 1138 2625 Prinu

190 2651 296 2711 ostium
310 2650 435 2728 Peuces,
467 2649 547 2733 [mox
561 2652 624 2728 ipsa
639 2649 747 2730 Peuce]
764 2651 867 2730 insula,
886 2669 973 2731 aqua
990 2652 1124 2732 proximus

188 2752 261 2795 reus
278 2735 458 2815 appellatus,
476 2733 587 2796 XVlllI
602 2732 631 2793 Μ
645 2752 722 2814 pass.
738 2753 841 2814 magna
858 2735 962 2816 palude
979 2735 1113 2798 sorbetur.

189 2819 293 2880 codem
314 2820 400 2882 alveo
424 2828 454 2882 et
480 2838 568 2900 super
591 2817 782 2900 Histropolim
805 2821 883 2880 lacus
910 2823 1040 2898 gignitur
1057 2813 1131 2878 lell

188 2920 267 2981 pass.
292 2905 415 2982 ambitu,
442 2902 597 2980 Halmyrin·
615 2913 729 2966 vocant.
771 2903 927 2966 secundum
953 2907 1056 2966 ostium
1081 2899 1128 2961 Nar

190 2991 283 3046 stoma
299 2988 480 3067 appellatur,
502 2990 618 3049 tertium
637 2987 729 3050 Calon
744 2998 836 3050 stoma
854 2990 932 3049 iuxta
946 2989 1066 3049 insulam
1084 2985 1114 3044 Sa

189 3071 290 3151 ticam,
317 3081 447 3150 quartum
467 3071 700 3134 Pseudostomon
722 3082 752 3134 et
776 3072 870 3134 insula
892 3070 1034 3152 Conopon
1059 3070 1137 3131 tiara

188 3163 294 3234 postea
316 3155 435 3218 Horcon
456 3164 548 3217 stoma
569 3165 599 3217 et
617 3157 743 3236 Spircon
758 3166 860 3219 stoma.
898 3157 1010 3236 singula
1029 3163 1138 3216 autent

188 3247 268 3300 tanta
282 3249 349 3300 sunt
363 3249 395 3300 ut
410 3241 549 3320 prodatur
565 3243 594 3302 in
611 3240 660 3302 XL
676 3243 754 3303 milia
767 3260 903 3322 passuum
921 3239 1100 3320 longitudinis
1113 3237 1138 3310 rit

187 3341 267 3386 mare
285 3324 455 3404 dulcemque
473 3325 607 3403 intellegi
623 3327 762 3389 baustum.
1137 3317 1138 3354 ³

9 3443 12 3452 ›
134 3417 170 3472 80
249 3407 333 3490 (25.)
360 3409 406 3470 Ab
429 3429 466 3471 eo
490 3409 520 3471 in
540 3411 657 3492 plenum
680 3411 795 3492 quidem
817 3432 917 3475 omnes
937 3412 1098 3492 Scytharum
1120 3427 1136 3464 s

156 3583 158 3585 Ι
185 3504 309 3575 gentes,
334 3497 432 3558 variae
455 3503 548 3558 tamen
571 3497 651 3558 litori
678 3497 812 3577 adposita
833 3507 974 3577 tonuere,
1000 3497 1068 3558 alias
1088 3491 1132 3553 (let

1136 3663 1137 3694 l
