2302 3938
189 225 267 273 uun.
290 226 382 274 mss.
405 226 470 274 1111.
494 218 579 275 7-8,
605 209 742 291 (ur-15.)
915 208 973 272 161

16 383 68 440 siuns
81 380 109 440 ab
123 379 216 440 incolis
237 381 353 458 dictus,
381 382 483 460 inquo
507 380 614 459 oppida
635 379 803 457 Halcyone,
830 378 974 456 Aeconia,

15 465 103 524 Phalara.

54 546 117 626 (13.)
137 548 218 609 Doris
239 549 364 624 deindo,
389 551 418 608 in
441 567 497 627 qua
517 547 677 628 Sparthos,
698 547 846 625 Erineon,
868 547 973 614 Boion,
992 555 1027 608 28

16 633 97 708 Pindus,
112 631 244 710 Cytinom.
278 634 398 694 Doridis
416 651 432 693 a
449 642 535 712 tergo
552 651 634 692 mons
650 631 722 692 Oeta
739 641 793 693 est.

54 715 116 794 (ld.)
130 719 262 796 Sequitur
272 721 390 778 mutatis
408 734 497 796 saepe
512 718 675 778 nominibus
687 716 856 794 Haemonia,
873 717 975 778 eadem

16 799 103 879 Pelasgis
125 810 153 862 et
174 802 349 880 Pelasgicon
367 802 483 880 Argos,
508 801 627 878 Hellas,
652 802 753 862 eadem
771 801 922 862 Thessalia
944 811 974 862 et

16 883 115 962 dryopis,
131 905 244 965 semper
259 905 275 946 a
291 887 412 964 regibus
427 889 638 964 cognominata.
662 886 702 946 ibi
718 888 835 964 genitus
854 905 909 946 rex
924 905 974 947 no·

16 971 60 1028 nire
74 968 182 1030 Graecus
197 989 213 1031 a
229 989 289 1050 quo
306 970 439 1049 Graecia,
454 971 495 1030 ibi
510 969 616 1032 Hellen
631 989 647 1031 a
665 989 722 1050 quo
738 969 889 1031 Hellenas.
912 969 973 1030 Hos

16 1054 92 1112 eosdem
106 1053 241 1116 Homerus
260 1055 354 1116 tribus
379 1055 543 1116 nominibus
559 1055 718 1134 appellauit
733 1053 927 1132 Myrmidonas
944 1064 974 1115 et

17 1135 106 1198 hellenas
128 1147 155 1200 et
171 1140 319 1200 Achaeos.
356 1139 403 1199 nx
424 1140 468 1200 his
493 1138 648 1200 Phthiotae
666 1141 847 1200 nominantur
864 1139 975 1200 Dorida

16 1221 143 1284 adolentes.
171 1243 274 1285 eorum
298 1223 405 1304 oppida
420 1223 565 1300 Echinus,
582 1226 611 1284 in
626 1224 757 1284 faucibus
773 1222 906 1302 Sperchii
924 1224 974 1282 ilu-

16 1307 63 1364 uiris
82 1306 330 1387 Thermopylarum
349 1306 517 1386 angustiae,
537 1327 594 1388 quo
611 1317 782 1386 argumento
796 1306 894 1368 llllttt
911 1325 974 1386 pas·

16 1392 126 1453 uuninde
139 1392 282 1454 Heraclea
300 1392 426 1454 Trachin
441 1393 517 1454 diota
533 1403 586 1453 est.
613 1411 695 1454 mons
712 1393 753 1453 ibi
770 1391 974 1470 Callidromus,

17 1475 81 1551 oppida
95 1477 237 1538 celebrata
251 1476 385 1538 Helladis
400 1477 508 1554 Halos,
531 1478 645 1556 lamia,
663 1477 786 1553 Phthia,
806 1477 896 1539 Aroe.

11 1573 13 1604 t
51 1557 69 1620 8.
87 1560 160 1641 (15.)
182 1562 215 1622 ln
234 1561 389 1624 Thessalia
411 1571 507 1624 autern
522 1562 721 1624 Orchomenus
742 1562 867 1640 Hinyius
890 1572 975 1623 antea
992 1577 1027 1630 ‘20

16 1641 70 1702 dutus
82 1655 106 1706 et
119 1647 255 1725 oppidum
273 1645 410 1724 Alimon,
425 1649 460 1709 ab
476 1647 540 1708 aliis
555 1647 691 1725 Holmon,
710 1648 813 1725 Atrax,
831 1647 975 1726 Palamna,

17 1725 52 1786 iaus
63 1727 180 1809 Hyperia,
200 1731 310 1810 oppida
327 1730 458 1809 Pherae,
476 1751 594 1811 quarum
611 1751 628 1793 a
648 1724 736 1810 tergo
750 1731 846 1792 Pieria
865 1732 899 1792 ad
917 1731 976 1793 Ha·

17 1812 116 1873 sedunam
137 1815 340 1894 protenditur,
357 1814 475 1893 Larisa,
497 1815 636 1896 Gomphi,
661 1814 781 1878 Thebae
803 1815 975 1892 Thessalae,

17 1911 75 1956 runos
95 1897 227 1977 Pteleon,
265 1901 344 1960 sinus
371 1900 544 1978 Pagasicus,
573 1900 710 1980 oppidum
740 1899 866 1979 Pagasa,
899 1901 976 1960 idem

12 1991 79 2056 spudeo
90 1982 247 2044 Demetrias
265 1985 382 2061 dictum,
398 1984 512 2060 Tricca,
526 1985 657 2046 Pharsali
673 1987 765 2064 campi
778 2004 842 2046 cnm
856 1985 976 2046 ciuitate

18 2065 79 2142 thera,
91 2066 229 2147 Crannon,
249 2068 346 2129 lletia.
369 2067 485 2132 Houtes
500 2068 673 2130 Phthiotidis
689 2069 874 2149 Nymphaeus
887 2087 976 2147 quon·

18 2146 50 2206 dan
64 2154 170 2230 topiario
190 2163 314 2214 naturae
339 2171 431 2232 opere
451 2156 639 2233 spectabilis,
665 2154 854 2231 Buzygaeus,
880 2153 976 2216 Dona·

18 2249 89 2312 uessa,
100 2236 277 2314 Bromiaeus,
288 2237 435 2317 Daphusa,
452 2237 637 2316 Chimarone,
652 2238 802 2316 Athamas,
817 2238 975 2317 Stephane.
1003 2313 1007 2320 Ι

18 2315 156 2382 hldessalia
170 2321 324 2402 XXXHH,
342 2341 464 2403 quorum
485 2324 658 2384 nobilissimi
676 2321 820 2401 Cercetii,
838 2322 976 2402 Olympus
995 2336 1030 2389 30

13 2397 95 2482 diarius,
109 2405 188 2485 Ossa,
205 2408 290 2467 cuius
309 2427 348 2468 ex
363 2407 488 2470 aduerso
504 2407 610 2468 Pindus
627 2417 657 2469 et
669 2407 777 2485 Othrys
793 2407 978 2487 Lapitharum

18 2486 76 2564 uades,
95 2489 120 2550 hi
139 2491 172 2552 ad
196 2510 333 2552 occasum
353 2501 531 2570 vergentes,
554 2491 589 2554 ad
612 2501 712 2554 ortuus
735 2491 858 2569 Pelius,¹
876 2510 977 2552 omnes

18 2568 103 2634 theatrali
116 2576 197 2636 modo
214 2575 329 2652 inllexi,
346 2579 474 2638 caveatis
490 2585 557 2638 ante
575 2595 628 2637 eos
640 2575 746 2638 LXXV
759 2576 888 2638 urbibus.
911 2577 978 2636 Plu·

19 2655 59 2714 tin
73 2657 229 2722 Thessaliae
248 2661 417 2739 Apidanus,
440 2659 588 2738 Phoenix,
614 2661 762 2740 Enipeus,
789 2659 977 2737 Onochonos,

19 2733 131 2804 hnmisus.
152 2745 219 2806 lons
235 2744 375 2809 blesseis.
399 2747 482 2811 lacus¹
494 2746 633 2806 boebeis.
656 2755 686 2806 et
702 2754 768 2806 ante
785 2753 904 2805 cunctos
920 2743 977 2805 ola-

14 2824 172 2890 ritatePenius
191 2839 275 2892 ortus
299 2835 378 2892 iuxta
394 2830 542 2910 Gomphos
564 2833 700 2910 interque
715 2828 817 2890 Ossam
836 2837 866 2890 et
883 2828 979 2906 Olym·

22 2921 201 2980 ttunemorosa
217 2915 354 2976 convalle
369 2915 500 2976 delluens
518 2914 544 2975 D
560 2914 673 2990 stadiis,
690 2914 806 2975 dimidio
824 2915 887 2974 eius
903 2915 978 2992 spati

22 2995 146 3069 nuigahilis.
179 3003 210 3060 in
236 3017 273 3060 eo
295 3019 380 3060 cursu
400 2999 511 3080 Tempe
532 3007 639 3060 vocant
659 2997 687 3058 V
707 2998 815 3058 milium
842 3016 980 3076 passuum
997 3008 1033 3062 31

22 3070 147 3170 largitudine
168 3093 198 3145 et
219 3085 313 3146 ferme
335 3086 532 3162 sesquiiugeri
555 3083 706 3144 latitudine
724 3082 799 3143 ultra
818 3085 911 3142 visum
928 3081 979 3143 ho·

21 3165 67 3250 uuis
79 3167 269 3230 attollentibus
285 3189 319 3231 se
335 3169 438 3230 dextra
454 3169 596 3248 laevaque
612 3167 719 3230 leuiter
735 3169 882 3246 convexis
893 3168 978 3246 iugis.

22 3251 64 3303 nus
82 3267 124 3310 sua
143 3252 206 3314 luce
227 3253 372 3314 uiridante
395 3255 448 3315 hac
468 3253 575 3328 labitur
594 3251 700 3314 Penius
728 3253 829 3312 viridis
855 3251 980 3329 calculo,

22 3343 111 3420 moruus
127 3340 199 3399 circa
217 3339 296 3417 ripas
314 3341 462 3416 gramine,
486 3355 610 3399 canorus
629 3339 723 3398 avium
745 3346 899 3398 concentu.
933 3354 978 3394 ac-

24 3415 63 3486 htit
73 3434 164 3482 amnem
180 3422 315 3500 Horcon,
332 3442 387 3485 nec
401 3425 524 3502 recipit,
545 3423 599 3483 sed
614 3421 673 3483 olei
688 3421 775 3482 modo
791 3429 980 3502 supernatan-
1019 3495 1022 3500 ⁸

25 3499 65 3556 hu.
79 3511 102 3560 ut
119 3505 215 3568 dictum
239 3518 284 3568 est
304 3507 452 3588 Homero,
477 3506 561 3569 brevi
583 3508 678 3588 spatio
700 3515 844 3586 portatum
865 3504 980 3565 abdicat

62 3617 122 3658 rturr
137 3623 195 3660 uun.
214 3626 287 3662 mrsu.
307 3611 329 3663 1.
738 3591 775 3652 ll
