2392 3946
130 96 197 160 418
485 97 514 153 Ο.
533 97 631 152 PLINI
651 97 809 153 SECUNDI

130 248 161 307 iu
181 252 308 325 utraque
326 245 475 308 latifoliae.
511 249 543 307 in
562 245 691 308 silvestri
709 249 831 327 propria
848 249 1063 328 oxymyrsine,
1085 250 1150 308 sati·

130 353 234 396 varum
264 353 375 414 genera
404 337 524 415 topiarii
553 336 666 396 faciunt
696 335 887 398 Tarentinam
919 336 992 398 lolio
1025 339 1153 418 minuto,

130 431 295 485 nostratem
316 424 431 505 patulo,
462 424 664 485 hexasticham
686 425 876 507 densissimo,
899 428 982 487 senis
1011 425 1154 487 foliornm

131 511 276 574 versibus:
321 513 394 573 haec
418 532 478 574 non
501 515 601 574 estin
624 531 695 596 usu,
722 533 840 575 ramosa
866 519 971 596 utique
1000 517 1033 576 in
1060 515 1154 576 Itaha.

80 608 131 659 123
142 601 327 682 coniugalem
351 604 487 664 existimo
511 621 591 664 nunc
614 611 780 666 nostratem
801 603 869 666 dici
905 612 1023 686 myrtus
1048 605 1178 666 odora-⁵

130 693 245 752 1111111111
271 691 412 772 Aegypto.
465 690 550 752 Cato
578 691 681 754 docuit
709 694 906 755 vinumfieri
936 713 952 754 e
980 696 1070 773 nigra
1100 697 1156 754 sic·

130 787 195 842 eata
214 799 310 859 usque
333 781 364 840 in
384 781 551 842 ariditatem
572 775 606 842 in
624 781 730 844 umbra
748 791 838 862 atque
860 785 901 844 ita
923 790 1024 844 musto
1049 783 1158 844 indita

130 871 239 930 sinon
266 871 419 931 siccentur
445 869 549 953 bacae,
581 871 679 932 oleum
703 873 792 951 gigni.
836 879 939 957 postea
962 880 1158 952 compertum

130 965 162 1018 et
180 975 217 1018 er
235 956 300 1018 alba
317 960 419 1020 vinum
438 959 504 1020 lieri
522 959 631 1042 album,
654 959 772 1022 duobus
791 963 928 1022 sextariis
950 963 1042 1040 myrti
1068 967 1156 1022 tusae

128 1048 161 1108 iu
188 1048 249 1108 vini
277 1045 373 1108 tribus
400 1047 528 1109 heminis
554 1056 720 1110 maceratae
748 1067 974 1129 expressaeque.
1020 1049 1095 1110 folia
1125 1059 1156 1108 et
1170 1063 1189 1101 ιο

128 1154 184 1214 por
207 1155 240 1196 se
263 1139 414 1197 siccantur
441 1139 474 1198 in
498 1137 623 1198 farinam
651 1137 687 1198 ad
710 1137 847 1199 ulcerum
868 1138 1001 1198 remedia
1027 1139 1062 1197 in
1086 1155 1156 1198 cor-

128 1243 202 1304 pore
233 1224 363 1286 humano
394 1225 503 1286 leniter
540 1226 672 1288 mordaci
707 1227 829 1306 pulvere
865 1245 899 1286 ac
935 1227 1157 1306 refrigerandis

77 1320 129 1370 124
139 1313 307 1375 sudoribus.
353 1316 426 1393 quin
449 1317 539 1375 immo
563 1315 628 1376 oleo
652 1333 785 1397 quoque,
812 1318 923 1377 mirum
945 1316 1042 1398 dictu,
1072 1318 1155 1376 inest

131 1403 251 1481 quidam
277 1405 339 1463 vini
362 1421 450 1483 sapor
474 1404 622 1484 simulque
645 1407 765 1484 pinguis
792 1405 904 1486 liquor,
931 1407 1095 1484 praecipua
1123 1408 1155 1464 vi

129 1491 165 1552 ad
195 1492 370 1572 corrigenda
398 1494 465 1553 vina
493 1495 587 1554 saccis
615 1501 683 1554 ante
710 1494 849 1573 perfusis.
898 1497 1011 1554 retinet
1035 1495 1153 1573 quippe
1169 1508 1189 1546 1⁵

129 1580 252 1663 faecem,
274 1599 330 1641 nec
353 1589 474 1660 praeter
495 1600 607 1661 purum
628 1581 776 1661 liquorem
799 1585 932 1643 transire·
949 1584 1063 1662 patitur
1086 1581 1152 1642 tlat-

131 1689 189 1749 que
213 1689 245 1730 se
260 1673 409 1732 comitem
427 1673 588 1750 praecipua
611 1671 867 1732 commendatione
890 1670 1011 1750 liquato.
1047 1673 1151 1750 virgae

130 1778 250 1839 quoque
269 1761 335 1820 eius
353 1767 484 1838 gestatae
503 1758 591 1821 modo
610 1761 715 1820 viatori
733 1767 861 1840 prosunt
878 1762 910 1820 in
927 1759 1016 1839 longo
1038 1761 1149 1822 itinere

129 1849 233 1928 pediti.
278 1850 350 1926 quin
374 1856 405 1910 et
427 1850 520 1928 virgei
543 1848 624 1909 anuli
652 1855 790 1929 expertes
818 1849 891 1909 ferri
907 1851 1079 1928 inguinum
1103 1857 1146 1909 tu-

130 1939 207 1997 mori
229 1936 396 1998 medentur.
1161 1953 1183 1990 ²⁰

78 2031 129 2082 125
198 2018 273 2108 (38)
296 2025 415 2086 bellicis
433 2044 553 2106 quoque
572 2044 604 2086 se
628 2025 720 2088 rebus
742 2028 878 2108 inseruit,
899 2025 1150 2106 triumphansque

131 2113 168 2174 de
194 2113 311 2174 Sabinis
334 2113 366 2174 P.
390 2114 562 2176 Postumius
586 2114 738 2176 Tubertus
761 2117 792 2175 in
815 2115 984 2196 consulatu,
1012 2117 1069 2194 qni
1093 2119 1148 2196 pn'-

129 2221 197 2263 mus
225 2203 359 2262 omnium
386 2221 477 2264 ovans
506 2205 660 2283 ingressus
689 2204 796 2266 urbem
825 2212 883 2286 est,
916 2206 1060 2282 quoniam
1089 2223 1150 2265 rem

129 2290 237 2352 leniter
261 2291 325 2350 sine
349 2309 457 2352 cruore
481 2300 614 2371 gesserat
641 2300 738 2373 myrto
762 2292 886 2353 Veneris
908 2294 1040 2353 victricis
1067 2313 1150 2354 coro-

130 2387 218 2441 natus
240 2381 364 2440 incessit
386 2381 605 2462 optabilemque
628 2377 767 2442 arborem
795 2383 884 2442 etiam
907 2380 1045 2442 hostibus
1071 2383 1150 2442 fecit.
1163 2397 1184 2435 2⁵

129 2469 203 2530 haee
225 2476 329 2549 postea
352 2472 502 2532 ovantium
525 2471 582 2530 fuit
605 2489 715 2531 corona
738 2478 863 2550 excepto
886 2469 923 2530 M.
947 2469 1076 2552 Crasso,
1100 2473 1150 2550 qni

79 2567 129 2616 126
141 2559 178 2636 tle
207 2559 338 2638 fugitivis
365 2567 396 2620 et
419 2558 560 2639 Spartaco
588 2559 689 2620 laurea
716 2566 876 2620 coronatus
903 2561 1035 2620 incessit.
1083 2559 1149 2620 hla-

131 2648 254 2730 surius
284 2654 389 2708 auctor
416 2655 471 2709 ,est
500 2665 591 2709 curru
626 2666 746 2727 quoqne
781 2647 999 2727 triumphantes
1033 2657 1150 2728 myrtea

203 2863 217 2910 1
236 2854 360 2910 latifolia
377 2873 403 2909 a.
435 2854 479 2909 -lii
497 2859 522 2908 d.
629 2861 645 2908 3
664 2855 859 2912 hexasticham
875 2856 935 2912 cod.
950 2855 1088 2910 Salmoatt.
1103 2871 1150 2923 ap.

131 2927 312 2982 Pintlfarol.
346 2925 500 2981 exasticam
513 2931 582 2980 Dae.
616 2942 650 2980 ex
668 2925 757 2980 africa
774 2931 824 2980 dr.
857 2926 998 2982 exoticam
1016 2927 1150 2981 caiana

129 2999 222 3054 Hand.
248 2999 252 3065 Ι
277 2998 350 3052 senis
368 2996 468 3050 lt²d²aa
495 2995 609 3050 seminis
626 3014 650 3050 r.
727 3003 856 3052 4ramos
875 2997 913 3052 ι’.
940 3013 1064 3052 sammon
1083 2997 1147 3066 cll

129 3071 225 3139 ubique
249 3069 280 3122 in
297 3069 381 3123 Italia
399 3067 540 3123 contribit.
573 3069 659 3136 utque
677 3068 707 3122 in
725 3068 804 3124 helia
828 3069 900 3138 (alia
918 3070 949 3136 d)
967 3073 1040 3124 Ded.
1072 3069 1147 3122 utra·

130 3159 184 3214 quq
203 3141 234 3194 in
252 3140 341 3194 alie..
361 3159 385 3194 a.
413 3141 532 3208 utraque
546 3139 604 3193 alia
616 3156 641 3195 c.
669 3140 967 3208 utquaeminusalta
980 3141 1074 3194 Iam
1087 3140 1144 3194 coll.

132 3230 265 3298 ilreophr.
280 3245 302 3282 c.
312 3230 353 3297 pl.
366 3231 409 3280 V!
413 3233 458 3294 18,
468 3234 495 3284 9.
523 3245 561 3282 aa
575 3230 660 3297 etque
677 3245 734 3283 non
753 3209 800 3298 (h)
819 3227 899 3282 alta?
973 3234 988 3282 l
1006 3227 1099 3282 rnnlso
1115 3227 1145 3278 ι’

130 3299 360 3355 emanatione.
434 3304 466 3352 11
482 3298 603 3352 ferinam
617 3300 754 3356 oed.Bas.
783 3299 1074 3355 manducabiles.

131 3373 164 3420 l‘l
182 3367 322 3434 liquatum
339 3368 382 3420 Ν.
411 3385 503 3422 -arum
521 3371 583 3423 1l¹c.
671 3377 704 3428 18
721 3371 807 3426 modo
826 3368 1139 3426 ll.edd.otttcBas.Ssll.

129 3453 214 3489 manu
233 3437 349 3492 ed.Bos.
374 3439 425 3504 cfr.
445 3439 503 3493 Url.
517 3441 593 3494 oenc.
607 3457 635 3506 aa.
650 3445 716 3496 253.
744 3458 784 3496 cn
799 3442 831 3495 in
849 3440 919 3496 ore?
942 3442 992 3508 cfr.
1006 3443 1094 3492 XXV
1102 3445 1139 3493 82

132 3510 201 3558 eote.
274 3508 873 3580 221³.n1)ett.oo.ro.tp0situmiuss.
947 3517 1033 3567 27.ἳὸ
1051 3527 1137 3563 masn-

129 3571 186 3626 rius
205 3574 318 3630 dHard.
346 3579 396 3642 cfr.
411 3579 495 3632 index
510 3581 582 3636 libai.
610 3598 698 3635 mass·
716 3584 801 3638 redd.
812 3583 976 3638 antellami.
