2408 3934
156 218 218 283 114
505 229 534 280 c.
558 231 654 280 rursu
676 229 823 280 saeuum

110 397 162 448 215
179 387 334 469 lllultiplex
350 388 512 450 etiamnunc
523 387 631 450 lunaris
643 387 825 464 differentia,
837 388 1019 468 primumque
1034 385 1166 466 septenis

155 473 275 551 dicbus,
291 475 400 553 quippe
414 473 519 534 modici
537 491 553 533 a
574 490 651 534 nova
669 473 704 534 ad
720 471 862 534 dividuam
878 481 997 534 aestuas
1013 471 1165 550 pleniores

155 559 192 618 ab
213 576 247 619 ea
269 558 414 619 exundant
437 557 579 638 plenaqae
602 559 726 620 maxime
748 558 873 619 fervent.
910 557 979 618 inde
999 558 1164 630 mitescunt,

155 661 242 724 pares
257 644 293 704 ad
309 645 460 723 septimam
475 643 593 721 primis,
609 643 772 722 iterumque
796 643 854 703 alio
870 642 965 703 latere
988 640 1106 703 dividua
1120 657 1163 700 au·

155 737 269 806 gantur.
292 729 323 788 in
338 729 417 788 coitu
436 727 508 788 solis
526 745 614 808 pares
628 726 744 807 plenae.
773 728 875 789 cadem
896 728 926 788 in
940 725 1089 806 aquilonia
1106 733 1135 784 et
1150 743 1182 783 as

155 815 244 873 terris
256 813 373 892 longius
386 811 546 873 recedente
557 813 690 873 mitiores
698 830 853 892 quamcum
864 814 894 872 in
905 819 1023 872 austros
1031 809 1163 886 digressa

155 899 298 976 propiore
313 898 379 958 nisu
393 898 451 958 vim
469 915 548 958 suam
563 905 694 959 exercet.
732 914 787 976 per
802 907 927 958 octonos
942 913 1060 976 quoque
1077 912 1163 954 annos

157 981 193 1042 ad
205 983 348 1062 principia
363 990 478 1044 motuus
501 990 532 1043 et
549 983 629 1061 paria
645 985 823 1044 incrementa
838 983 999 1043 centesimo
1016 980 1104 1040 lunae
1121 999 1162 1039 re·

156 1075 297 1127 vocantur
309 1067 416 1128 ambitu
428 1075 554 1146 augente
570 1085 606 1128 ea
621 1074 734 1146 ennete,
747 1065 819 1128 solis
831 1067 933 1128 annuis
945 1067 1042 1128 causis
1054 1064 1163 1124 duobus

158 1152 351 1230 aequinoctiis
371 1153 493 1213 maxime
517 1161 679 1230 tumentes,
707 1160 738 1213 et
758 1151 913 1214 autumnali
937 1150 1059 1230 amplius
1085 1167 1189 1228 quana

113 1242 166 1296 216
181 1254 292 1316 verno,
307 1238 408 1299 inanes
423 1253 496 1297 vero
514 1237 614 1298 bruma
630 1244 660 1298 et
674 1238 766 1316 magis
781 1235 921 1298 solstitio.
958 1253 1013 1298 nec
1027 1243 1123 1294 tamen
1137 1236 1161 1292 in

156 1321 230 1400 ipsis
249 1339 322 1400 quos
340 1322 399 1382 dixi
424 1330 586 1401 temporum
606 1321 752 1401 articulis,
771 1321 825 1384 sed
845 1322 944 1402 paucis
965 1327 1035 1400 post
1050 1319 1160 1393 diebus,

157 1408 242 1465 sicuti
257 1423 354 1484 neque
369 1407 399 1466 in
413 1404 500 1485 plena
516 1415 564 1466 aut
579 1406 749 1487 novissima,
760 1407 814 1468 scd
828 1414 945 1486 postea,
960 1423 1016 1466 nec
1028 1405 1123 1465 statim
1133 1409 1161 1461 ut

157 1489 253 1550 lunam
266 1490 385 1552 mundus
402 1491 536 1552 ostendat
552 1491 719 1552 occultetve
742 1499 790 1552 aut
809 1491 904 1552 media
923 1489 1010 1570 plaga
1026 1488 1160 1564 declinet,

157 1591 258 1634 verum
268 1575 334 1636 iere
346 1575 455 1636 duabus
466 1574 547 1636 boris
560 1575 823 1654 aequinoctialibus
835 1577 942 1653 serius,
951 1575 1080 1636 tardiore
1093 1591 1183 1634 sem-s

157 1676 212 1738 per
230 1659 266 1720 ad
280 1669 374 1722 terras
393 1661 517 1721 omnium
533 1679 608 1740 quae
623 1669 765 1739 geruntur
778 1662 808 1722 in
823 1660 906 1722 eaelo
919 1659 1026 1722 ellectu
1041 1658 1158 1720 cadente

113 1751 261 1823 aliquam
280 1745 356 1824 visu,
376 1746 461 1806 sicuti
477 1745 601 1824 fulguris
616 1755 647 1806 et
661 1747 807 1807 tonitruus
822 1753 853 1806 ct
867 1745 1023 1806 fulminum.
1057 1743 1158 1804 Omnes

157 1838 252 1890 autem
273 1839 393 1891 aestuas
416 1831 446 1890 in
469 1847 580 1891 oceano
603 1832 712 1891 maiora
736 1834 870 1909 integunt
891 1831 984 1911 spatia
1001 1828 1158 1907 nudantque

157 1933 241 1994 quam
255 1916 285 1976 in
306 1915 420 1994 reliquo
436 1917 523 1993 mari,
538 1916 602 1976 sive
621 1916 687 1994 quia
701 1916 732 1975 in
747 1923 841 1976 totum
853 1916 1044 1975 universitate
1058 1915 1158 1974 anino·

157 2002 217 2059 sius
235 2018 319 2078 quam
339 2009 423 2078 parte
440 2008 503 2076 est,
520 2001 583 2060 sive
598 2002 665 2079 quia
686 1999 851 2078 magnitudo
869 2008 972 2080 aperta
987 1999 1093 2060 sideris
1107 1999 1181 2056 vinu

156 2083 222 2143 laxe
240 2085 401 2161 grassantis
417 2084 565 2144 efficacius
577 2087 679 2162 sentit,
698 2084 818 2146 eandem
833 2087 976 2163 angustiis
987 2083 1156 2146 arcentibus.

156 2186 211 2246 qua
229 2168 265 2228 de
282 2185 368 2229 eausa
385 2186 440 2228 nec
458 2168 624 2230 lacuusneo
635 2187 733 2230 amnes
746 2168 880 2230 similiter
894 2178 1057 2230 moventur.
1080 2175 1154 2228 octo-

155 2253 240 2329 genis
260 2251 366 2313 oubitis
384 2271 472 2332 supra
489 2251 665 2314 Britanniam
686 2257 882 2314 intumescere
904 2263 1023 2315 aesinus
1039 2253 1156 2330 Pytheas
1200 2327 1201 2332 η

154 2335 349 2398 Massiliensis
369 2347 541 2398 auctorest.
565 2347 595 2400 et
609 2340 750 2400 interiora
766 2347 861 2399 autern
880 2341 969 2400 maria
985 2340 1072 2399 terris
1089 2337 1156 2398 clau·

111 2428 163 2480 218
180 2421 284 2482 duntur
298 2430 330 2482 ut
344 2432 440 2502 portu.
459 2423 628 2502 quibusdam
644 2432 739 2484 tamen
752 2424 781 2482 in
792 2422 866 2484 locis
883 2426 1043 2503 spatiosior
1058 2423 1155 2483 laxitas
1163 2435 1180 2474 u

155 2505 262 2566 dicioni
287 2515 387 2586 paret,
408 2516 511 2586 utpote
532 2526 594 2568 oum
616 2507 699 2588 plura
719 2508 853 2587 exempla
876 2512 933 2569 sint
956 2507 1154 2586 intranquille

153 2593 224 2652 mari
241 2591 381 2672 nulloque
398 2592 531 2653 velorum
549 2593 633 2671 pulsu
649 2594 738 2654 tertio
752 2592 801 2654 die
814 2611 852 2653 ex
864 2593 947 2656 ltalia
959 2603 1155 2675 pervectorum
1199 2605 1200 2608 ’

154 2673 267 2737 Uticam
282 2686 366 2738 aestu
376 2678 522 2738 fervente.
547 2674 630 2737 Circa
642 2677 729 2739 litora
745 2685 841 2738 autem
854 2680 946 2758 magis
961 2696 1045 2758 quam
1058 2680 1088 2738 in
1103 2677 1153 2736 alto

153 2760 411 2840 deprehenduntur
431 2762 460 2822 hi
480 2770 613 2839 mutuus,
629 2764 764 2842 quoniam
786 2770 816 2823 et
833 2764 863 2824 iu
885 2781 1014 2844 corpore
1034 2771 1154 2824 extrema

153 2846 268 2924 pulsum
278 2864 428 2923 venarum,
437 2847 466 2906 id
481 2856 527 2908 est
541 2847 692 2925 spirituus,
704 2847 796 2924 magis
809 2851 946 2910 sentiunt.
967 2851 997 2909 in
1013 2849 1176 2929 plerisqucu

154 2938 250 2990 tamen
265 2933 421 2991 aestuariis
443 2939 566 3010 propter
582 2930 717 3011 dispares
732 2931 860 2992 siderum
882 2936 912 2994 in
932 2952 1050 3014 quoque
1071 2940 1153 2994 tractu

154 3023 295 3076 exortuus
311 3014 421 3076 diversi
453 3017 582 3074 existunt
595 3024 714 3077 aestuas
730 3024 876 3098 tempore,
891 3036 950 3080 non
966 3020 1091 3094 ratione,
1106 3017 1153 3078 dis·

148 3099 276 3182 cordes,
294 3100 368 3158 sicut
383 3101 413 3160 in
427 3098 571 3177 Syrtibus.

107 3189 161 3242 219
226 3181 330 3264 (100.)
358 3182 396 3244 Et
419 3184 597 3263 quorundam
617 3195 712 3248 tamen
735 3191 847 3268 privata
868 3197 970 3252 natura
993 3199 1057 3270 est,
1081 3188 1154 3250 velut

154 3267 387 3328 Tauromenitani
413 3270 506 3348 euripi
530 3273 648 3352 saepius
672 3281 702 3333 et
718 3275 747 3333 in
763 3273 887 3336 Euboea
907 3279 1042 3355 septiens
1062 3274 1108 3336 die
1127 3291 1174 3332 aaa

152 3361 240 3412 nocte
255 3355 478 3432 reciprocantis.
516 3355 592 3416 idem
607 3368 705 3419 aestus
727 3359 823 3420 triduo
844 3366 996 3422 inmense
1018 3360 1153 3432 consistit,

147 3437 277 3515 septima
298 3446 400 3498 octava
416 3455 549 3517 nonaque
571 3441 644 3502 luna.
684 3440 808 3504 Gadibus
826 3446 874 3524 qui
890 3454 936 3506 est
953 3445 1075 3506 delubro
1091 3442 1153 3502 ller-

149 3520 225 3583 culis
242 3523 391 3600 proximus
407 3521 472 3584 lons
491 3524 618 3587 inclusus
636 3527 671 3587 ad
686 3529 766 3607 putei
781 3529 895 3590 modum
914 3528 985 3590 alias
1002 3529 1084 3592 simul
1099 3544 1153 3588 cum
1196 3529 1197 3546 ³
