2302 3938
145 193 206 258 tto
494 204 524 252 c.
549 205 643 252 rnrmr
663 201 814 254 sncnmnr
870 217 872 224 ·

145 364 181 424 lis
204 366 282 424 inter
305 381 339 423 se
360 362 598 437 concucurrisse,
628 361 762 438 qnoniam
784 377 875 439 parvo
901 359 1040 420 discretae
1058 360 1126 420 inter·

144 448 223 508 vallo
241 465 280 508 ex
294 448 420 510 adverso
435 445 607 505 intrantibus
622 447 755 521 geminae
772 443 966 506 cernebantur
981 443 1126 522 paulumque

145 532 260 593 deflexa
277 533 340 592 acie
361 531 526 592 coeuntium
549 531 679 608 speciem
698 530 890 606 praebebant.
924 527 1001 590 Citra
1015 527 1127 602 Histrum,

145 616 398 696 Apolloniatarum
413 633 467 674 una
484 613 592 678 LXXX
606 613 635 674 Μ
650 631 667 673 a
681 612 817 692 Bosporo
834 613 973 690 Thracio,
993 632 1029 674 ex
1041 631 1087 690 qua
1100 611 1126 670 hh

146 701 281 762 Lucullus
304 697 498 779 Capitolinum
519 692 688 776 Apollinem
712 699 837 759 advexit.
874 700 951 759 inter
972 699 1043 758 ostia
1059 695 1128 754 Histri

95 766 133 870 9³3⁰
149 803 222 863 quae
244 793 345 846 essent
363 784 496 844 diximus.
532 783 610 842 Ante
628 781 834 857 Borysthenen
848 782 982 843 Achillen
1003 790 1045 842 est
1064 797 1130 858 snpra

110 905 134 939 ss
147 871 238 944 dicta,
266 868 367 930 eadem
388 867 484 928 Leuce
513 877 542 928 et
562 867 699 928 Macaron
720 867 885 947 appellata·
905 867 978 928 hone
996 876 1130 944 temporum

147 954 248 1014 horum
273 948 483 1014 demonstratio
510 949 731 1025 aBorysthene
760 950 834 1012 CXL
855 952 884 1012 bt
912 954 1012 1030 ponit,
1042 949 1132 1024 adpro

148 1035 228 1098 CXX
248 1037 294 1115 bl,
322 1056 338 1098 n
358 1037 455 1098 Peuce
472 1036 565 1097 insula
582 1035 604 1096 L
624 1033 661 1094 Μ.
699 1037 824 1114 cingitur
846 1038 963 1097 circiter
984 1036 1011 1096 X
1028 1035 1055 1095 th
1073 1052 1131 1111 pass.

146 1121 290 1200 Reliquae
306 1123 336 1182 in
353 1119 500 1197 Carcinite
517 1123 581 1183 sinu
597 1117 855 1198 Cephalonuesos‚
880 1120 1032 1200 Spodusa,
1048 1119 1130 1179 blatra.

146 1205 214 1266 Non
236 1216 282 1267 est
303 1206 461 1267 omittenda
484 1205 638 1266 multorum
654 1206 770 1282 opimio,
796 1208 962 1284 priusquam
983 1203 1132 1282 digredimur

147 1309 164 1350 a
196 1290 308 1367 Ponto,
345 1293 392 1369 qui
428 1293 517 1351 maria
551 1289 645 1349 omnia
680 1289 822 1350 interiora
855 1289 906 1350 illo
938 1292 1033 1369 capite
1064 1287 1132 1360 nasci,

139 1393 205 1439 ‚aron
233 1375 373 1436 Gaditano
405 1375 502 1452 ireto,
536 1375 744 1435 existimavere
769 1375 838 1436 bant
868 1373 1044 1452 improbabili
1071 1389 1134 1447 argu·

147 1469 264 1539 mento,
286 1460 420 1538 quoniam
442 1467 540 1520 aestus
556 1475 673 1536 semper
692 1478 709 1519 e
726 1459 820 1525 Ponto
838 1458 988 1538 profluens
1010 1473 1134 1536 numquam

148 1545 323 1623 reciprocet.
1008 1561 1012 1570 ’

96 1627 132 1682 94
212 1627 382 1690 Exeundum
398 1627 502 1690 deinde
521 1640 577 1707 est,
593 1639 624 1690 ut
641 1639 744 1692 extera
758 1621 896 1708 Europae
910 1629 1051 1707 dicantur,
1066 1637 1135 1687 trans·

149 1716 321 1793 gressisque
341 1711 472 1793 Ripaeos
500 1723 615 1774 montes
641 1714 719 1774 litus¹
738 1716 841 1775 oceani
863 1712 1095 1793 septentrionalis
1117 1712 1136 1768 ln

150 1799 251 1878 laeva,
283 1797 378 1858 donec
404 1799 592 1878 perveniatur
618 1797 723 1876 Gadis,
750 1797 915 1875 legendum.
953 1797 1069 1860 insulae
1087 1813 1137 1856 con·

151 1883 250 1962 plures
275 1885 338 1944 sime
365 1883 529 1944 nominibus
555 1901 593 1944 eo
625 1885 682 1944 situ
708 1881 873 1960 traduntur,
894 1901 936 1951 ,ex
960 1879 1065 1962 quibus
1087 1887 1137 1940 ante

150 1967 296 2042 Scythiam
318 1965 569 2046 quae'appellatur
584 1967 731 2028 Baunonia
752 1986 837 2028 uuam
857 1968 963 2028 abesse
988 1969 1046 2029 diei
1063 1983 1130 2026 cursu

149 2054 180 2112 in
201 2068 284 2129 quam
304 2054 383 2111 veris
399 2061 532 2129 tempore
554 2052 688 2113 fluctibus
707 2052 850 2126 electrum
869 2045 1009 2128 eiciatur,
1029 2051 1127 2112 Timaea

150 2135 288 2215 prodidit.
320 2136 433 2214 reliqua
449 2135 536 2197 litora
551 2139 663 2198 incerta
678 2139 792 2215 signata
806 2137 889 2199 fama.
920 2134 1127 2216 septentrionali

152 2237 288 2280 oceanus.
323 2219 502 2280 Amalchium
523 2241 588 2283 eum
607 2221 769 2282 Hecataeus
793 2222 922 2302 appellat
945 2240 962 2283 a
985 2221 1135 2300 Parapanis

72 2378 75 2383 .
153 2322 253 2380 amne,
277 2323 333 2384 qua
354 2303 500 2382 Scythiam
521 2307 626 2383 adluit,
648 2307 726 2384 quod
746 2323 853 2368 nomem
869 2308 932 2369 eius
947 2309 1047 2385 gentis
1065 2307 1135 2382 linga

152 2389 295 2465 significat
311 2389 504 2467 congelatum.
534 2389 685 2450 Philemon
699 2389 918 2452 Morimarusnm
936 2410 952 2452 a
970 2390 1092 2452 Cimbris
1105 2405 1133 2448 vo

152 2473 230 2550 cari,
250 2473 308 2534 hoc
329 2483 375 2536 est
395 2483 537 2534 mortuum
552 2493 647 2554 marc,
666 2493 760 2554 usque
782 2475 818 2536 ad
839 2479 1067 2554 promunturium
1086 2473 1133 2532 itm

152 2555 241 2634 beas,
265 2557 340 2618 ultra
361 2557 466 2618 deinde
488 2557 634 2620 Cronium.
679 2557 846 2638 Xenophon
862 2559 1075 2640 Lampsacenus
1093 2557 1134 2618 ali

74 2647 79 2654 “
152 2649 219 2702 torc
247 2640 417 2718 Scytharum
442 2643 528 2704 tridui
555 2645 740 2721 navigatione
766 2645 889 2704 insulam
917 2665 987 2706 esse
1014 2649 1138 2706 immensa

151 2727 354 2802 magnitudinis
369 2726 495 2788 Balciam
514 2727 616 2806 tradit,
637 2728 757 2789 eandem
771 2727 896 2806 Pytheas
915 2729 1055 2792 Basiliam
1073 2727 1135 2790 nomi

152 2817 211 2868 nat.
236 2810 382 2872 Feruntur
396 2820 426 2872 et
441 2809 561 2873 Oeonae
577 2814 686 2892 inquis
699 2814 762 2874 ovis
777 2815 872 2874 avium
887 2823 916 2875 et
928 2817 1033 2876 arenis
1049 2812 1138 2875 incola

152 2891 266 2971 vivant,
293 2895 368 2956 aliae
389 2898 419 2956 in
444 2897 548 2974 quibus
572 2898 684 2976 equinis
706 2897 829 2976 pedibus
850 2897 983 2960 homines
1009 2905 1135 2961 nascantu

152 2972 343 3056 Hippopodes
376 2981 525 3060 appellati.
569 2981 757 3042 Fanesiorum
787 2981 862 3044 aliae
891 2985 921 3044 in
954 2985 1061 3063 quibus
1088 2981 1133 3042 nud

154 3059 260 3138 alioqui
285 3081 410 3142 corpora
430 3064 629 3143 praegrandes
650 3067 780 3145 ipsorum
800 3085 887 3129 aures
909 3077 971 3128 tota
994 3079 1138 3146 contegar

100 3140 137 3196 Bb
153 3141 255 3222 Incipit
272 3147 339 3208 inde
358 3149 464 3208 clarior
484 3151 592 3228 aperiri
611 3151 686 3211 fama
706 3151 741 3212 ab
762 3161 852 3228 gente
872 3151 1074 3230 Inguaeonum
1089 3171 1134 3232 qua

155 3233 201 3324 eqt
224 3229 292 3290 inde
316 3234 407 3310 prima
424 3231 602 3298 Germaniae.
652 3235 737 3298 Mons
763 3235 841 3296 Sero
869 3237 910 3296 ibi
936 3239 1084 3300 inmensus
1106 3255 1135 3294 ne

153 3308 273 3390 Ripaeis
289 3317 365 3394 iugis
381 3317 475 3377 minor
494 3319 635 3381 inmanem
655 3320 691 3381 ad
713 3317 895 3382 Cimbrorum
914 3340 1005 3400 usque
1028 3341 1125 3402 promo

154 3398 258 3458 tarium
284 3401 374 3465 eflicit
400 3403 508 3481 sinum,
532 3407 580 3484 qui
598 3403 732 3466 Codanus
758 3413 879 3464 vocatur
904 3405 1033 3468 refertus
1060 3405 1135 3466 insnli

152 3485 270 3557 quarum
295 3485 454 3548 clarissima
480 3497 526 3549 est
550 3485 713 3551 Scatinauia
731 3489 922 3569 inconpertae
946 3491 1127 3572 magnitudini

313 3591 331 3624 Φ
