2340 3934
170 181 214 246 52
518 179 548 234 c.
566 177 666 233 rnnu
685 143 844 233 suenum

169 333 252 394 cedia
273 331 405 411 Lycaon,
434 329 576 390 funebres
598 329 724 390 Acastus
746 327 840 410 lolco,
870 335 939 409 post
961 348 1028 390 eum
1047 329 1151 390 Theseus

168 425 201 484 in
223 421 350 502 Isthmo,
379 419 525 480 Hercules
550 418 716 500 Olympiae,
746 417 916 480 athleticam
942 418 1062 502 Pythus,
1087 417 1151 498 pilan

168 511 312 572 lusoriam
338 509 435 590 Gyges
461 507 573 590 Lydus,
605 512 754 589 picturam
781 507 918 588 Aegyptii
947 517 977 570 et
1006 511 1036 569 iu
1060 508 1152 568 Graecia

169 599 282 662 lluchir
305 598 424 660 Daedali
446 607 589 678 cognatus
612 605 647 658 ut
668 597 861 658 Aristoteli
883 597 993 680 placet,
1018 607 1050 659 ut
1068 598 1151 658 'lbeo-

169 691 318 771 phrasto
341 689 523 768 Polygnotus
545 687 742 748 Atheniensis.

116 788 169 839 206
237 779 314 839 Nave
338 781 453 858 primus
476 780 508 838 in
532 777 686 838 Graeciam
708 797 746 838 ex
764 781 897 858 Aegypto
921 777 1038 838 Danaus
1060 777 1154 838 advenit

170 877 257 930 autea
287 867 402 928 ratibus
431 866 623 946 navigabatur
652 869 780 942 inventis
810 870 842 927 in
871 870 947 928 mari
976 867 1076 928 Rubro
1101 870 1155 926 inter

169 958 283 1019 insulas
307 977 323 1018 a
341 975 411 1036 rege
430 953 567 1036 Erythra.
596 959 788 1036 reperiuntur
808 959 860 1036 qui
877 957 977 1038 Mysos
997 967 1027 1018 et
1044 957 1155 1016 Troianos

92 1076 94 1080 ·
169 1050 287 1128 priores
310 1049 494 1126 excogitasse
516 1049 548 1107 in
570 1045 763 1126 Hellesponto
785 1055 906 1130 putent,
934 1067 1005 1108 cum
1026 1049 1149 1110 transiret

171 1137 313 1198 adversus
336 1137 475 1197 Thracas.
514 1138 685 1198 etiamnunc
708 1139 739 1197 in
762 1135 933 1198 Britannico
957 1156 1068 1198 oceano
1088 1136 1156 1196 vitio*

172 1229 253 1288 corio
283 1229 481 1287 circumsutae
510 1226 599 1308 fiunt,
631 1227 663 1286 in
685 1225 752 1286 Nilo
780 1245 816 1286 ex
839 1245 951 1306 papyro
979 1235 1010 1288 et
1034 1229 1120 1306 scirpo
1140 1243 1157 1284 e

119 1323 170 1372 207
180 1316 355 1376 harundine.
385 1315 472 1394 longa
495 1334 568 1378 nave
587 1315 723 1376 lasonem
745 1318 876 1396 primum
899 1319 1053 1396 navigasse
1069 1316 1149 1376 Philo

172 1405 370 1485 stephanus
403 1411 506 1466 auctor
539 1413 598 1486 est,
634 1404 807 1485 Hegesias
838 1404 1014 1487 Parhalum,
1050 1405 1148 1466 Ctesia

173 1495 362 1576 Samiramin,
403 1494 667 1556 Archemachus
703 1497 902 1580 Aegaeonem,
943 1496 1088 1558 biremem
1118 1495 1149 1553 lla

172 1579 305 1646 mastes
327 1583 508 1663 Erythraeos
531 1585 651 1665 fecisse,
683 1586 838 1646 triremem
860 1585 1153 1665 ThucydidesAn'

172 1674 280 1735 neclen
307 1673 508 1756 Corinthium,
545 1674 765 1752 quadriremem
791 1676 1014 1736 Aristoteles
1043 1675 1154 1752 Carthagi

121 1766 318 1845 ananienses,
360 1765 606 1843 quinqueremem
647 1763 864 1842 lli-nesigiton
906 1764 1095 1846 Salaminios,
1131 1783 1155 1811 ν

174 1853 313 1914 ordinum
336 1852 542 1932 Xenagoras
566 1852 753 1934 Syracusios,
783 1853 819 1914 ab
848 1873 882 1914 ea
909 1855 947 1915 ad
972 1855 1157 1916 decem-eno

173 1941 392 2022 Mnesigiton
411 1941 610 2003 Alexandrum
628 1941 780 2024 Magnum,
803 1943 840 2004 ad
858 1958 911 2006 xil
932 1945 1056 2006 ordines
1072 1941 1152 2004 Philo

174 2032 373 2110 stephanus
387 2031 590 2092 Ptolemaeum
605 2031 750 2114 Soterem,
771 2033 808 2093 ad
822 2033 995 2113 quindecim
1009 2035 1129 2096 Demetri
1150 2058 1153 2083 ι

173 2121 326 2202 Antigoni,
359 2120 396 2181 ad
425 2123 547 2200 triginta
576 2120 778 2183 Ptolemaeum
805 2123 1048 2206 Philadelphum,
1078 2125 1111 2184 ad
1139 2135 1157 2173 «ι

173 2209 376 2271 Ptolemaeum
399 2209 618 2290 Philopatorem
642 2213 695 2290 qui
716 2211 858 2292 Tryphon
885 2217 1109 2292 cognominatus
1130 2229 1152 2270 cs

174 2303 340 2362 onerariam
376 2299 492 2380 Hippus
523 2299 631 2380 Tyrius
666 2303 792 2382 invenit,
828 2301 959 2364 lembum
998 2303 1157 2384 Cyreneuse

174 2389 312 2452 cumbam
347 2388 526 2472 Phoenices,
567 2389 693 2452 celetem
728 2389 849 2473 Rhodii,
890 2411 1051 2472 cercyrum
1084 2392 1135 2472 Cyp

121 2487 173 2537 209
184 2479 316 2540 siderum
346 2478 583 2542 observationem
612 2482 643 2540 iu
673 2480 835 2559 navigando
863 2481 1047 2565 Phocaicae,
1077 2501 1156 2543 rem

175 2568 286 2652 Copae,
313 2569 499 2630 latitudinem
527 2571 591 2630 eius
614 2568 761 2651 Plataeae,
789 2570 852 2630 vela
879 2571 995 2654 lcaruS,
1026 2573 1128 2634 malum

175 2668 334 2720 antennam
361 2657 519 2741 DaedaluS,
550 2659 713 2738 hippegum
743 2658 835 2720 Samii
863 2669 914 2722 aut
943 2661 1078 2724 Pericles
1103 2663 1157 2720 Ate

175 2751 302 2830 niensis,
332 2755 426 2809 tectas
453 2747 556 2828 longas
581 2747 695 2829 Thasii,
724 2757 811 2810 antea
837 2767 874 2810 ex
900 2769 991 2831 prora
1019 2760 1157 2814 tantum·

175 2841 269 2919 puppi
290 2837 486 2917 pugnabatur.
531 2845 629 2898 rostra
656 2837 768 2900 addidit
790 2837 912 2900 Pisaeus
934 2841 1077 2926 Tyrreni,
1104 2859 1156 2900 aul

175 2945 240 2988 ram
262 2926 454 3010 Eupalamus,
478 2928 602 2988 eandem
624 2927 776 2990 bidentem
794 2927 984 3013 Anacharsis,
1007 2931 1157 3012 harpago·

176 3023 207 3077 et
242 3035 348 3078 manus
383 3016 515 3078 Pericles
551 3017 754 3100 Atheniensis,
794 3017 971 3082 adminicula
1007 3021 1128 3100 gubern
1154 3046 1157 3067 ·

249 3268 263 3316 1
279 3261 356 3317 Iolco
370 3278 395 3316 c.
414 3261 454 3334 -19
467 3267 498 3316 Β.
519 3263 575 3318 -leo
589 3280 612 3317 r.
635 3263 666 3316 in
679 3262 755 3318 Iolco
770 3261 837 3317 Dal.
860 3281 898 3317 cc
910 3263 1004 3319 Iolci?
1061 3271 1110 3318 23
1125 3263 1152 3316 d'

169 3335 240 3396 ‚Ure
260 3351 326 3388 coac.
342 3334 411 3401 phil.
431 3337 581 3387 LXXVII
592 3351 621 3402 p.
631 3339 695 3389 489.
758 3334 901 3404 2Pyihus
919 3340 943 3389 d.
970 3339 1057 3408 pytus
1075 3337 1112 3388 1³¹.
1135 3351 1149 3402 p

177 3425 226 3462 cus
248 3406 291 3459 ΕΞ.
318 3405 394 3475 pitus
416 3423 439 3460 r.
516 3412 533 3460 3
556 3405 679 3475 aegiptie
701 3405 731 3459 in
752 3411 805 3460 Ed.
835 3407 840 3475 Ι
868 3407 981 3476 graecis
1003 3413 1027 3462 d.
1105 3413 1157 3460 tn

176 3479 252 3532 hirre
270 3481 323 3530 ltu.
406 3476 551 3531 annidies
570 3481 594 3531 d.
622 3477 706 3531 utiles
724 3477 829 3532 west.
857 3477 934 3532 utilis
953 3497 977 3534 r.
1058 3486 1145 3534 lia·-

177 3555 272 3616 myrri.
288 3553 320 3600 R.
349 3564 455 3616 apenos
473 3547 604 3602 miramin
622 3553 646 3601 d.
729 3554 762 3603 tv
785 3549 933 3604 nesicbbon
950 3556 981 3604 R.
1009 3549 1156 3606 nesiclonl

178 3619 268 3672 sieion
286 3619 323 3671 dl.
399 3624 435 3672 24
453 3619 583 3686 cymbam
602 3623 626 3678 d.
655 3620 660 3686 1
690 3626 804 3689 cescyrt'r
822 3622 866 3675 12¹.
943 3629 979 3678 26
997 3623 1078 3678 Plsie
1095 3627 1116 3674 d.

178 3692 213 3739 29
231 3688 378 3754 tyrrhenus
396 3688 470 3758 B(?).
