2390 3938
167 203 230 268 242
514 217 545 267 c.
567 218 663 266 emm
687 219 835 268 securam

169 376 301 435 stantiam
313 391 466 435 mensurae
479 374 633 434 diversitas
647 382 797 434 auctorum
808 375 894 451 iacit,
910 391 974 434 cum
987 373 1145 453 Persaeque

64 463 71 492 ¹
169 479 225 538 que
247 458 393 519 schoenos
417 467 448 518 et
469 476 644 538 parasangas
666 459 713 517 alii
736 458 791 517 alia
814 477 948 518 mensura
975 459 1144 521 determinent.

117 547 166 600 125
180 543 230 603 ubi
256 543 343 603 desiit
366 543 452 602 alveo
472 544 599 618 munire,
626 542 661 602 ad
681 542 835 602 cousinium
862 541 998 602 Characis
1020 544 1146 604 accedente

168 637 277 700 tractu,
301 629 396 686 statim
411 628 549 687 infestant
567 626 658 701 Attali
674 626 821 704 latrones,
844 626 973 687 Arabum
988 646 1074 704 gens,
1095 627 1146 685 ultra

167 729 240 791 quos
256 711 402 771 Scenitae.
440 711 547 771 ambitu
563 729 635 770 vero
651 709 806 790 Euphratis
822 710 967 771 Nomades
990 712 1106 772 Arabiae
1118 723 1165 769 nst

116 827 160 864 cm
170 815 226 875 que
242 796 277 855 ad
296 796 413 856 deserta
432 796 551 872 Syriae,
567 795 642 856 unde
660 797 689 855 in
703 795 852 855 meridiem
868 795 947 856 flecti
964 813 1029 856 eum
1043 795 1146 868 diximus,

117 889 167 940 126
179 879 351 940 solitudines
364 878 549 955 Palmyrenae
565 879 786 958 relinquentem.
810 879 946 940 Seleucia
958 880 1043 940 abest
1053 898 1068 939 a
1078 881 1147 956 capite

166 963 398 1042 Mesopotamiae
423 963 593 1042 Euphraten
619 963 819 1042 navigantibus
846 967 898 1043 pii
924 963 1010 1025 XXV
1030 964 1083 1024 mil.
1105 981 1146 1042 pas·

167 1067 260 1126 suum,
280 1066 296 1108 a
313 1051 383 1108 mari
401 1047 522 1124 Rubro,
538 1050 562 1107 si
578 1047 659 1126 Tigri
674 1049 838 1126 navigetur,
856 978 989 1108 CMCXX
1002 1047 1042 1124 M,
1056 1045 1147 1123 aZeug·

165 1142 242 1194 mate
267 1130 457 1194 DGGXXllll
482 1133 555 1208 mih,
580 1130 706 1212 Zeugma
735 1133 819 1192 abest
845 1132 982 1193 Seleucia
1007 1132 1101 1208 Syriae
1124 1131 1168 1189 ado

166 1227 296 1278 nostrum
320 1217 389 1278 litus
413 1216 544 1278 CLXXV
564 1217 623 1277 mil.
645 1235 790 1296 passuum.
826 1215 906 1276 Haec
927 1227 974 1276 est
995 1217 1035 1276 ibi
1056 1215 1146 1276 latitudo

167 1311 310 1363 terrarum
325 1303 402 1361 inter
417 1302 473 1361 duo
490 1303 596 1378 maria,
616 1299 741 1362 Parthici
762 1317 835 1361 vero
857 1303 942 1378 regni
958 1298 1148 1360 occccxuu

165 1387 224 1446 mil.
241 1405 382 1464 passuum

231 1469 315 1549 (31.)
333 1469 386 1529 Est
402 1472 556 1530 etiamnum
573 1470 708 1549 oppidum
720 1469 975 1548 Mesopotamiae
966 1489 996 1529 m
1008 1471 1068 1549 ripa
1079 1468 1148 1546 Tigris

166 1557 244 1615 circa
261 1554 460 1630 conduentes,
477 1555 555 1633 quod
569 1563 674 1615 vocant
691 1553 822 1632 Digbam.
1157 1565 1169 1602 u

117 1649 166 1700 127
238 1637 288 1700 27.
314 1638 372 1699 Sed
395 1647 425 1698 et
449 1639 485 1698 de
511 1637 622 1737 Tigri
614 1657 678 1717 rpso
703 1639 813 1698 dixisse
835 1640 1001 1699 conveniat.
1040 1638 1148 1698 oriturin

166 1729 291 1802 regione
308 1724 465 1782 Armeniae
483 1723 601 1782 maioris
616 1725 697 1783 sonte
717 1725 876 1801 conspicuo
901 1725 930 1782 in
946 1723 1071 1800 planitie.
1101 1722 1149 1780 loco

166 1827 272 1906 nomen
294 1805 456 1886 Elegosine
479 1816 541 1884 est,
565 1809 622 1885 ipsi
646 1825 700 1886 qua
723 1807 832 1867 tardior
855 1807 916 1866 lluit
937 1805 1059 1884 Diglito
1098 1805 1149 1863 unde

166 1976 243 2037 Medi
263 1978 407 2054 sagittam.
445 1974 566 2036 influit'
559 1995 588 2035 ιιι
606 1976 696 2036 lacum
713 1976 875 2035 Aretissam
891 1978 985 2035 omnia
1003 1976 1088 2036 inlata
1102 1983 1170 2052 pon-t

168 2061 238 2121 dera
254 2062 446 2120 sustinentem
466 2068 495 2122 et
510 2061 613 2120 nitrum
632 2059 745 2120 nebulis
764 2059 955 2120 exhalantem.
986 2079 1070 2120 unum
1083 2075 1150 2136 genus

170 2147 197 2204 ei
215 2146 339 2223 piscium
355 2153 412 2221 est,
427 2145 514 2222 idque
532 2146 756 2204 transcurrentis
774 2162 832 2203 nnn
847 2145 988 2204 miscetur
1003 2145 1086 2204 alveo
1100 2145 1150 2200 sicut

115 2238 275 2306 maneque
290 2247 307 2288 e
324 2226 405 2304 Tigri
427 2231 526 2307 pisces
540 2231 569 2288 in
588 2229 679 2288 lacum
701 2235 885 2288 transnatant.
920 2229 1015 2288 fertur
1030 2237 1115 2288 autem
1133 2233 1150 2282 et

167 2331 253 2372 cursu
270 2321 300 2373 et
315 2313 417 2372 colore
439 2313 604 2389 dissimilis,
628 2321 869 2390 transvectusque
886 2321 1062 2373 occurrente
1081 2311 1150 2370 Tauro

166 2405 265 2456 monte
285 2399 314 2456 in
331 2415 451 2475 specum
473 2399 614 2475 mergitur
634 2397 793 2474 subterque
811 2397 910 2476 lapsus
933 2415 949 2456 a
967 2396 1062 2464 latere
1082 2395 1171 2456 alterii

167 2484 230 2541 eius
253 2483 387 2560 erumpit.
423 2481 506 2542 locus
524 2489 644 2541 vocatur
666 2479 824 2540 Zoaranda.
861 2481 984 2540 eundem
1006 2500 1072 2541 esse
1089 2479 1150 2538 nani·

166 2569 271 2627 festum
292 2575 356 2640 est,
387 2566 466 2644 quod
487 2566 620 2626 demersa
641 2566 762 2646 perient.
803 2565 925 2624 alterum
950 2564 1056 2625 deinde
1075 2561 1152 2624 transit

167 2652 259 2712 lacum
275 2653 324 2731 qui
340 2649 498 2728 Thespites
513 2650 677 2728 appellatur
689 2668 847 2747 rursusque
863 2651 892 2708 in
907 2649 1057 2709 cuniculos
1072 2646 1151 2720 mergi·

167 2745 213 2796 tur
234 2744 265 2796 et
286 2743 355 2834 post
376 2731 461 2794 XXll
482 2733 540 2793 mil.
564 2753 698 2812 passuum
723 2736 800 2794 eirca
821 2733 1020 2812 Nymphaeum
1039 2731 1149 2792 redditur

87 2883 91 2890 ,
168 2829 224 2880 tam
240 2821 365 2880 vicinum
385 2818 528 2878 Arsaniae
544 2817 636 2879 fluere
658 2837 723 2878 eum
744 2819 773 2878 in
793 2821 915 2895 regione
937 2817 1075 2878 Archene
1090 2813 1170 2874 otu

83 2897 91 2906 ”
158 2905 230 2964 drus
247 2902 357 2963 Caesar
380 2911 483 2962 auctor
504 2911 567 2979 est,
594 2911 641 2979 ut,
668 2921 731 2962 cum
751 2905 930 2978 intumuere,
958 2901 1149 2962 confluant
1113 2913 1149 2956 ne

167 2995 261 3046 tamen
281 2989 474 3064 misceantur,
498 2987 651 3066 leviorque
672 2986 811 3047 Arsanias
833 2989 944 3047 innatet
960 2985 1016 3048 llll
1036 2983 1065 3045 M
1082 2986 1149 3044 ierne

118 3081 167 3133 129
179 3073 292 3149 spatio,
313 3089 382 3131 mox
402 3071 510 3130 divisus
532 3073 561 3128 in
577 3069 747 3149 Euphraten
768 3079 924 3148 mergatur.
961 3070 1058 3148 Tigris
1079 3075 1149 3128 auten

168 3174 207 3216 en
221 3155 358 3215 Armenia
374 3157 504 3234 acceptis
526 3153 686 3214 lluminibus
703 3155 790 3216 claris
805 3155 959 3216 Parthenia
980 3173 1015 3216 ac
1029 3151 1149 3229 Nicepho-

132 3261 155 3296 m
168 3241 251 3302 rione
267 3239 380 3300 Arabas
403 3237 553 3299 Orrhoeos
571 3237 798 3318 Adiabenosque
816 3239 1020 3300 disterminans
1042 3246 1070 3299 et
1089 3237 1169 3313 quani

168 3325 289 3388 diximus
305 3322 544 3402 Mesopotamiam
559 3324 684 3401 iaciens,
700 3324 827 3383 lustratis
843 3323 989 3384 montibus
1008 3322 1099 3398 Gordy
1100 3334 1147 3379 aco·

168 3427 229 3468 rum
253 3411 330 3468 circa
350 3406 508 3483 Apameam
525 3406 662 3468 Mesenes
679 3407 831 3506 oppidum,
853 3410 925 3467 citra
945 3340 1099 3480 Seleucianl
1113 3401 1147 3460 Ba

167 3491 313 3565 buloniam
330 3489 438 3550 CXXV
458 3489 486 3549 M
504 3509 637 3570 passuum
658 3491 797 3551 diuisus
788 3511 818 3550 m
838 3491 941 3554 alveos
966 3475 1054 3570 duos,
1076 3487 1147 3548 altero
