2364 3928
203 827 400 906 GAROLI
421 828 540 908 JANI
565 828 873 906 PRAEFATIO.

107 1033 139 1091 lla
152 1051 202 1110 quo
216 1043 297 1112 pater
307 1053 386 1094 meus
398 1037 589 1095 dilectissimus
602 1038 727 1096 editionis
742 1055 807 1096 snae
821 1039 956 1096 Plinianae
971 1039 1048 1096 volu·

66 1136 107 1176 unu
117 1122 222 1194 primum
237 1123 330 1178 emisit
350 1124 400 1178 tria
417 1121 474 1180 lere
486 1121 609 1179 abierunt
624 1123 719 1180 lustra.
746 1124 859 1182 blnltum
870 1133 959 1180 auton
972 1123 1057 1182 abest-

65 1203 120 1260 utab
132 1204 173 1262 illo
187 1213 312 1280 tempore
324 1208 475 1282 quieverint
485 1205 553 1264 Plini
569 1207 698 1264 naturalis
710 1209 838 1274 historiae
850 1208 948 1280 studia,
963 1209 1045 1266 immo

65 1288 86 1342 al
96 1305 157 1344 roms
169 1289 240 1346 illius
256 1291 391 1348 lectiones
401 1291 604 1348 constituendas
620 1292 662 1348 bis
677 1293 753 1349 aunis
764 1292 917 1367 proiectum
929 1300 972 1349 est
984 1292 1046 1366 plu·

64 1375 141 1430 unum.
168 1374 231 1432 Nam
245 1377 292 1432 vix
313 1375 414 1433 editum
435 1384 493 1432 erat
513 1377 630 1450 primum
649 1375 717 1432 illud
731 1377 857 1444 volumen
877 1377 1044 1452 nequedum

64 1457 183 1515 conlectum
197 1460 331 1532 alterum,
352 1477 412 1517 cum
426 1461 566 1516 Monens
586 1461 614 1516 in
633 1463 798 1518 monasterio
820 1461 936 1536 quodam
953 1460 1044 1518 Garin-

65 1541 115 1599 tbico
127 1545 222 1601 invenit
236 1545 501 1620 praestantissimum
514 1544 591 1600 illum
607 1543 726 1602 codicem
740 1547 915 1620 rescriptum,
931 1547 978 1619 qui
992 1547 1044 1602 etsi

64 1626 140 1682 nullm
153 1629 228 1704 buius
243 1630 389 1688 voluminis
402 1629 501 1686 librum
515 1630 654 1702 continet,
670 1637 760 1687 temen
775 1629 850 1686 etad
865 1629 1042 1704 corrigendos

63 1709 136 1768 iudices
147 1729 176 1770 er
188 1714 288 1788 quibus
303 1713 371 1772 liber
382 1713 393 1769 Ι
404 1723 447 1771 est
456 1715 624 1788 compositus
636 1722 664 1770 ct
674 1713 707 1770 ad
719 1715 937 1772 constituendam
949 1713 1043 1770 ortho-

64 1797 169 1868 graphiam
187 1799 337 1856 Pliniauam
359 1800 509 1856 universam
534 1801 664 1855 momenti
685 1807 727 1856 est
749 1801 907 1874 gravissimi.
948 1797 1042 1854 Paullo

63 1888 105 1952 post
116 1882 194 1955 ordini
208 1884 438 1959 philosophorum
455 1885 501 1958 qui
516 1891 558 1940 est
573 1881 716 1958 Gottingae
730 1891 762 1940 nt
776 1883 899 1940 codicum
909 1881 1042 1938 Pliniauo·

62 1981 103 2020 run
119 1965 165 2023 iata
184 1967 251 2025 lides
274 1969 421 2026 auctnuitas
442 1969 657 2026 examinarentur
676 1968 826 2042 postulanti
841 1967 979 2024 llelsius
995 1977 1041 2022 ‘re-

62 2051 143 2120 spoudit
161 2055 387 2110 commentatione
406 2069 456 2110 sua
475 2054 593 2127 praemio
614 2051 713 2109 donata
734 2053 768 2110 de
789 2068 841 2128 qua
860 2051 942 2108 modo
961 2049 1040 2107 nobis

62 2133 116 2204 plura
128 2146 201 2194 eruut
221 2138 343 2195 dicenda.
377 2136 516 2194 Interdum
531 2138 611 2193 ctiam
626 2135 742 2194 bellai
745 2153 850 2194 senus
865 2135 952 2193 Plinio
975 2151 1040 2209 ope-

61 2233 99 2272 ram
110 2237 194 2278 navare
207 2225 376 2294 instituerat,
391 2224 435 2280 cui
446 2221 600 2278 nouaclum
612 2220 734 2278 codicum
749 2218 889 2296 ingentem
900 2235 1041 2276 nnmerum

61 2303 79 2356 iu
90 2301 210 2364 Germania
224 2307 301 2364 ltalia
317 2306 399 2364 Gallia
420 2305 618 2378 montferrat,
639 2304 687 2374 sed
703 2307 782 2362 etiam
803 2305 836 2362 dc
852 2306 957 2360 ratione
973 2319 1040 2377 quae

62 2387 111 2443 iuter
122 2406 163 2446 eos
177 2391 325 2448 intercedit
344 2399 375 2448 ut
389 2391 473 2447 multa
487 2399 569 2447 recte·
583 2391 749 2463 perspiceret
763 2406 896 2464 prospero
914 2387 1040 2444 fortunae

63 2480 134 2530 euentu
156 2477 280 2552 contigit.
320 2476 359 2532 lta
385 2491 536 2550 quanquam
561 2475 676 2550 primum
702 2475 783 2530 huius
804 2475 893 2548 operis
914 2471 1041 2528 volumen

64 2560 143 2614 suuuts
156 2560 280 2617 laudibus
299 2568 437 2634 acceptum
459 2565 516 2615 erat
539 2557 571 2614 ab
585 2557 759 2615 Urlichsio
781 2561 827 2634 qui
843 2556 1041 2630 (Jnlsrbt'tclter

62 2633 370 2719 sanbalolopa'e1855,
390 2662 459 2718 pop.
476 2643 545 2715 257)
565 2642 637 2698 illam
659 2643 806 2700 editionem
825 2644 862 2699 ait
882 2659 937 2698 uon
958 2641 1039 2697 modo

64 2727 151 2784 omnium
165 2746 223 2786 csse
240 2730 463 2786 accuratissimam
479 2729 544 2802 quin
559 2727 638 2783 etiam
653 2727 739 2784 sclam
753 2729 805 2784 iam
819 2728 847 2783 iu
862 2727 979 2784 lectione
993 2724 1040 2780 ad·

64 2806 181 2885 luendam,
195 2813 244 2871 sed
259 2830 320 2871 cum
335 2815 435 2870 meiere
444 2812 585 2888 =Siltigiaua
598 2813 732 2868 neminem
747 2828 777 2868 aa
791 2827 882 2869 carere
896 2825 978 2886 posse
993 2811 1040 2884 qui

64 2889 110 2949 ll'ui
121 2895 186 2954 lituis
202 2913 311 2974 oporam
327 2897 417 2970 daret,
436 2927 479 2939 -
499 2907 589 2954 tamen
606 2894 668 2952 lieri
683 2913 738 2954 nou
756 2897 848 2971 potuit
862 2897 927 2970 quin
942 2911 1039 2968 proce·

64 2975 121 3032 laute
134 2989 248 3056 temporo
263 2983 347 3040 multa
362 2982 459 3038 melius
473 2989 704 3056 cognoscerentur
720 2988 748 3038 et
762 2981 833 3037 baud
848 2996 932 3054 pauca
946 2989 1040 3036 esseut

65 3073 112 3132 quae
120 3064 198 3123 editor
208 3068 290 3124 vellet
301 3068 408 3124 mutari.
434 3065 507 3135 Quae
517 3082 578 3123 cum
589 3067 626 3122 ita
641 3073 733 3137 essent
744 3073 772 3122 et
782 3063 928 3138 bibliopola
942 3062 1039 3119 libera·

65 3143 152 3206 inimus
165 3161 287 3226 sumptus
299 3169 385 3208 norae
397 3150 521 3208 editionis
537 3151 626 3208 lacere
638 3151 746 3206 minime
756 3157 904 3220 recusaret,
916 3147 946 3204 L.
954 3148 1039 3204 lenus

67 3227 188 3292 attextum
207 3236 296 3294 deuuo
317 3235 512 3294 recensendum
533 3250 563 3290 se
583 3235 704 3296 accinxit.
744 3234 798 3291 lam
817 3232 947 3290 nonnulla
973 3235 1038 3290 artis
1063 3295 1065 3297 ,

67 3314 145 3375 criticae
157 3320 304 3378 adiumenta
324 3323 438 3396 primum
460 3320 531 3377 cdlta
551 3327 644 3392 eraut,
667 3317 750 3375 veluti
768 3326 877 3394 praeter
890 3317 978 3374 llouci
993 3335 1039 3392 pa·

66 3393 199 3474 lupsesnm
219 3413 344 3482 excerpta
365 3414 392 3462 et
410 3405 529 3462 Parisiua
549 3397 644 3479 (Por.)
665 3411 692 3460 ct
712 3401 882 3460 ldouaccnsia
902 3399 1002 3474 (Fris.)
1024 3419 1039 3458 a

67 3477 185 3548 leddseno
196 3491 313 3568 vulgata,
328 3491 442 3550 aliorum
454 3489 576 3550 codicum
589 3505 650 3547 cum
661 3496 738 3546 autea
749 3490 828 3564 pauci
843 3487 934 3546 collati
948 3493 1039 3544 esseut
