2286 3938
230 297 311 347 unu.
333 296 424 345 nisu.
446 297 493 346 vr.
516 289 557 344 ao.
581 280 719 366 (na-34.)
923 277 985 344 251

21 461 60 512 tata
74 453 169 513 ratione
188 451 352 512 umbrarum
372 425 584 512 Eratosthenes
605 469 767 513 mensuram
795 459 893 513 terrae
918 467 985 530 pru·

21 537 142 597 dereinde
164 537 341 616 conceperit.
383 535 455 597 Hinc
470 535 608 596 Azanium
625 555 719 612 mare,
748 537 974 615 promunturium
988 539 1037 592 172
1125 531 1126 536 ’

19 620 72 698 quud
83 619 159 699 aliqui
176 619 328 700 Hippalum
346 622 511 700 scripsere,
528 620 606 681 lacus
627 620 802 698 Mandalum,
821 619 913 679 insula
930 615 985 678 Gu-

19 705 130 782 lucasitis,
147 715 175 766 et
190 707 218 764 in
233 705 294 765 altu
308 705 414 766 multae
435 707 463 764 in
482 705 587 783 quihus
603 705 719 766 testudo
737 704 868 784 plurima.
904 705 986 783 oppi-

20 788 60 847 lnn
80 788 176 867 Sacae,
207 789 302 850 insula
328 788 507 868 Daphnidis,
544 789 679 868 oppidum
699 787 849 848 Aduliton.
888 787 987 865 Aegy·

17 875 108 950 pticrum
119 873 171 934 hoc
182 875 262 934 serui
278 873 396 952 profugi
408 892 424 934 a
437 873 559 934 dominis
571 873 738 935 condidere.
761 871 912 932 lllaximum
930 871 976 932 hic
988 875 1037 929 173

15 955 987 1121 tttltdtnlttltlnt‘loltiltlltntllilith·

446 1088 452 1102 ι
903 1083 913 1118 ,
977 1074 987 1086 “

16 1134 146 1186 uuucrotum
154 1143 274 1202 cornua,
286 1126 558 1206 hippopotamorum
569 1128 659 1204 coria,
671 1125 789 1187 celtium
802 1124 987 1202 testudinum,

14 1209 987 1372 llltttltt{ltelltthltltthrilintttttlttttl

14 1373 58 1436 linc
70 1379 94 1438 in
109 1395 158 1438 ora
175 1378 355 1458 Aethiopiae
373 1380 452 1439 sinus
468 1381 651 1457 incognitus,
668 1379 745 1458 quod
762 1380 909 1456 miremur,
925 1395 988 1437 cum

11 1461 114 1522 ulteriora
128 1471 313 1524 mercatores
330 1471 505 1525 scrutentur.
540 1465 769 1541 promunturium
788 1465 818 1523 iu
843 1481 900 1541 quo
921 1463 987 1522 lons

12 1541 84 1606 lucios
103 1549 255 1625 expetitus
276 1549 488 1624 navigantibus.
519 1547 601 1609 Ultra
622 1546 707 1608 Isidis
734 1555 854 1627 portus,
875 1545 979 1606 Xdie-
990 1549 1040 1602 174

11 1647 47 1688 run
63 1633 182 1710 remigio
207 1632 243 1692 ah
267 1632 376 1711 oppido
399 1631 580 1692 Adulitarum
598 1631 718 1694 distans.
749 1634 777 1692 iu
793 1649 857 1691 eum
875 1629 989 1708 Trogo·

11 1711 58 1786 lutis
75 1716 188 1791 myrrha
211 1717 372 1776 conlertur.
411 1715 522 1776 insulae
546 1725 614 1778 ante
636 1723 752 1795 portum
772 1714 846 1776 duae
860 1715 989 1776 Pseudo·

11 1797 64 1874 palae
82 1795 243 1877 nocentur,
274 1802 431 1861 interiores
456 1800 576 1862 totidem
598 1799 705 1877 Pylae,
730 1802 759 1860 in
781 1799 873 1859 altera
895 1797 989 1860 stelae

11 1879 104 1958 lapideae
125 1885 239 1945 litteris
269 1887 387 1962 ignotis.
431 1883 514 1946 Ultra
542 1887 622 1945 sinus
646 1884 781 1960 Aualitu,
810 1883 876 1944 dein
897 1881 990 1943 insula

12 1959 94 2028 liudnrl
113 1978 144 2029 et
166 1969 247 2029 aliae
264 1969 418 2045 desertae,
440 1987 494 2048 per
508 1971 705 2032 continentem
722 1986 838 2048 quoque
860 1967 989 2044 deserta,

12 2053 107 2126 oppidum
123 2052 225 2128 Gaza,
241 2055 470 2132 promunturium
486 2062 516 2115 et
532 2063 633 2134 portus
653 2052 842 2130 Mossylites,
860 2069 916 2130 quc
932 2053 990 2111 ciu-

12 2149 83 2194 nnnm
97 2137 267 2198 devehitur.
295 2137 442 2216 hucusque
459 2137 605 2199 Sesostris
620 2139 779 2198 exercitum
795 2136 884 2197 duxit.
916 2135 1041 2200 Ali-175

12 2219 35 2294 pi
46 2240 117 2282 uuum
129 2222 317 2301 Aethiopiae
330 2221 466 2300 oppidum
477 2222 552 2282 ultra
565 2231 675 2302 ponunt
692 2224 721 2281 in
738 2221 824 2282 litore
839 2221 989 2298 Barigana.

13 2302 166 2382 ullossylico
184 2308 391 2384 promunturio
407 2305 582 2367 Atlanticum
597 2325 676 2366 mare
691 2308 822 2385 incipere
841 2297 902 2365 vult
920 2305 991 2365 luha

13 2397 89 2448 meter
97 2389 304 2451 Mauretanias
317 2408 383 2450 suas
398 2389 483 2450 Gadis
496 2409 588 2470 usque
603 2391 791 2469 navigandum
804 2407 892 2466 coro,
909 2391 990 2450 cuius

13 2479 43 2528 uta
54 2477 195 2535 sententia
216 2474 276 2535 huc
291 2476 320 2534 in
341 2475 408 2535 loco
429 2475 622 2537 subtrahenda
638 2492 695 2534 non
715 2483 770 2536 est.
807 2473 834 2534 A
858 2491 991 2552 promun-

14 2555 54 2615 ulo
69 2555 207 2620 ludorum
234 2558 312 2639 quod
337 2567 458 2620 uocatur
472 2558 650 2638 hepteacra,
674 2559 711 2619 ah
730 2559 794 2618 aliis
814 2557 990 2636 Drepanum,

14 2645 107 2717 rrupuntr
123 2653 217 2705 recto
234 2661 322 2704 cursu
337 2651 456 2722 praeter
470 2642 606 2702 Exustam
623 2651 652 2703 et
666 2641 789 2702 Malichu
801 2642 909 2700 insulas
924 2643 993 2722 t‘ffi

14 2721 41 2782 tl.
59 2745 190 2804 passuum
216 2747 305 2805 esse,
331 2727 398 2788 inde
428 2726 461 2787 ad
485 2727 581 2787 locum
605 2746 690 2805 quem
713 2735 819 2786 vocant
842 2725 991 2788 Scaeueos

14 2803 102 2871 :cxxv
116 2812 165 2890 n,
182 2812 256 2872 inde
273 2812 307 2872 ad
329 2812 449 2871 insulam
472 2811 612 2871 Sadanum
631 2808 677 2870 (lh
698 2810 756 2871 mil.
777 2827 920 2889 passuum.
949 2810 993 2868 sic

15 2889 46 2950 leri
63 2895 92 2954 ad
107 2906 249 2975 apertum
270 2915 350 2956 mare
372 2897 472 2980 pidum
488 2894 594 2954 LXXV
609 2893 667 2955 mil.
684 2912 827 2974 passuum.
864 2892 981 2972 Reliqui
994 2905 1044 2959 176

15 2991 73 3038 nunes
87 2991 217 3061 propter
237 2979 372 3040 ardorem
388 2979 460 3040 solis
476 2981 606 3056 navigari
623 2997 713 3058 posse
735 2997 792 3039 non
809 2987 992 3056 putaverunt.

15 3061 49 3128 tuin
66 3074 92 3123 et
110 3067 295 3126 commercia
318 3067 381 3143 ipsa
401 3065 539 3124 infestant
563 3081 600 3124 ex
623 3063 724 3124 insulis
741 3063 856 3123 Arabes
872 3061 992 3122 Ascitae

16 3146 124 3228 apellati,
152 3151 298 3229 quoniam
322 3148 446 3208 bubulos
466 3157 547 3208 utres
571 3148 656 3208 binos
684 3149 882 3208 insternentes
902 3155 993 3225 ponte

16 3229 117 3293 iraticam
137 3241 290 3295 exercent
306 3234 422 3310 sagittis
442 3234 602 3293 venenatis.
634 3229 744 3292 Gentes
761 3230 994 3309 Trogodytarum

16 3307 55 3372 len
67 3315 130 3378 luha
147 3317 245 3379 tradit
262 3316 446 3377 Therothoas
462 3335 477 3376 a
493 3325 599 3377 venatu
617 3316 727 3392 dictos,
743 3318 833 3376 mirae
855 3314 992 3374 velocita-

17 3415 41 3470 s,
54 3404 116 3461 sicut
130 3401 397 3481 ichthyophagos,
417 3409 549 3460 natantes
572 3419 627 3460 ceu
644 3402 730 3460 maris
752 3399 900 3474 animalia,
921 3396 993 3456 Bau·

17 3495 85 3558 tuos,
100 3486 276 3566 Gangeras,
293 3484 448 3562 Thalibas,
466 3484 605 3562 Sarcinas,
621 3484 753 3561 Sirecas,
770 3483 918 3557 Daremas,
933 3479 993 3540 Do-

17 3583 122 3634 uuames.
166 3574 247 3653 quin
272 3579 302 3631 et
328 3569 442 3630 accolas
469 3568 526 3628 Nili
555 3587 571 3628 a
596 3569 693 3648 Syene
719 3586 777 3628 nun
805 3565 983 3644 Aethiopum
994 3572 1044 3624 177
