2308 3936
134 155 178 220 24
482 171 513 220 o.
534 171 630 218 nurum
653 171 802 220 snouuur

135 325 233 410 prud,
260 326 464 388 Aristomache
486 327 534 405 qui
556 328 644 403 item,
671 325 800 387 Philisco
821 327 868 405 qui
884 327 968 402 item,
991 321 1135 404 Nicandro,

135 411 323 489 Menecrate,
350 411 495 487 Dionysio
518 413 566 490 qui
588 409 742 489 Magonem
763 411 926 488 transtulit,
953 409 1134 490 Empedocle‚

137 495 327 574 Callimacho,
343 495 444 558 Attalo
457 514 542 574 rege,
558 495 744 575 Apollodoro
756 497 804 574 qui
816 494 853 558 de
866 495 970 556 bestiis
982 487 1144 570 venenatis,l

135 582 334 662 Hippocrate,
349 579 530 660 Herophilo,
545 579 737 657 Erasistrato,
754 579 944 659 Asclepiade,
961 579 1135 654 Themisone,

135 666 296 726 Posidonio
318 664 441 744 Stoico,
463 661 630 726 Menandris
652 664 795 726 Prienaeo
819 674 849 725 et
863 663 1070 740 Heracliense,
1089 661 1144 724 liu-r

136 750 263 831 phronio
280 749 445 828 Athenaeo,
462 747 678 828 Theophrasto,
693 749 835 828 llesiodo,
852 749 1053 810 Philometore
1067 731 1145 824 reged

199 833 288 898 Libro
310 833 376 896 Xll.
400 835 586 898 continentur
605 835 742 896 arborum
764 843 895 898 naturae.
925 833 969 914 (1.
991 829 1029 912 2)
1050 829 1145 891 Honor

136 939 245 984 earum.
275 917 424 1000 (3-63)
443 919 487 980 De
503 921 671 998 peregrinis
686 920 857 992 arboribus.¹
884 915 1136 998 (3-5))11111111

136 1001 272 1091 (quando
290 1006 412 1084 primum
428 1005 457 1064 in
471 1003 583 1066 ltaliam
599 1013 629 1064 et
644 1003 728 1066 unde.
762 1001 793 1067 4.
809 1013 915 1065 natura
930 1020 1038 1080 earum,
1057 999 1084 1064 5.
1098 1002 1146 1078 ni,

135 1090 233 1151 racula
255 1083 380 1176 exiis).
416 1087 468 1168 (6)
488 1088 725 1168 chamaeplatani.
765 1086 838 1164 Quis
862 1090 983 1169 primum
1005 1085 1146 1146 mulinum

136 1175 263 1236 tondere
279 1175 448 1236 instituerit.
486 1171 659 1254 (7)]111111111
677 1172 832 1252 Assyrium
857 1171 1004 1252 quomodo
1025 1177 1147 1268 seratur,

135 1257 273 1340 (8-17)
294 1257 394 1320 Indiae
415 1259 549 1324 arbores.
587 1254 640 1344 (9.
666 1259 780 1338 quaudo
800 1260 920 1338 primum
941 1256 1074 1320 hebenus
1090 1249 1147 1318 lto-1

136 1361 200 1405 mac
220 1345 292 1404 visa.
325 1361 400 1422 quae
415 1362 528 1421 genera
545 1345 619 1404 eius.
650 1342 697 1406 10.
714 1343 918 1423 spinalndica.
950 1340 1000 1404 11.
1018 1341 1087 1402 licus
1103 1336 1138 1396 ln·

136 1429 212 1490 dica.
241 1425 292 1490 12.
311 1427 400 1488 arbor
413 1428 488 1506 pala,
504 1445 620 1507 pomum
634 1430 739 1494 ariera.
772 1426 822 1492 13.
839 1427 1001 1488 indicarum
1018 1423 1148 1512 arborum,

134 1514 248 1575 lormae
271 1513 335 1574 cine
357 1511 530 1574 nominibus.
552 1511 687 1574 liniferae
701 1510 837 1574 ludorum
848 1513 980 1574 arbores.
1007 1507 1055 1571 14.
1071 1509 1148 1588 pipo-l

134 1599 176 1658 ris
198 1597 333 1673 arbores,
347 1614 459 1674 genera
473 1598 596 1676 piperis,
609 1597 740 1676 bregnia,
754 1597 898 1675 zingiberi
911 1598 974 1664 sire
988 1593 1138 1674 zimpiberi,

136 1681 185 1746 15.
206 1680 437 1760 caryopbyllou,
459 1681 564 1760 lycium
582 1685 646 1744 sire
662 1683 874 1761 pyxacanthum
893 1679 1074 1756 Chironium,
1100 1672 1149 1754 16,

134 1766 256 1844 machir,
281 1765 330 1830 17.
348 1762 520 1856 saccaron).
558 1766 631 1848 (18)
649 1768 784 1830 Arbores
800 1767 927 1830 Arianae
943 1765 1060 1845 gentis,
1081 1763 1149 1848 itera

136 1851 318 1929 Gedrosiae,
347 1853 417 1912 item
438 1851 617 1930 llyrcaniac,
646 1851 719 1933 (19)
743 1854 813 1914 item
829 1851 972 1929 Bactriae.
985 1888 997 1921 ·.
1015 1846 1137 1912 bdellium

137 1939 201 1998 sive
221 1936 360 1998 brochum
383 1939 447 1998 sive
471 1937 627 1999 malachana
649 1939 713 1998 sire
732 1936 907 2015 malducum,
926 1934 1078 1998 scordasti.
1112 1927 1150 1998 lua

137 2021 270 2082 omuibus
295 2021 436 2082 odoribus
460 2030 508 2082 aut
531 2023 724 2084 condimentis
751 2021 885 2082 dicuntur
908 2020 1136 2088 adulterationes,

136 2107 355 2184 experimenta,
377 2106 481 2184 pretia.
519 2104 594 2187 (20)
618 2105 746 2168 Persidis
768 2106 904 2170 arbores.
941 2102 1017 2186 (21)
1041 2099 1136 2166 Persici

13 2189 21 2212 ⁸
134 2191 223 2250 maris
243 2188 401 2250 insularum
425 2190 560 2254 arbores.
603 2193 794 2270 gossypinum
816 2191 915 2254 arbor.
951 2186 1034 2270 (22)
1056 2184 1136 2264 cyno

136 2274 234 2334 arbor.
261 2269 307 2334 Ex
319 2274 425 2353 quibus
436 2275 592 2338 arboribus
604 2275 694 2338 lintea
709 2279 738 2336 in
755 2276 872 2338 ouante
889 2276 967 2336 liant.
999 2271 1072 2354 (23)
1083 2269 1136 2340 0¹¹⁰

136 2361 166 2418 in
184 2358 255 2419 'loco
280 2359 417 2420 arborum
438 2359 524 2422 nullis
546 2361 617 2422 lolia
639 2361 782 2422 decidant.
825 2357 898 2440 (24)
921 2357 1035 2436 Quibus
1057 2353 1150 2418 modist

137 2451 273 2504 constent
295 2443 432 2504 arborum
453 2445 592 2510 lructuus.
612 2442 685 2526 (25)
704 2445 750 2506 De
773 2453 869 2506 costo.
906 2441 979 2524 (26)
996 2443 1034 2506 de
1050 2438 1135 2504 nardo.

136 2527 321 2589 differentiae
339 2530 403 2590 eius
418 2529 483 2590 Xll.
516 2527 589 2610 (27)
605 2531 731 2590 Asarou.
759 2527 834 2610 (28)
849 2547 1000 2605 amomum,
1018 2524 1135 2596 amoreis,

136 2609 210 2692 (29)
225 2612 445 2675 cardamomum.
478 2611 648 2694 (30-32)
672 2614 717 2674 De
738 2616 860 2676 turilera
882 2615 1008 2692 regione
1027 2605 1087 2698 (31
1108 2607 1136 2668 dt

136 2697 292 2758 arboribus
309 2715 383 2776 quae
400 2707 446 2758 tus
461 2700 568 2760 ierunt.
591 2696 646 2762 32.
663 2717 737 2777 quae
755 2707 858 2769 natura
876 2700 947 2762 turis
964 2706 994 2762 ot
1011 2714 1083 2777 quse
1095 2711 1137 2772 ge·

136 2776 241 2870 nera).
271 2779 429 2863 (33-35)
455 2782 500 2844 De
522 2803 618 2844 murra
639 2777 711 2868 (34.
735 2783 774 2846 de
796 2783 952 2864 arboribus
973 2800 1032 2862 que
1052 2782 1150 2844 ieruntr

136 2885 208 2928 eam.
249 2864 300 2930 35.
329 2875 430 2928 emuna
456 2877 486 2928 et
510 2887 621 2946 genera
659 2865 809 2954 murrae).
845 2865 919 2948 (36)
941 2867 978 2934 de
998 2863 1136 2936 mastiche.

137 2949 202 3029 (37.
217 2950 253 3012 de
285 2949 407 3029 ladano,
450 2953 565 3026 storbo,
588 2949 660 3031 (38)
675 2953 829 3016 enhaemo.
850 2951 923 3031 (39)
936 2953 1036 3016 bratus
1051 2949 1136 3032 arbor·

136 3033 209 3116 (40)
223 3034 355 3096 stobrum
380 3036 478 3098 arbor.
520 3034 594 3118 (41)
612 3036 656 3097 Dc
674 3037 816 3098 felicitate
836 3036 975 3104 Arabiae.
1016 3033 1087 3117 (42)
1100 3031 1136 3091 De

135 3123 278 3198 cinnamo,
300 3121 492 3200 cinnamomo,
508 3122 724 3197 xylocinnamo.
756 3121 831 3203 (43)
849 3125 936 3184 casia.
960 3119 1034 3204 (44)
1049 3133 1136 3182 canoa

133 3223 219 3278 mum,
238 3213 337 3266 tarum.
368 3203 441 3286 (45)
456 3205 641 3283 serichatum,
657 3207 812 3284 gabalium.
844 3206 919 3287 (46)
934 3206 1150 3286 myrobalanusr

133 3288 207 3370 (47)
235 3289 514 3376 phoenicobalanus.
552 3288 624 3369 (48)
648 3290 816 3356 Decabmo
839 3293 982 3371 odorato,
1007 3293 1044 3354 de
1060 3293 1135 3350 iunco

134 3377 267 3436 odorato.
305 3373 378 3454 (49)
396 3374 637 3437 Hammoniacum.
661 3374 734 3457 (50)
751 3378 911 3456 sphagnos.
940 3377 1013 3459 (51)
1031 3388 1134 3454 cypros.

133 3458 205 3541 (52)
221 3460 388 3540 aspalathos
407 3463 470 3522 sire
487 3461 725 3540 erysisceptrum.
766 3461 840 3542 (53)
863 3481 973 3525 maron.
1010 3460 1080 3542 (54)
1100 3455 1137 3516 ue
