2308 3936
141 193 183 260 96
488 208 807 258 o.rmn1saouun1
953 237 971 270 ,

143 385 214 428 mus.
246 375 346 428 eetera
362 367 454 447 ipsius
471 365 566 426 mundi
589 367 725 445 portione
739 364 831 424 mimus
849 378 990 440 prospero
1012 369 1062 421 aut
1079 360 1141 422 dira.

144 449 293 524 Quaedam
305 452 422 530 fulgura
441 453 591 513 enuntiare
612 456 786 527 uonputant
800 449 843 508 fas
862 464 917 506 nee
935 445 1053 523 audire,
1069 464 1141 524 prae·

145 537 320 614 terquamsi
340 537 450 615 hospiti
468 535 630 596 indicentur
653 541 701 593 aut
716 532 839 612 parenti.
871 528 974 608 Magoa
994 529 1078 589 liuius
1100 530 1142 589 ob-

147 622 321 682 servationis
338 622 449 682 vanitas
466 628 541 694 taota
555 619 675 681 lunonis
690 617 763 678 aede
779 615 890 678 Romae
906 614 1091 694 deprehensa
1106 623 1143 674 est

147 701 256 768 Soauro
279 705 400 766 consule
421 706 469 784 qui
490 722 558 764 mox
580 704 716 782 princeps
738 701 798 762 luit.
838 699 934 760 Noctu
954 701 1048 776 magis
1071 717 1144 776 quam

104 794 154 848 145
162 788 292 853 interdiu
314 791 377 851 siue
399 789 554 853 tonitribus
570 787 706 865 fulgurat.
747 783 841 849 Unum
855 783 974 860 animal,
997 783 1143 860 hominem,

147 891 206 934 non
228 892 346 953 semper
366 874 544 952 exstinguit,
570 879 670 932 oetera
689 871 776 948 itieo,
800 869 874 932 huno
896 868 1037 930 videlieet
1056 877 1144 928 natura

147 957 295 1021 tribuente
312 957 469 1037 honorem,
485 975 548 1018 oum
563 965 607 1018 tot
623 955 727 1021 beluae
743 955 854 1017 viribus
865 961 1031 1033 praestent.
1062 953 1144 1012 omnia

147 1043 308 1110 contrarias
324 1042 459 1104 incubant
474 1051 590 1121 partes,
608 1041 695 1102 homo
712 1042 767 1102 nisi
785 1046 974 1108 eonvertatur
991 1039 1020 1096 in
1036 1054 1143 1115 pereus-

148 1145 195 1187 sas
213 1145 272 1188 nou
287 1129 433 1208 exspirat,
452 1145 580 1207 superne
595 1128 645 1187 ioti
662 1125 822 1186 considunt.
843 1123 967 1201 uigilans
986 1123 1063 1181 lotus
1078 1122 1144 1180 eoni-

147 1213 284 1273 ventibus
300 1213 404 1290 oeulis,
419 1212 565 1273 dormiens
582 1210 748 1290 patentibus
759 1209 915 1287 reperitur.
948 1205 1100 1275 Hominem
1113 1207 1144 1264 ita

149 1298 340 1358 exanimatum
354 1297 475 1358 eremari
499 1298 543 1358 ias
560 1315 619 1356 non
634 1303 690 1372 est,
707 1293 792 1354 eondi
808 1301 887 1360 terra
900 1290 1012 1368 religio
1029 1289 1144 1350 tradidit.

147 1379 264 1442 Nullum
279 1381 382 1442 animal
403 1382 458 1441 nisi
476 1381 666 1442 exanimatum
685 1379 803 1438 fulmine
823 1375 1000 1441 accenditur.
1033 1374 1145 1436 uulnera

148 1465 362 1526 fulminatorum
379 1465 529 1544 frigidiora
545 1464 741 1542 sunt‘reliquo
760 1479 897 1542 eorpore.

108 1554 158 1610 146
215 1547 265 1612 55.
282 1547 363 1630 (56.)
386 1548 570 1629 Exhisquae
590 1557 668 1615 terra
681 1550 839 1628 gignuntur
854 1547 926 1608 lauri
945 1546 1087 1615 irutieeun
1100 1562 1147 1604 nou

150 1635 213 1712 ioit,
229 1653 285 1696 nee
300 1652 431 1714 umquam
444 1637 569 1714 quinque
587 1635 672 1698 altius
689 1633 811 1713 pedibus
828 1630 979 1695 deseendit
993 1632 1026 1690 in
1036 1639 1146 1690 terram.

150 1718 222 1780 Ideo
240 1719 334 1798 pavidi
351 1719 472 1782 altiores
487 1738 613 1799 speeuus
625 1720 784 1780 tutissimos
799 1724 900 1796 putant
910 1712 1148 1783 euttaberneeuta

152 1803 279 1884 pellibus
296 1804 446 1866 beluarum
457 1821 527 1884 quas
542 1804 649 1865 vitulos
666 1803 825 1884 appellant,
842 1801 976 1880 quoniam
992 1799 1053 1860 hoe
1066 1798 1149 1860 solun

152 1889 256 1950 animal
271 1909 310 1952 ex
325 1890 441 1950 marinis
456 1905 514 1949 non
532 1890 687 1968 perennat,
702 1890 778 1948 siout
788 1905 844 1948 neo
859 1905 876 1946 e
891 1883 1065 1946 volueribus
1082 1883 1148 1960 aqui·

151 1973 219 2049 lam,
234 1991 309 2052 quae
325 1974 362 2034 oh
378 1974 434 2034 lroe
450 1975 594 2050 armigera
612 1973 695 2034 huius
711 1971 762 2034 teli
773 1971 905 2048 degitur.
936 1969 970 2030 ln
984 1967 1070 2028 ltalia
1085 1969 1148 2027 inter

152 2047 333 2108 Tarracinam
358 2058 388 2108 et
409 2053 510 2109 aedem
529 2051 673 2110 Feroniae
695 2062 791 2110 turres
809 2051 879 2110 uelli
904 2048 1075 2112 Caesariani
1092 2059 1149 2109 tem·

150 2132 273 2210 poribus
289 2131 405 2192 desiere
420 2132 483 2192 fieri
500 2133 578 2194 nulla
588 2151 652 2200 ¹non
667 2151 764 2194 earum
780 2133 898 2196 fulmine
918 2133 1023 2194 diruta.

111 2224 160 2278 tat
216 2215 268 2280 55.
291 2214 375 2298 (57.)
395 2215 517 2282 Praeter
532 2217 605 2279 haee
619 2218 761 2280 inferiore
775 2217 995 2280 eaelorelatnm
1013 2219 1047 2278 in
1063 2234 1148 2278 mouu-

153 2309 250 2362 menta
270 2309 319 2364 est
342 2301 417 2362 laete
440 2311 470 2362 et
488 2305 628 2382 sauguine
651 2303 781 2382 pluvisse
801 2301 851 2364 Μ’.
872 2302 970 2364 ΑοίΙίο
994 2301 1030 2364 G.
1047 2301 1147 2362 Porcio

154 2404 230 2448 coss.
247 2395 277 2447 et
289 2404 386 2466 *saepe
401 2386 484 2465 alias,
500 2389 575 2448 sieut
590 2407 677 2450 earne
692 2387 723 2448 P.
736 2387 892 2449 Volumnio
907 2387 1013 2448 Servio
1028 2387 1148 2466 slipen

154 2489 249 2550 coss,
272 2489 367 2550 exque
387 2491 423 2532 ea
446 2489 506 2534 non
522 2473 668 2552 putruisse
691 2473 768 2552 quod
785 2489 844 2532 non
863 2471 1061 2552 diripuissent
1076 2488 1149 2532 aves.

153 2556 224 2616 item
245 2556 326 2617 ierro
350 2557 379 2616 in
394 2554 516 2618 Lucanis
538 2575 613 2618 anno
636 2565 789 2636 antequam
808 2555 846 2618 Μ.
863 2554 986 2618 Crassus
1010 2575 1029 2616 a
1049 2555 1150 2616 Parthis

153 2641 346 2720 interemptus
367 2649 414 2702 est
438 2659 599 2721 omnesque
622 2660 740 2704 eumen
760 2641 865 2702 Lnoaui
888 2642 1014 2718 milites,
1041 2659 1112 2720 quor
1136 2666 1145 2691 r

152 2743 273 2804 magnus
293 2745 428 2792 numerus
447 2727 477 2786 in
498 2727 631 2788 exercitu
647 2735 718 2788 erat.
753 2725 876 2804 Eiiigies
896 2744 970 2805 quae
985 2725 1062 2806 pluit
1075 2742 1150 2804 spon·

153 2829 274 2888 gearum
290 2811 363 2872 ierri
378 2811 479 2875 similis
496 2813 557 2872 luit.
587 2810 756 2890 haruspices
773 2819 1018 2890 praemonuerunt
1033 2826 1149 2890 superna

154 2894 287 2954 vulnera.
323 2893 353 2956 Ι..
373 2905 468 2956 autem
488 2895 578 2960 Paulo
600 2893 631 2955 C.
646 2894 786 2956 lilareello
808 2895 967 2958 nosslana
989 2895 1063 2974 pluit
1086 2896 1150 2954 eirea

155 2977 307 3040 eastetlum
319 2977 520 3059 Compsauum,
538 2982 616 3042 iuxta
628 2980 706 3060 quod
718 2991 785 3060 post
799 2999 902 3042 annum
920 2979 952 3042 Τ.
965 2980 1078 3040 Annius
1090 2977 1150 3038 llilo

156 3064 271 3124 ooeisus
289 3072 345 3125 est.
378 3065 483 3126 eodem
501 3083 614 3136 eausam
637 3063 752 3136 dioente
772 3065 914 3127 lateribus
931 3065 1031 3129 noetis
1050 3064 1150 3144 pluisse

153 3147 183 3206 in
201 3155 264 3206 aeta
281 3149 343 3208 eius
359 3151 425 3209 anni
443 3150 565 3213 relatum
582 3159 638 3222 est.
877 3159 881 3168 “

114 3237 163 3291 148
219 3229 271 3294 et.
294 3230 378 3312 (58.)
398 3234 557 3295 Armorum
573 3236 769 3315 erepituuset
791 3236 878 3303 tubae
895 3237 1029 3298 sonituus
1047 3233 1151 3295 audito

158 3337 175 3376 e
193 3314 277 3378 eaelo
296 3314 449 3380 Cimbricis
467 3319 556 3380 bellis
581 3321 746 3399 aoeepimns
756 3366 766 3400 ‚
788 3322 955 3399 terebroque
977 3329 1008 3383 et
1030 3321 1107 3397 prius
1127 3336 1141 3376 a

156 3410 270 3478 postea.
291 3404 380 3463 tertio
399 3422 472 3466 vero
494 3405 645 3466 eonsulatu
661 3404 733 3466 llari
753 3405 789 3466 ab
805 3405 952 3468 Amerinis
976 3414 1008 3469 et
1029 3403 1141 3464 Tuderti

156 3486 209 3546 bus
222 3496 353 3568 spectata
364 3507 442 3552 arma
453 3489 592 3560 caelestia
604 3491 641 3553 ab
654 3499 719 3556 ortu
732 3509 896 3571 opomnpne
908 3493 985 3556 inter
997 3505 1142 3556 senonem
