2572 3936
439 183 524 238 nar.
543 183 637 238 Hrsr.
656 183 695 238 lx
714 190 748 240 aa
768 187 894 255 (ss-se)
1107 185 1170 249 141

154 351 223 394 rum
246 341 361 394 tantum
384 332 563 412 obstragulis
585 337 643 396 sed
663 337 733 396 totis
757 335 885 398 socculis
908 337 1031 410 addunt.¹
1074 355 1171 415 neque

156 424 237 482 enim
258 429 376 501 gestare
400 424 458 482 iam
480 425 667 506 margaritas,
691 427 749 486 nisi
773 425 888 486 calcent
911 444 944 486 ac
967 443 1022 504 per
1045 427 1172 486 uniones

156 513 245 572 etiam
268 510 433 594 ambulent,
461 514 532 572 satis
555 520 610 574 est.
655 517 687 574 in
711 523 815 578 nostro
837 517 914 576 mari
936 515 1064 594 reperiri
1087 514 1224 574 sole-115

81 676 83 680 ι
157 599 238 682 bant,
262 600 398 662 crebrius
422 602 501 660 circa
519 600 686 682 Bosporum
705 603 873 685 ThracIum,
897 605 1012 664 rudae
1034 606 1117 683 parvi
1140 605 1171 663 in

128 706 142 747 s
158 690 280 752 conchis
305 708 379 770 quas
394 708 474 770 myas
489 691 645 770 appellant.
683 700 712 754 at
726 695 755 754 in
771 694 934 756 Acarnania
954 711 1029 772 quae
1048 701 1171 754 vocatur

154 781 225 861 pina
248 782 354 860 gignit,
385 798 443 859 quo
472 789 594 860 apparet
620 799 681 842 non
704 801 763 843 uno
792 777 922 844 conchae
945 800 1056 862 genere
1080 773 1171 845 nasci.

155 887 284 948 namque
314 877 345 929 et
374 868 460 930 luha
492 869 582 930 tradit
611 869 744 932 Arabicis
776 872 918 936 concham
946 889 1015 934 esse
1045 872 1171 934 similem

154 961 269 1038 pectini
288 960 412 1040 insecto,
434 957 580 1021 hirsutam
597 959 774 1022 echinorum
791 962 889 1043 modo,
911 965 1011 1042 ipsum
1029 963 1172 1024 unionem

156 1049 187 1108 in
211 1067 300 1108 carne
324 1047 461 1128 grandini
484 1048 619 1110 similem.
658 1049 788 1112 conchae
812 1050 964 1112 nautales
988 1051 1024 1111 ad
1043 1069 1097 1112 nos
1121 1051 1170 1112 ad-

115 1155 143 1194 ro
156 1137 304 1198 feruntur.
358 1155 414 1197 nec
446 1139 478 1198 in
508 1137 672 1198 Acarnania
701 1147 801 1200 autern
830 1139 939 1201 laudati
968 1143 1171 1221 reperiuntur,

156 1245 294 1288 enormes
327 1234 357 1286 et
388 1227 445 1288 leri
482 1227 649 1306 colorisque
682 1231 848 1292 marmorei.
917 1227 1055 1290 meliores
1093 1231 1172 1290 circa

155 1315 286 1397 Actium,
320 1315 372 1376 sed
400 1321 430 1376 et
460 1315 493 1375 hi
524 1318 620 1396 parvi,
652 1325 682 1377 et
714 1319 744 1380 in
775 1317 975 1379 Mauretaniae
1007 1319 1171 1378 maritimis.

155 1404 358 1466 Alexander
385 1403 595 1484 polyhistor·
619 1414 648 1466 et
677 1405 834 1468 Sudines
860 1424 1017 1468 senescere
1042 1425 1094 1466 eos
1117 1425 1170 1486 pu·

156 1501 221 1555 tant
245 1493 437 1572 coloremque,
459 1497 618 1573 exspirare.

116 1598 143 1639 15
224 1576 298 1666 (57)
322 1581 435 1644 Eorum
449 1601 559 1663 corpus
579 1584 706 1649 solidum
720 1603 786 1646 esse
805 1585 995 1648 manifestum
1010 1591 1064 1665 est,
1083 1583 1225 1663 quodrto

157 1672 238 1734 nullo
257 1672 341 1752 lapsu
361 1673 548 1752 franguntur.
583 1691 643 1734 non
662 1681 762 1736 antem
781 1692 899 1753 semper
918 1675 949 1735 in
967 1673 1064 1737 media
1083 1691 1172 1734 carne

156 1763 358 1842 reperiuntur,
383 1763 435 1822 sed
459 1761 523 1824 aliis
547 1759 635 1842 atque
659 1763 724 1824 aliis
746 1763 829 1846 loeis,
851 1763 1037 1842 vidimusque
1060 1764 1119 1826 iam
1141 1763 1173 1820 in

157 1853 299 1912 extremis
322 1853 409 1913 etiam
431 1851 615 1931 marginibus
633 1851 714 1912 velut
737 1869 753 1912 e
777 1851 890 1913 coneha
913 1859 1066 1932 exeuntes,
1090 1859 1119 1912 et
1142 1852 1173 1910 in

159 1940 336 2020 quibusdam
355 1947 517 2020 quaternos
536 1943 711 2020 quinosque.
749 1941 865 2020 pondus
885 1941 996 2004 adhoc
1016 1942 1079 2012 aevi
1098 1957 1173 2000 sem-

118 2045 146 2085 10
159 2032 264 2091 unciae
297 2033 385 2110 pauci
418 2029 542 2110 singulis
574 2030 712 2110 scripulis
745 2049 909 2092 excessere.
964 2031 994 2090 in
1024 2027 1174 2090 Britannia

158 2138 265 2200 parvos
294 2127 383 2199 atque
412 2119 565 2182 decolores
586 2121 671 2180 nasci
699 2127 815 2180 certum
838 2126 897 2201 est,
927 2121 1067 2199 quoniam
1089 2118 1174 2179 divus

128 2204 131 2209 ’
160 2208 253 2270 lidins
277 2208 429 2270 thoracem
452 2209 664 2288 quemVeneri
684 2208 835 2272 Genetrici
857 2207 1019 2288 intemplo
1043 2209 1108 2268 eius
1131 2207 1173 2268 di·

161 2300 237 2358 cavit
261 2317 297 2358 ex
320 2297 499 2358 Britannicis
523 2301 690 2378 margaritis
713 2300 825 2361 lactum
847 2297 975 2358 voluerit
997 2297 1137 2376 intellegi.

229 2380 302 2469 (58)
335 2385 458 2448 Lolliam
480 2386 646 2468 Paulinam,
676 2407 750 2466 quae
779 2389 836 2448 luit
859 2387 911 2448 Gai
938 2389 1081 2466 principis
1104 2395 1225 2446 1110-111

118 2490 146 2530 as
161 2483 256 2556 trona,
279 2493 317 2536 ne
340 2477 419 2535 serio
439 2475 559 2553 quidem
582 2484 632 2536 aut
651 2477 785 2538 sollemni
804 2478 1052 2536 caerimoniarum
1075 2474 1173 2554 aliquo

160 2572 302 2646 apparatu
322 2563 374 2624 sed
393 2564 588 2624 mediocrium
608 2567 697 2625 etiam
715 2565 897 2644 sponsalium
915 2583 998 2646 cena,
1020 2565 1080 2624 vidi
1098 2581 1173 2624 zma-

158 2654 258 2734 ragdis
290 2655 517 2732 margaritisque
550 2661 697 2736 opertam,
730 2653 843 2714 alterno
876 2661 958 2714 textu
992 2652 1173 2732 fulgentibus

159 2751 222 2806 toto
238 2745 343 2824 capite,
362 2742 504 2824 crinibus,
524 2741 640 2824 [spira]
661 2742 792 2824 auribus,
812 2743 896 2823 collo,
915 2740 1112 2823 [monilibus]
1132 2741 1173 2801 di·

159 2835 289 2913 gitisqne
323 2866 364 2874 —-
398 2850 512 2894 summa
544 2833 807 2912 quadringentiens
843 2831 901 2892 HS.
935 2829 1090 2910 colligebat
1123 2865 1174 2911 —,

119 2925 255 3002 seipsam
278 2922 437 2982 confestim
463 2930 595 3002 paratam
618 2924 875 3002 mancupationem
903 2919 1011 2982 tabulis
1038 2919 1173 3000 probare.

159 3055 374 3070 mv·

234 3111 437 3182 lobshragulis
457 3111 505 3168 sed
522 3127 547 3166 a.
576 3111 623 3166 -lis
642 3114 671 3166 ei
687 3110 806 3164 Mlila.
835 3111 930 3165 obstra
948 3112 977 3165 01
994 3111 1038 3166 12¹.
1068 3111 1173 3165 abstra-

161 3184 253 3238 1011.
353 3184 580 3254 4bosphor01t.
684 3182 998 3237 scemmenstete.
1017 3187 1041 3236 d.
1070 3182 1175 3236 antei

163 3257 207 3308 art
224 3253 294 3310 1¹12.
368 3255 524 3310 ‘lsimilem
543 3259 567 3308 d.
596 3254 629 3307 -li
647 3271 669 3309 r.
743 3253 808 3308 8111
827 3255 939 3308 senecta
957 3259 981 3308 11.
996 3253 1111 3308 ‘insecta
1130 3269 1175 3309 ro.

161 3332 345 3394 exspectemus
362 3327 459 3396 potius
482 3325 612 3380 similiter
633 3325 738 3396 pectini
762 3325 906 3380 insectere.
999 3331 1031 3378 12
1050 3325 1176 3394 paruiseb

161 3403 244 3452 MR.
272 3398 416 3470 perfluissfs
433 3402 456 3451 d.
514 3403 546 3451 15
567 3397 688 3452 solidum
706 3402 751 3451 do.
770 3413 821 3452 om.
840 3415 864 3450 r.
920 3401 953 3450 18
971 3396 1050 3450 velut
1068 3411 1083 3450 e
1102 3397 1185 3451 Dect

162 3470 251 3524 lubae
270 3487 294 3522 a.
324 3469 431 3523 111111
461 3469 517 3523 -lnt
533 3486 556 3524 r.
612 3475 646 3523 20
665 3469 782 3539 singulis
800 3485 825 3522 0.
850 3467 884 3522 -li
901 3469 929 3522 ll.
984 3469 1173 3522 2710111010.

162 3544 203 3596 -to
222 3559 245 3596 r.
318 3545 352 3595 28
371 3541 488 3596 00011100
501 3541 587 3610 posui
605 3557 665 3595 curo
680 3539 897 3596 Friedloendero
915 3539 973 3595 ind.
993 3539 1051 3595 lect.
1069 3537 1163 3609 nepe·

161 3618 236 3668 1867
250 3616 309 3683 pal
399 3617 432 3666 29
452 3630 523 3681 quae
543 3630 653 3666 summa
670 3616 722 3666 Ito.
742 3613 803 3667 dist.
824 3611 897 3666 Deli.
988 3617 1022 3666 30
1040 3612 1112 3682 ipsu

161 3702 205 3740 -sa
223 3703 246 3740 r.
281 3686 285 3754 Ι
319 3686 448 3754 paratam
467 3689 512 3738 ad.
541 3685 575 3738 -ti
593 3689 624 3739 F,
648 3686 689 3738 -10
707 3701 731 3740 r.
