2392 3946
186 128 253 194 354
532 127 561 184 (l.
580 127 681 184 PLINI
699 125 857 182 SECUNDI

186 282 251 342 cior
274 287 320 341 est
338 277 515 361 coccolobb,
537 277 595 340 boc
618 276 732 338 melior.
769 275 822 336 sed
845 284 876 337 et
899 281 1017 338 austera
1039 276 1175 336 transitio

186 367 304 430 dulcem
322 373 480 450 vetustate,
502 375 533 428 et
551 383 627 447 quac
647 365 742 428 dulcis
761 367 818 428 luit
835 367 867 426 in
885 365 1094 427 austeritatem.
1122 372 1176 424 tunc

186 456 297 520 Albano
315 459 385 518 rino
404 455 599 518 aemulantur.
639 455 762 518 tradunt
780 456 895 516 vesicae
914 455 992 516 vitiis
1010 453 1177 514 utilissimum

133 553 167 602 ³1
187 565 224 608 ex
255 547 293 608 iis
323 553 437 627 potum.
487 544 612 606 albuelis
644 547 768 608 summis
800 542 958 606 arboribus
989 541 1112 606 fertilior
1139 551 1178 622 est,

184 633 289 696 visulla
318 637 394 698 imis.
445 634 639 716 quamobrem
668 637 747 696 circa
774 633 894 696 easdem
923 641 1003 695 satae
1034 632 1178 694 diversitate

185 732 308 786 naturae
322 723 514 806 locupletant
541 724 729 788 inerticulam
743 742 759 785 e
774 725 868 804 nigris
882 722 1077 804 appellavero,
1093 723 1179 782 iustus

186 812 316 876 sobriam
335 813 454 896 dicturi,
477 815 643 876 inveterato
660 815 822 895 praecipue
841 811 1106 876 commendabilem
1120 812 1179 889 rino,

186 902 238 964 sed
256 902 370 965 viribus
388 905 549 987 innoxiam,
571 900 721 984 siquidem
736 902 942 966 temulentiam
960 901 1023 964 sola
1041 917 1100 961 non
1121 900 1178 959 lacit

131 999 165 1046 32
252 988 318 1074 <5>
350 992 500 1054 Fertilitas
529 992 716 1056 commendat
743 999 859 1054 ceteras
886 993 1110 1072 principemque
1134 986 1177 1048 hel·

185 1099 356 1144 vennaeam.
392 1083 451 1145 duo
471 1085 536 1144 eius
555 1100 678 1162 genera:
700 1083 795 1144 maior
818 1099 908 1162 quam
930 1079 1053 1162 quidam
1074 1079 1177 1158 longam,

185 1172 283 1232 minor
306 1189 395 1252 mam
422 1189 557 1234 marcum
584 1170 746 1253 appellant,
774 1189 835 1232 non
862 1167 924 1232 tam
950 1169 1119 1251 secundam,
1141 1165 1177 1227 sed

185 1262 345 1340 gratiorem
367 1260 484 1324 haustu.
521 1262 704 1324 discernitur
726 1260 796 1322 lolio
819 1261 972 1341 circinato,
995 1276 1100 1320 verum
1119 1267 1176 1317 utra

185 1368 244 1429 que
275 1349 403 1430 gracilis.
456 1350 557 1414 furcas
594 1349 723 1412 subdere
759 1352 796 1412 iis
835 1350 1059 1435 necessarium,
1094 1345 1176 1426 moqu

185 1437 353 1500 ubertatem
376 1457 460 1505 suam
483 1459 544 1502 non
566 1439 703 1502 tolerant.
748 1441 897 1502 maritimo
926 1437 1040 1500 adflatu
1067 1436 1176 1518 gaudent

132 1533 166 1582 33
186 1527 302 1590 roseida
332 1527 431 1592 odere.
483 1528 564 1592 nulla
593 1530 698 1590 vitium
728 1531 827 1592 minus
856 1528 970 1590 ltaliam
1005 1534 1096 1610 amat,
1122 1543 1176 1604 rara,

185 1635 285 1699 parva,
303 1625 481 1698 putrescens
498 1621 531 1680 in
549 1637 593 1700 ea,
611 1621 680 1680 vino
699 1637 819 1700 quoque
838 1619 918 1698 qarod
937 1619 1046 1698 gennit
1064 1623 1175 1678 aestatem

185 1724 246 1768 non
269 1724 467 1790 exsuperans,
493 1726 550 1770 nec
578 1707 633 1770 alia
655 1726 757 1770 macro
781 1707 844 1770 solo
867 1707 1054 1770 familiarior.
1097 1704 1173 1765 Grae·

185 1797 306 1878 cinus,
342 1798 395 1878 qui
432 1795 542 1877 aboqui
578 1796 787 1860 Cornelium
824 1795 966 1858 Celsum
1005 1795 1171 1874 transcripsit,

185 1883 347 1948 arbitratur
374 1903 435 1947 non
462 1893 599 1948 naturam
627 1888 693 1949 eins
720 1904 888 1967 repugnare
912 1885 1031 1969 ltaliae,
1063 1885 1111 1947 sed
1132 1880 1182 1954 cul-t

183 1983 281 2036 turam
310 1974 394 2036 avide
423 1975 559 2056 palmites
589 1978 806 2048 evocantium„
835 1975 874 2037 ob
904 1976 935 2037 id
964 1975 1115 2038 fertilitate
1134 1981 1181 2032 suat

183 2062 308 2146 absumi,
330 2066 357 2126 si
379 2081 440 2126 non
462 2066 654 2146 praepinguis
677 2065 733 2127 soli
755 2064 877 2136 ubertas
901 2065 1111 2126 lassescentem
1126 2067 1180 2119 sus-l

182 2155 284 2228 tineat.
333 2151 548 2216 carbunculare
571 2161 711 2238 negatur,
740 2173 846 2234 magna
868 2154 951 2236 dote,
978 2157 1007 2214 si
1031 2169 1124 2214 rorum
1141 2141 1179 2208 eall

183 2241 279 2320 abqua
301 2244 333 2303 in
355 2243 415 2304 vite
438 2243 520 2308 caelo
542 2262 603 2306 non
627 2262 693 2306 esse
715 2246 773 2306 ins.
893 2261 916 2294 τ
1177 2217 1178 2272 ¹

131 2337 166 2386 34
252 2327 318 2412 <6>
341 2331 450 2396 Aestus
469 2333 528 2396 lert
546 2335 671 2416 spionia,
689 2351 778 2415 quam
796 2333 916 2413 quidam
934 2335 1071 2414 spineam
1087 2335 1168 2404 rocmt

183 2423 393 2502 autumnisque
412 2421 559 2486 imbribus
576 2425 755 2503 pinguescit
791 2425 864 2502 quin
886 2425 977 2484 immo
1000 2421 1113 2485 nebulis
1131 2431 1175 2512 mrp

183 2509 280 2592 alitur,
303 2509 342 2572 ob
360 2510 391 2572 id
409 2511 573 2574 Ravennati
591 2531 662 2593 agro
685 2512 852 2594 peculiaris.
880 2511 1096 2586 vennunculam
1114 2511 1174 2590 interp

182 2601 292 2678 optime
316 2599 547 2664 deflorescentes
570 2610 601 2663 et
623 2601 690 2663 ollis
717 2604 899 2684 aptissimam
922 2601 1065 2683 Campani
1085 2597 1173 2670 malunt

254 2779 268 2826 1
289 2772 431 2830 aaronis
445 2790 491 2828 aa.
563 2743 768 2844 accusatam
781 2775 969 2832 temnat.
987 2775 1040 2843 cfr.
1053 2775 1101 2829 zue
1109 2773 1171 2842 ula-t

252 2849 269 2899 3
288 2844 422 2900 albanum
444 2845 541 2901 mnam
559 2839 888 2918 ocdd.ootte'Gel{Hord.
997 2852 1014 2902 5
1037 2843 1127 2926 uisnllt

181 2914 241 2970 ·nln
258 2921 328 2972 Boe.
356 2915 454 2972 rimula
472 2921 496 2972 d.
524 2915 587 2972 nisu
605 2935 630 2972 e.
656 2919 661 2988 Ι
851 2962 857 2975 .
1022 2960 1046 2982 .,

180 2987 283 3070 natura
300 2993 335 3042 lt.
426 2995 451 3044 9.
463 2995 497 3045 10
514 2989 701 3046 belnenccam
719 2991 804 3048 dedat.
815 2994 879 3047 octe
886 2989 967 3046 Brot.
995 2989 1095 3045 -aicam
1109 2985 1130 3039 Β

181 3075 324 3116 -nnmoem
346 3077 371 3114 ι.
403 3061 479 3116 celu-
503 3079 525 3119 o.
634 3066 667 3118 11
691 3079 788 3118 arcum
806 3081 831 3117 ι
862 3078 944 3119 ·-oam
961 3056 1135 3120 eddonem

180 3147 323 3186 emarcum
342 3131 435 3188 Hord.
448 3149 463 3188 e
478 3134 582 3189 Gelam.
596 3136 742 3200 Illmd.
791 3153 796 3158 ·
829 3140 862 3190 ta
882 3133 1033 3190 subderem
1050 3150 1071 3188 e.
1096 3127 1143 3184 subl

180 3222 227 3257 ι,
279 3208 312 3257 to
332 3202 472 3258 roscidam
489 3209 525 3257 Ι.
558 3203 606 3259 ·do
624 3203 1142 3276 sedd.eeoe13roc.toaoreareddo

179 3273 258 3328 Brot.
346 3278 380 3329 1e
397 3273 495 3328 mnum
512 3273 833 3334 praecommonere
846 3275 904 3332 Get.
990 3283 1022 3332 17
1041 3289 1116 3343 exopt

179 3347 214 3395 Ι.
243 3359 284 3427 ou
301 3343 413 3400 rante?
442 3345 506 3399 exui
524 3361 606 3412 erens
625 3349 730 3417 (errans
743 3351 777 3418 a.)
797 3366 840 3412 uo.
926 3353 961 3404 20
979 3347 1111 3404 fertilitate
1124 3357 1142 3392 s

179 3415 368 3471 iceneDol.
402 3417 472 3470 -tam
496 3432 576 3472 suam
593 3435 637 3474 ro.
703 3449 706 3474 :
733 3425 767 3474 22
792 3419 987 3484 carbunculari
1004 3436 1065 3474 eoo.
1132 3415 1141 3460 ἓ

179 3484 273 3536 cestus
292 3486 366 3540 111².
396 3487 439 3540 -tn
451 3487 517 3541 n1d.
546 3490 938 3562 -bnmro.lpionin21Dctl.
966 3485 1120 3557 eadm-0⁰1

178 3553 267 3617 1112,
277 3559 324 3608 27.
402 3561 435 3636 id
454 3557 645 3629 imbribnsqne
663 3559 693 3617 (ι’
716 3563 746 3618 ei
763 3562 899 3620 imbribus
917 3580 942 3620 o.
1016 3567 1049 3618 26
1065 3567 1142 3614 amn

177 3619 271 3676 culam
289 3628 324 3678 Ι.
351 3627 511 3684 nouaculam
529 3646 553 3688 r.
