2286 3938
134 161 198 229 232
480 173 511 223 c.
532 175 627 224 amns
650 175 800 225 sucuunr

134 335 164 396 bi
181 332 235 394 sub
250 349 324 410 rege
340 327 515 410 elephantos
528 347 586 390 nou
599 330 676 391 alunt
692 331 795 392 fiducia
807 331 935 412 equitum
948 330 1128 412 peditumque,

136 417 365 492 Odonbaeores,
392 413 571 476 Arabastrae
593 413 724 476 Thorace
751 416 824 478 urbe
845 417 962 496 pulchra
987 419 1073 480 lossis
1092 437 1129 496 pa·

64 577 70 588 ⁸
136 501 276 563 lustribus
287 501 395 560 munita
407 517 462 580 per
474 517 544 578 quas
557 499 697 560 crocodili
711 500 828 562 bmnaui
842 503 976 581 eorporis
990 501 1128 562 avidissimi

136 587 243 648 aditum
257 587 313 646 uisi
329 595 420 665 ponte
432 601 494 644 non.
506 584 583 646 dant.
611 592 640 644 et
652 583 729 646 aliud
744 586 819 666 apud
834 586 902 646 illos
918 586 1048 648 laudatur
1063 589 1130 665 oppi-

136 671 201 732 dum
213 669 381 747 Automula,
395 669 552 749 inpositum
564 669 655 748 litori,
669 667 697 728 V
710 672 831 732 amnium
842 675 871 730 in
884 689 968 732 unum
981 661 1138 740 conduentsl

136 772 297 832 concursu,
321 756 453 834 emporio
470 753 572 814 nobili.
604 755 669 833 regi
691 772 792 815 sermm
813 754 960 834 elephanti
974 753 1005 816 hl
1020 753 1079 832 lto,
1092 773 1131 834 pe·

136 839 225 900 ditum
240 837 286 899 Ob
302 837 347 917 hl,
373 839 500 916 equitum
515 837 542 896 V
556 837 592 898 hl.
628 841 787 918 pauperior
803 837 988 900 Charmarum
1009 857 1063 900 rex
1082 839 1130 900 ele·

83 935 118 986 'lb
136 923 259 1004 phantcs
281 922 331 984 tx
353 939 517 1002 parvasque
542 923 672 1002 reliquas
695 925 776 984 vires
797 923 895 986 babet.
940 923 987 986 Ab
1009 923 1054 984 his
1073 941 1132 1001 gens

135 1006 268 1085 Pandae,
283 1007 348 1068 sola
361 1007 499 1068 Indorum
514 1017 637 1085 regnata
651 1007 777 1068 feminis.
807 1027 890 1072 nnana
904 1006 1026 1069 Herculi
1042 1027 1132 1068 seruus

135 1094 199 1154 eius
221 1093 349 1170 genitam
368 1093 466 1152 ierunt
490 1091 528 1152 cb
555 1092 644 1171 idque
665 1093 842 1170 gratiorem,
872 1094 1034 1172 praecipuo
1055 1111 1131 1169 reguo

135 1177 277 1238 donatam.
304 1177 340 1237 ab
353 1195 389 1238 ea
401 1175 579 1238 deducentes
596 1177 739 1256 originem
755 1179 921 1256 imperitant
933 1175 1011 1238 GGG
1023 1176 1132 1256 oppidis,

134 1261 264 1341 pediturn
280 1259 325 1322 Ob
339 1259 384 1339 ll,
403 1259 566 1339 elephantis
581 1261 624 1340 lt,
641 1270 710 1341 pust
730 1261 804 1322 bane
823 1259 898 1322 GGG
915 1261 1027 1322 urbium
1042 1263 1139 1320 seriem

134 1346 306 1424 Derangae,
328 1345 493 1424 Posingae,
516 1345 627 1424 Ratae,
650 1345 815 1425 Gogaraei,
845 1345 991 1424 Umbrae,
1021 1344 1133 1418 Nereae,

134 1430 288 1516 Brangosi,
304 1429 476 1509 Nobundae,
491 1427 657 1508 Cocondae,
669 1430 774 1510 Nesei,
783 1430 935 1509 Palatitae,
950 1429 1133 1504 Salobriasae,

135 1514 278 1576 Orostrae
292 1513 419 1575 Patalam
438 1514 559 1576 insulam
570 1518 766 1594 attingentes,
783 1517 892 1576 acuius
910 1523 1045 1576 extremo
1061 1513 1132 1574 litore

83 1611 116 1659 77
134 1599 170 1660 ad
190 1596 311 1677 Gaspias
334 1608 434 1678 portas
458 1601 575 1682 lx—vffit‘l
597 1598 679 1660 XXV
695 1599 724 1660 lt
739 1601 910 1680 produntur.
954 1598 1030 1660 lline
1044 1597 1133 1660 deiude

135 1683 269 1744 accolunt
300 1683 400 1744 Indum
438 1685 580 1744 adversus
615 1702 679 1744 cunr
711 1685 869 1746 scandente
899 1684 1134 1746 demonstratione

134 1765 288 1846 blathoae,
309 1761 468 1846 Bolingae,
491 1765 692 1845 Gallitalutae,
711 1767 838 1846 Dimuri,
853 1768 984 1848 Megari,
1001 1767 1140 1842 Arcenam

134 1852 251 1930 blasae,
276 1852 351 1930 Abi,
374 1852 457 1930 Suri,
478 1853 576 1930 Silae,
599 1869 668 1912 mox
687 1851 805 1914 deserta
824 1854 853 1913 im
869 1852 942 1913 GCL
956 1853 986 1914 lt
1003 1871 1129 1934 passuum

135 1935 240 2016 quibus
263 1939 430 2016 exuperatis
457 1935 647 2016 Organagae,
669 1935 820 2014 Abortae,
841 1936 1037 2016 Bassuertae,
1063 1946 1090 1998 et
1107 1935 1132 1994 ab

134 2020 180 2080 bis
196 2021 370 2082 solitudines
384 2021 532 2101 prioribus
549 2040 644 2100 pares.
677 2020 744 2082 dein
763 2023 937 2100 Sorofages,
956 2021 1074 2096 Arbae,
1088 2019 1133 2081 lla·

134 2114 320 2183 rogomatrae
338 2104 488 2166 Umbritae
509 2104 665 2186 Geaeque,
688 2123 809 2184 quorum
825 2105 882 2168 Xll
898 2108 1035 2169 nationes
1052 2109 1133 2182 singu·

80 2199 85 2206 '
134 2189 231 2267 lisque
247 2190 332 2251 binae
346 2190 452 2266 urbes,
469 2191 553 2252 Asini
566 2193 649 2252 trium
662 2191 774 2252 urbium
788 2191 911 2254 incolae.
942 2200 1033 2272 capnt
1048 2207 1141 2274 eorum,

134 2273 298 2353 bucephala
314 2275 473 2336 Alexandri
490 2277 570 2354 regis
587 2293 663 2354 equo
678 2277 723 2336 eui
739 2277 836 2338 iuerat
851 2277 907 2338 hcc
922 2294 1031 2338 nornen
1045 2276 1084 2336 ibi
1098 2291 1133 2332 se·

83 2368 117 2419 78
135 2358 217 2438 pultc
236 2358 392 2421 eonditum.
419 2362 546 2420 montani
564 2378 652 2440 super
663 2359 717 2421 bos
734 2360 865 2426 Gaueasn
881 2362 1007 2424 subiecti
1024 2360 1133 2420 Sosaea-

134 2441 200 2518 dae,
213 2442 356 2522 Sondrae,
369 2447 622 2524 transgressisque
637 2445 736 2508 ludum
751 2457 781 2509 et
791 2463 854 2509 eunt
869 2465 906 2508 eo
921 2444 1133 2506 decurrentibus

135 2526 331 2606 Samarabiae,
344 2526 541 2605 Sambraceni,
554 2529 756 2606 Bisambritae,
768 2529 846 2605 Orsi,
859 2529 1015 2606 Andiseni,
1029 2527 1133 2588 Taxilae

134 2629 198 2672 enm
214 2612 286 2672 urbe
302 2613 431 2690 celebri,
454 2615 509 2672 ianr
524 2614 554 2672 in
570 2613 653 2692 plana
673 2614 800 2674 demisso
815 2621 925 2692 macta,
947 2615 993 2674 cui
1010 2616 1133 2674 uniuerso

134 2714 240 2758 nomen
256 2696 422 2776 Amendae,
441 2698 543 2777 populi
567 2707 721 2776 quattuor,
742 2696 925 2774 Peucolitae,
948 2697 1132 2776 Arsagalitae.

136 2781 279 2859 Geretae,
308 2782 407 2842 Assoi.
452 2783 560 2846 etenim
588 2781 720 2860 plerique
746 2781 781 2841 ab
807 2783 959 2844 occidente
989 2801 1052 2844 non
1075 2779 1132 2842 ludu

91 2914 95 2918 .
135 2881 217 2926 amne
233 2865 436 2944 determinant,
453 2866 506 2928 sed
520 2866 644 2926 adiciunt
658 2874 795 2945 quattuor
810 2869 965 2946 satrapias,
982 2865 1133 2935 Gedrusos,

135 2949 315 3028 Arachotos,
331 2951 438 3028 Arios,
453 2950 689 3030 Paropanisidas,
705 2951 803 3012 ultimo
819 2953 877 3012 line
891 2947 1029 3032 Cophete
1047 2949 1133 3024 fluvio,

135 3051 210 3112 quae
227 3037 320 3095 ornnia
339 3035 475 3096 Ariorum
493 3055 562 3096 csse
580 3035 644 3096 aliis
661 3036 765 3116 placet.

83 3127 118 3181 no
194 3115 244 3179 21.
267 3117 404 3180 Necnon
426 3129 456 3180 et
471 3119 579 3197 Nysam
594 3121 695 3183 urbem
712 3121 846 3201 plerique
864 3121 962 3184 lndiae
978 3120 1134 3181 adscribunt

135 3211 320 3282 montemque
336 3203 448 3264 blesum
463 3203 572 3265 Libero
587 3205 665 3266 Patri
687 3223 813 3283 sacrum,
836 3207 912 3268 unde
928 3208 1014 3283 origo
1031 3203 1132 3265 tabulae

135 3289 214 3348 louis
230 3289 336 3349 lemine
353 3287 469 3348 editum.
510 3291 579 3348 item
600 3291 772 3368 Aspaganos
790 3301 911 3368 gentem
933 3291 1000 3350 uitis
1024 3298 1056 3349 et
1074 3287 1132 3347 lauri

136 3381 166 3432 et
182 3373 251 3432 buxi
268 3391 477 3452 pomorumque
494 3375 617 3441 omnium
635 3376 663 3432 in
679 3373 800 3435 Graecia
814 3376 989 3435 nascentium
1008 3373 1132 3434 fertilem.

136 3473 210 3535 qnae
232 3457 413 3517 memorande
437 3463 467 3516 et
488 3475 582 3536 prope
606 3457 737 3517 fabulosa
761 3459 799 3520 de
826 3460 976 3520 fertilitate
998 3467 1093 3518 terrae
1111 3459 1135 3510 ct
