2308 3936
126 179 167 244 86
493 197 523 246 c.
540 199 636 246 unum
653 197 804 246 saccum

126 349 220 427 iugari
237 350 327 413 diram
347 353 424 413 illam
445 372 480 414 ac
501 355 643 414 minacem
664 353 899 435 appellatamque
921 356 1067 418 Helenam
1088 357 1130 418 ie·

126 442 206 508 runt,
230 445 259 494 et
281 435 319 496 ob
339 437 368 497 id
383 437 495 498 Polluci
518 448 547 499 et
563 435 678 498 Castori
700 439 729 499 id
749 458 853 500 numen
869 441 1035 520 adsignant,
1063 460 1130 503 eos·

127 533 183 596 que
199 519 228 577 in
243 521 314 580 mari
329 520 402 582 deos
419 523 562 583 invocant.
587 522 738 584 Hominum
755 542 872 604 quoquc
889 527 985 606 capita
1003 545 1130 606 vesper-

126 601 193 662 tinis
215 621 319 681 magno
342 608 497 684 praesagio
522 607 750 686 circuminigcnt
779 611 872 670 omnia
887 611 997 672 incerta
1013 613 1131 673 ratione

127 694 157 746 et
171 686 201 746 in
217 697 335 750 naturae
350 691 499 751 maiestate
517 691 623 754 abdita.
1142 721 1152 761 ι

84 777 136 833 loa
198 770 249 832 38.
273 772 357 854 (38.)
381 772 526 836 Hactenus
548 776 585 838 dc
608 777 713 839 mundo
727 779 793 858 ipso
809 777 1021 860 sideribusque.
1047 798 1132 840 nunc

125 854 240 934 reliqua
256 857 332 918 caeli
348 861 556 922 memorabilia.
583 881 706 942 namque
729 872 759 923 ct
781 863 838 924 hoc
856 864 968 924 caelum
992 864 1131 944 appella·

125 957 198 998 vere
213 941 341 1002 maiores
357 943 435 1023 quod
450 945 507 1007 alio
522 947 637 1008 nomine
653 965 732 1023 aera,
747 965 833 1008 omne
849 948 927 1028 quod
942 949 1018 1008 inani
1030 949 1131 1010 simile

126 1023 244 1084 vitalem
255 1025 331 1087 hunc
347 1027 475 1107 spiritum
489 1031 590 1092 inndit.
615 1030 691 1092 Infra
709 1032 803 1092 lunam
817 1031 892 1094 haec
908 1033 1007 1110 sedes,
1023 1035 1132 1094 multo·

126 1125 184 1190 que
205 1109 338 1188 inferior,
366 1121 394 1172 ut
415 1115 610 1177 animadverto
633 1117 843 1196 propemodum
864 1125 1013 1198 constare,
1034 1119 1148 1178 inlini-1

126 1204 183 1254 turn
203 1213 240 1256 err
261 1197 415 1278 superiore
439 1208 538 1261 natura
558 1201 650 1277 aeris,
681 1201 816 1262 inlinitum
831 1207 862 1262 et
874 1201 986 1262 terreni
1000 1197 1132 1262 balitnus

125 1280 252 1342 misnens
276 1292 396 1364 utraque
420 1292 499 1344 sorte
529 1277 721 1345 confunditur.
764 1283 838 1345 Hinc
858 1282 972 1360 nubila,
1001 1287 1132 1344 tonitrua

127 1371 156 1424 et
170 1365 226 1426 alia
243 1366 375 1443 fulmina,
392 1367 459 1428 binc
474 1368 639 1446 grandines,
657 1368 794 1446 pruinas,
821 1365 943 1442 imbres,
960 1367 1130 1445 procellae,

126 1447 266 1526 turbines,
279 1449 345 1512 hinc
358 1451 480 1530 plurima
498 1452 659 1513 mortalium
670 1452 744 1512 mala
756 1460 785 1512 et
795 1459 1017 1513 rerumnatnrae
1029 1469 1133 1532 pugna

82 1539 255 1598 loaseanm.
288 1534 417 1597 Terrena
432 1537 462 1596 in
477 1536 589 1597 caelum
604 1537 750 1598 tendentia
772 1535 906 1615 deprimit
927 1535 1056 1597 siderum
1075 1538 1148 1611 viar

128 1615 289 1699 eademque
312 1639 386 1702 quae
409 1629 513 1700 sponte
535 1639 593 1682 non
613 1621 734 1683 subeant
750 1619 787 1682 ad
808 1639 841 1681 se
863 1620 959 1682 trahit.
989 1619 1132 1682 decidunt

127 1700 254 1781 imbres,
276 1704 400 1768 nebulae
417 1705 556 1784 subeunt,
573 1707 716 1766 siccantur
729 1723 843 1781 amnes,
858 1714 942 1765 ruunt
956 1705 1130 1782 grandines,

126 1793 239 1849 torrent
246 1789 318 1851 radii
328 1797 359 1850 et
369 1797 476 1850 terram
488 1790 517 1850 in
528 1787 726 1850 mediomundi
739 1786 865 1866 undique
877 1786 1030 1866 inpellunt,
1037 1788 1133 1849 iidem

125 1869 241 1934 infracti
255 1874 386 1936 resiliunt
404 1884 522 1954 atquae
540 1883 662 1954 potuere
684 1874 816 1934 auferunt
827 1879 948 1932 secum.
978 1888 1076 1950 vapor
1093 1891 1132 1932 ex

126 1952 185 2018 alto
206 1959 284 2020 cadit
304 1977 474 2038 rursumque
499 1960 528 2018 in
549 1959 635 2019 altum
651 1959 734 2020 redit.
763 1957 842 2018 venti
863 1957 995 2034 ingruunt
1009 1957 1129 2030 inanes,

124 2037 271 2122 iidemque
296 2061 360 2104 cum
379 2045 480 2122 rapina
501 2051 640 2104 remeant.
669 2051 712 2104 tot
728 2041 890 2104 animalium
906 2041 1022 2104 haustus
1039 2041 1131 2118 spiri·

65 2166 67 2170 ,
126 2129 185 2184 turn
199 2144 216 2185 e
232 2125 348 2186 sublimi
362 2126 463 2203 trahit,
481 2137 509 2188 at
525 2127 575 2188 ille
591 2136 691 2188 contra
705 2127 817 2202 nititur,
839 2125 985 2206 tellusque
1001 2132 1031 2184 ut
1048 2125 1133 2184 inani

99 2209 231 2270 odonelo
247 2211 376 2289 spiritum
390 2210 490 2272 fundit.
523 2212 573 2272 Sic
587 2211 662 2272 ultro
685 2212 758 2272 citro
778 2219 948 2272 commeante
971 2217 1075 2271 natura
1103 2219 1133 2268 nt

125 2303 268 2355 tormento
293 2294 390 2374 aliquo
413 2296 509 2356 nmndi
525 2297 675 2357 celeritate
699 2296 846 2356 discordia
863 2292 1040 2356 accenditur.
1074 2311 1134 2354 neo

125 2387 202 2438 stare
227 2397 342 2458 pugnae
366 2379 450 2457 licet,
473 2381 527 2441 sed
547 2381 667 2442 adsidue
689 2389 772 2459 rapta
795 2379 975 2440 convolvitur
996 2385 1026 2438 et
1047 2378 1153 2439 cirea

124 2472 231 2524 terram
252 2465 383 2526 inmenso
409 2484 505 2526 rerum
528 2483 631 2526 causas
653 2463 744 2542 globo
769 2465 910 2540 ostendit,
933 2461 1058 2524 subinde
1076 2480 1133 2541 per

121 2547 215 2611 nultos
224 2549 336 2612 caelum
351 2549 428 2610 aliud
444 2550 598 2611 obtexens.
629 2549 788 2610 Ventorum
803 2548 860 2610 boc
874 2566 1004 2627 regnum.
1027 2546 1132 2626 itaque

44 2702 46 2704 ,
124 2635 284 2714 praecipua
301 2653 402 2695 eorum
417 2643 518 2696 natura
539 2634 581 2694 ibi
596 2643 625 2695 et
644 2633 736 2694 ferme
753 2633 881 2715 reliquas
912 2631 1061 2712 conplexa
1098 2649 1132 2690 se

125 2735 243 2796 causas,
267 2720 400 2800 quoniam
416 2729 446 2780 et
460 2720 612 2780 tonitruum
631 2727 660 2779 et
674 2715 1044 2778 iniminumiactnusirorum
1063 2717 1130 2775 vio·

123 2801 230 2864 lentiae
242 2805 376 2883 plerique
393 2804 559 2881 adsignant,
588 2804 656 2885 quin
674 2812 703 2863 ct
718 2802 785 2863 ideo
801 2801 944 2882 lapidibus
960 2801 1067 2880 pluere
1088 2800 1131 2860 in·
1148 2828 1152 2835 ¹

123 2888 220 2963 terim,
234 2885 300 2967 quia
313 2897 401 2948 vento
418 2889 474 2948 sint
488 2889 578 2968 rapti,
596 2898 625 2949 et
640 2886 727 2948 multa
743 2886 883 2948 similiter.
910 2903 994 2965 quam
1010 2883 1049 2944 ob
1067 2901 1134 2944 rern

124 2970 206 3031 simul
222 2972 305 3050 plura
320 2972 443 3034 dicenda
458 2982 530 3034 sunt.

80 3065 133 3120 loc
205 3056 255 3118 39.
278 3057 362 3139 (39.)
387 3057 604 3137 Tempestatnm
620 3075 776 3137 rerumque
791 3055 929 3136 quasdam
946 3061 1036 3114 statas
1060 3071 1132 3113 esse

124 3157 243 3218 causas,
266 3144 405 3222 quasdam
421 3161 493 3204 vero
514 3143 647 3204 fortuitas
662 3150 710 3201 aut
725 3141 818 3202 adhuc
835 3140 954 3201 rationis
971 3138 1133 3217 inconper-

122 3233 181 3302 tae,
199 3227 380 3288 maniiestum
403 3237 458 3305 est,
497 3229 561 3306 quis
583 3229 659 3286 enim
674 3235 802 3287 aestates
818 3233 847 3285 et
861 3223 974 3285 hiemes
989 3239 1134 3300 quaeque

119 3310 151 3370 in
170 3312 350 3391 temporibus
373 3332 464 3376 annua
487 3314 553 3372 vica
578 3311 783 3388 intelleguntur
808 3309 935 3369 siderum
961 3314 1041 3366 motu
1065 3306 1134 3366 lieri

121 3393 254 3458 dubitet?
284 3396 322 3458 Ut
344 3397 415 3458 solis
437 3415 509 3476 ergo
525 3407 625 3457 natura
640 3393 828 3474 temperando
846 3393 1026 3469 intellegitur
1040 3407 1134 3482 anno,

121 3479 162 3541 sic
178 3482 356 3561 reliquorum
372 3500 488 3563 quoque
507 3481 634 3542 siderum
658 3479 777 3560 propria
793 3487 839 3540 cst
856 3477 1019 3558 quibusque
1036 3494 1086 3534 vrs
1105 3485 1136 3534 et
