2308 3936
213 229 297 280 mnu.
319 231 414 280 flrsr.
438 233 461 278 1.
484 221 565 290 (nvn.
585 233 669 281 xvrr.
689 223 800 298 xvrrr.)
980 219 1021 286 31

39 381 69 444 13.
79 382 217 444 avolsione
230 388 399 465 nascentia,
420 387 546 447 surculo.
575 385 624 450 14.
639 390 675 452 de
688 390 863 468 seminariis,
881 390 917 450 de
930 398 1022 451 trans·

36 468 132 528 lerendis
149 471 325 531 seminariis.
356 470 405 534 15.
424 473 459 532 de
470 471 554 532 ulmis
570 475 714 553 serendis,
734 473 781 539 16.
798 475 834 536 de
853 475 1020 553 scrobibus,

36 551 67 612 ll.
80 553 110 612 de
122 554 287 615 intervallis
304 557 457 634 arborum,
482 555 531 619 18.
550 557 586 617 de
598 560 715 638 umbra,
740 559 789 622 19.
805 560 841 620 de
854 559 1019 620 stillicidiis.

22 633 141 714 11111111
156 639 239 700 tarde
259 650 414 720 crescant,
436 661 509 721 quae
529 641 678 704 celeriter.
712 641 763 708 21.
786 646 950 724 propagine
972 662 1020 704 na·
1053 697 1060 706 .

34 717 141 810 scentia).
172 720 338 804 (22—26)
356 726 392 786 de
408 728 546 788 insitione
568 719 738 873 Quomodo
754 731 873 790 iuventa
891 731 946 806 sit,
968 725 1017 790 23.

33 807 163 870 inoculatio.
192 807 245 871 21.
264 829 380 888 genera
396 813 573 872 insitionum.
603 810 631 876 5.
648 813 685 873 de
699 815 760 873 vite
774 813 938 874 inserenda.
964 809 1017 874 26.

32 889 229 982 emplastratio).
274 893 349 974 (27)
374 914 453 956 ramo
478 899 637 958 nascentia.
680 895 752 979 (28)
778 917 852 976 quae
878 898 962 958 taleis
988 905 1019 956 et

31 979 139 1052 quomodo
155 989 307 1041 serantur.
344 977 411 1059 (29.
426 979 484 1060 30)
502 980 638 1043 Olearum
653 982 782 1060 cultura,
806 980 880 1061 (30)
896 999 1017 1061 operum

13 1061 181 1124 rosuroularium
198 1084 258 1144 per
275 1073 410 1144 tempora
427 1067 492 1126 anni
508 1067 649 1145 digestio,
665 1065 738 1147 (31)
754 1068 790 1128 de
810 1065 1016 1145 ablaqueandis

30 1153 47 1204 et
58 1146 267 1211 adcumulandis.
296 1148 369 1229 (32)
384 1151 428 1212 De
445 1151 555 1212 salicto.
582 1149 654 1232 (33)
669 1151 866 1212 harundineta.
895 1149 967 1230 (34)
979 1151 1016 1210 de

30 1232 106 1290 ceteris
120 1233 152 1294 ad
167 1237 303 1312 perticas
317 1245 346 1296 et
359 1236 442 1314 palos
457 1235 585 1298 caeduis.
614 1233 680 1316 (35.
697 1233 755 1314 36)
772 1235 929 1296 Vinearum
941 1238 1015 1294 ratio

30 1322 46 1372 11
57 1315 225 1380 arbustorum
243 1313 319 1404 (36.
338 1320 375 1380 ne
386 1339 461 1382 uvae
473 1321 508 1381 ab
525 1321 695 1382 animalibus
707 1315 917 1466 infestentur).
942 1317 1014 1398 (31)

28 1395 91 1459 llorbi
107 1403 251 1464 arborum.
290 1402 364 1482 (38)
380 1406 513 1484 prodigia
532 1425 571 1466 ex
586 1406 749 1467 arboribus.
780 1404 877 1486 (39-
904 1402 939 1482 l)
954 1403 1014 1464 tte·

8 1481 106 1547 'alicime
125 1488 266 1550 arborum
292 1484 365 1574 [40.
382 1492 526 1568 quomodo
547 1491 704 1570 rigandum.
739 1488 791 1552 41.
813 1490 956 1550 mirabilia
978 1489 1014 1550 de

28 1571 97 1645 riguis.
123 1569 176 1636 42.
214 1576 359 1636 castratio
376 1576 520 1635 arborum.
551 1571 604 1636 43.
628 1566 774 1646 quomodo
791 1568 1014 1628 circumfodien-

27 1655 72 1714 luu.
96 1654 142 1718 44.
159 1660 356 1738 caprificatio.
388 1656 439 1720 45.
457 1675 531 1736 quae
548 1659 706 1737 putationis
723 1657 803 1716 vitia.
835 1653 885 1718 46.
901 1654 954 1717 47.
977 1655 1014 1715 de

28 1745 225 1821 stercoratione,
248 1742 405 1803 arboribus
425 1737 665 1827 medicamenta).
704 1739 835 1802 Summa:
856 1759 906 1800 res
928 1749 958 1800 et
972 1739 1014 1799 hi·

28 1825 104 1885 stortae
120 1835 149 1886 et
163 1827 396 1888 observationes
411 1824 639 1886 mccclxxx.
767 1837 770 1846 ¹

8 1921 24 1968 o
65 1907 101 1968 Er
121 1913 310 1972 auctoribus:
342 1907 482 1972 cornelio
503 1909 638 1990 Nepote,
664 1907 775 1971 Catone
797 1909 950 1986 censorio,
972 1907 1012 1971 Μ.

8 1985 141 2072 ¹lamone,
162 1993 276 2074 Celso,
297 1995 454 2074 Vergilio,
472 1995 607 2074 Hygino,
629 1995 764 2056 Sasernis
786 2001 871 2074 patre
895 2002 925 2054 et
940 1994 1000 2054 illio

29 2073 107 2154 Serota,
123 2077 287 2160 Calpurnio
304 2081 417 2159 anso,
437 2081 554 2159 Trogo,
570 2081 699 2142 Aemilio
715 2078 831 2155 llacro,
854 2077 1011 2158 Graecino,

29 2155 169 2240 Columella,
200 2165 305 2226 Attico
332 2164 424 2246 Iulio,
451 2165 600 2244 Fabiano,
625 2164 753 2226 blamilio
780 2163 871 2241 Sura,
901 2162 1011 2224 Dessio

28 2239 115 2326 londo,
137 2248 169 2310 (l.
190 2248 320 2330 Epidio,
345 2248 375 2310 1,
397 2250 514 2312 Pisone.
558 2249 713 2310 Externis:
740 2247 890 2326 Hesiodo,
916 2246 1011 2308 Theo-

8 2327 127 2412 ppirasto,
144 2334 333 2414 Aristotele,
349 2334 537 2414 Democrito,
555 2333 758 2413 Theopompo,
778 2332 908 2393 Hierone
923 2351 1010 2412 rege,

27 2409 192 2480 Philometore
208 2439 303 2498 rege,
325 2419 427 2480 Attalo
442 2439 532 2498 rege,
549 2419 697 2497 Archyta,
714 2416 926 2498 Xenophonte,
944 2417 1011 2478 Am-

8 2495 9 2508 *
27 2497 130 2572 pliloeho
143 2505 343 2582 Atheniense,
359 2504 517 2585 Anaxipoli
539 2503 659 2582 Thasio,
675 2502 861 2583 Apollodoro
878 2503 1011 2580 lemnio,

28 2579 185 2666 Aristophane
209 2589 349 2667 Milesio,
379 2589 530 2668 Antigono
558 2587 704 2666 Cymaeo,
732 2587 898 2666 Agathocle
923 2586 1008 2665 chio,

30 2665 150 2746 Apollonio
161 2675 360 2754 Pergameno,
377 2675 502 2736 Bacchio
514 2673 643 2752 blilesio,
658 2673 751 2734 Bione
763 2672 900 2750 Solense,
916 2670 1008 2731 Chae·

12 2763 59 2812 11111
68 2754 256 2838 Atheniense,
282 2757 437 2820 Chaeristo
454 2761 540 2837 item,
559 2757 692 2819 Diodoro
710 2758 872 2834 Prienaee,
892 2757 1008 2816 Dinone

30 2830 194 2921 Colophonio,
218 2843 356 2924 Epigene
377 2844 512 2921 Rhodio,
534 2843 677 2920 Euagora
695 2841 815 2918 Thasio,
837 2839 1008 2921 Euphronio

30 2917 154 3006 Athenaeo,
168 2929 354 2990 Androtione
368 2931 417 3008 qui
432 2929 468 2989 de
484 2927 660 3006 agricultura
675 2928 804 3007 scripsit,
823 2925 1007 2987 Aeschrione

31 3007 135 3090 ttiitem,
151 3013 324 3092 Lysimacho
344 3017 392 3093 qui
414 3016 500 3092 item,
516 3013 660 3089 Dionysio
676 3013 724 3092 qui
743 3010 898 3088 Magonem
916 3021 1007 3071 trans-

13 3087 84 3236 311ῐᾶ
99 3095 246 3200 Diophane
269 3101 317 3179 qui
343 3117 383 3159 ex
402 3097 544 3176 Dionysio
568 3099 696 3177 epitoma
716 3097 805 3173 lecit,
832 3095 1006 3156 Aristandro

31 3187 616 3330 ψῃ1111111111111111101111111111111111111111
638 3267 762 3344 frugum.
794 3265 846 3344 (1)
864 3264 1005 3342 Antiquo-

33 3359 71 3403 1111
85 3350 194 3412 studium
211 3355 242 3414 in
253 3354 437 3432 agricultura.
474 3350 525 3432 (2)
544 3349 626 3424 Quae
647 3353 738 3430 prima
754 3349 865 3410 Romae
886 3365 1003 3408 corona.

34 3422 147 3509 lespicea
167 3456 282 3498 corona.
319 3437 370 3519 (3)
388 3437 433 3498 De
452 3439 566 3516 iugero.
610 3434 662 3515 (4)
687 3433 830 3508 Quotiens
850 3433 1002 3510 atquibus

36 3517 170 3594 teporibus
194 3523 282 3584 inerit
298 3539 406 3584 summa
426 3523 523 3584 vilitas
539 3539 679 3582 annonae.
718 3519 769 3599 (5)
789 3517 845 3592 Qui
862 3516 1003 3577 inlustres
