2286 3938
177 196 241 263 238
532 211 562 259 e.
582 211 678 260 rmus
695 211 845 260 suenum

181 369 336 432 coniicitur
350 367 486 429 noctibus
500 375 626 447 propter
642 375 761 428 aestuus
785 375 816 428 et
830 368 943 426 stativis
963 366 1024 428 dies
1037 367 1136 427 absnmn

181 464 246 531 tur,
262 463 385 514 totuma
405 450 500 532 Copto
518 451 682 512 Berenicen
703 454 761 511 iter
774 451 946 512 duodecimo
964 452 1010 512 die
1027 455 1136 530 peragili

129 547 181 598 104
193 537 339 616 Navigare
359 539 499 616 incipiunt
518 544 631 596 aestate
652 536 746 610 media
768 543 836 596 ante
863 537 942 596 canis
966 545 1054 596 ortum
1073 545 1110 595 ant
1127 556 1136 594 ι

183 631 290 684 exortu
306 624 456 701 protinus,
471 620 656 699 'veniuntque
672 622 790 681 circiter
806 617 901 681 XXX.
931 621 979 682 die
995 619 1091 681 Ocelim
1104 620 1136 680 in

181 707 249 767 biae
270 715 318 765 aut
341 705 440 768 Canem
462 708 600 766 turiferae
617 707 758 784 regionis.
789 714 836 765 est
855 713 886 766 et
903 707 1005 765 tertius
1020 714 1105 784 portus
1120 723 1136 782 q

181 800 303 851 vocatur
317 789 417 866 liuza,
434 809 519 868 quem
531 789 628 850 Indica
644 791 790 867 navigatio
803 808 861 850 non
873 791 963 868 petit,
979 808 1032 850 nec
1045 791 1092 849 nisi
1104 797 1133 847 tn

183 875 362 953 odorumque
388 875 581 935 Arabicorum
603 883 794 936 mercatores.
839 876 914 934 intns
936 874 1080 953 oppidum,
1097 891 1136 948 reg

182 961 264 1037 eius,
279 959 442 1037 appellatur
454 958 601 1038 Sapphar,
618 958 752 1038 aliudque
767 958 854 1019 Save.
883 958 970 1022 ludos
983 968 1070 1018 autem
1083 967 1136 1034 peto

183 1043 261 1103 tibus
283 1043 466 1104 utilissimum
486 1053 532 1106 est
556 1045 592 1104 ab
617 1042 699 1104 Oceli
723 1042 835 1122 egredi.
876 1043 942 1102 inde
962 1051 1049 1102 vento
1068 1041 1136 1120 hippi

180 1129 317 1206 navigant
332 1127 436 1189 diebus
451 1127 501 1189 XL
518 1129 552 1189 ad
564 1131 685 1208 primum
699 1129 860 1206 emporium
874 1127 973 1187 Indiae
988 1125 1104 1186 blnairim
1116 1143 1136 1182 n

181 1211 376 1291 expetendum
401 1223 523 1292 propter
539 1215 650 1274 vicinos
672 1213 781 1291 piratas
805 1213 854 1291 qui
874 1214 1007 1290 optinent
1025 1211 1106 1271 locun
1122 1229 1136 1268 u

179 1299 255 1356 mine
273 1295 400 1373 Nitrias,
416 1315 512 1375 meque
528 1307 574 1357 est
588 1297 733 1358 abundans
744 1296 902 1357 mercibus.
933 1305 1080 1374 praeterea
1093 1296 1136 1368 long

180 1398 197 1440 a
213 1390 292 1441 terra
310 1381 395 1442 abest
410 1383 523 1441 navium
540 1384 626 1442 statio
634 1429 643 1458 ‚
664 1381 857 1460 lintribusque
872 1381 1041 1441 adferuntur
1055 1397 1126 1439 onera

181 1474 350 1541 egeruntur.
380 1464 523 1544 regnabat
537 1467 594 1543 ibi,
610 1484 674 1526 cum
690 1465 845 1545 proderem
861 1464 947 1541 baec,
967 1461 1136 1524 Caelobotlra

129 1551 178 1603 105
190 1548 274 1608 Alius
293 1549 393 1610 utilior
407 1559 510 1628 portus
531 1552 628 1628 gentis
650 1549 843 1627 Neacyndon,
866 1551 914 1629 qui
930 1559 1051 1609 vocatur
1065 1547 1135 1606 Becar

178 1631 219 1694 ibi
232 1634 375 1711 regnabat
386 1633 532 1712 Pandion,
546 1635 636 1713 longe
649 1633 684 1694 ab
697 1635 829 1712 emporio
840 1633 1054 1694 mediterraneo
1065 1632 1134 1691 distan

180 1717 288 1796 oppido
305 1719 384 1796 quod
397 1728 519 1779 vocatur
534 1717 664 1781 lllodura.
696 1719 781 1795 regio
795 1725 891 1777 autem
907 1735 945 1777 ex
960 1735 1017 1796 qna
1032 1719 1136 1795 pipern

178 1801 295 1878 noxvlis
310 1801 445 1863 lintribus
460 1802 591 1864 Becaren
608 1801 772 1864 convehunt
787 1810 907 1861 vocatur
923 1799 1094 1870 Cottonara,
1107 1819 1131 1876 qn

180 1888 275 1946 omnia
296 1889 425 1964 gentium
447 1895 619 1967 portuumve
642 1895 691 1948 aut
714 1885 885 1964 oppidorum
908 1887 1024 1946 nomina
1046 1884 1134 1963 apudn

177 1972 282 2030 minem
314 1973 441 2050 priorum
467 1973 672 2050 reperiuntur,
703 1988 760 2049 quo
786 1979 908 2050 apparet
931 1971 1033 2030 mutari
1059 1970 1135 2029 locoru

127 2055 310 2114 106statuus.
353 2053 399 2114 Ex
420 2055 499 2116 India
526 2058 699 2136 renavigant
721 2073 822 2115 mense
844 2055 998 2133 Aegyptio
1024 2053 1091 2130 'lybi
1109 2057 1128 2110 in

177 2139 296 2218 piente,
312 2149 414 2198 nostro
435 2139 601 2218 decembri,
623 2150 671 2200 aut
688 2141 787 2218 utique
803 2137 940 2200 Mechiris
956 2139 1133 2218 Aegyptini

177 2221 252 2282 diem
267 2230 392 2300 sextum,
409 2224 485 2302 quod
498 2225 528 2284 iit
543 2227 616 2286 intra
629 2223 710 2284 iduus
722 2223 869 2284 lanuarias
882 2232 1010 2284 nostras.
1035 2225 1072 2283 ita
1086 2239 1134 2292 eru

176 2314 207 2364 nt
223 2305 327 2366 eodem
343 2325 418 2368 anno
434 2317 574 2370 remeent
606 2311 742 2386 navigant
763 2317 856 2368 autem
872 2325 911 2368 ex
925 2307 1007 2368 ludia
1023 2315 1102 2366 vento
1115 2305 1134 2360 ι’

177 2398 260 2455 turno
279 2399 326 2468 et,
354 2410 417 2451 curn
437 2395 584 2454 intravere
606 2391 736 2453 Rubrum
759 2410 855 2470 mare,
884 2391 988 2452 A'irico
1012 2391 1059 2452 vel
1077 2395 1126 2449 aust

175 2472 258 2534 Nunc
270 2483 454 2537 revertemur
472 2477 506 2538 ad
523 2479 716 2556 propositum.

124 2567 173 2620 107
249 2555 334 2640 (27.)
359 2557 528 2621 Carmaniae
553 2578 631 2621 oram
652 2569 754 2641 patere
773 2559 949 2622 duodeciens
969 2559 1039 2621 Lm
1052 2573 1133 2644 passuq

174 2641 325 2704 Nearchus
341 2645 467 2744 scripsit
501 2645 538 2706 ab
557 2646 641 2706 initio
660 2647 723 2706 eius
747 2645 782 2706 ad
798 2644 904 2705 ilumen
923 2639 1023 2705 Sabim
1040 2643 1126 2718 clip

173 2747 265 2790 suum.
300 2729 368 2790 inde
385 2731 484 2790 vineas
506 2727 563 2790 coli
584 2737 615 2790 et
635 2747 705 2790 arva
726 2730 761 2791 ad
785 2728 891 2790 flumen
909 2727 1031 2790 Ananim
1052 2661 1126 2788 Xle

173 2815 278 2891 spatio.
316 2815 402 2893 regio
425 2822 544 2875 vocatur
560 2812 703 2892 Armysia.
742 2812 847 2894 oppida
868 2811 1037 2874 Carmaniae
1052 2811 1121 2872 Zetis

171 2896 359 2958 Alexandria.

236 2978 320 3060 (28.)
347 2981 486 3062 inrumpit
511 2983 616 3045 deinde
642 2991 672 3044 et
694 2983 725 3043 in
750 2981 804 3044 bac
830 2989 915 3061 parte
937 2983 1079 3060 geminum
1101 2997 1120 3036 n

172 3072 282 3140 terras,
299 3067 377 3145 quod
391 3066 519 3127 Rubrum
536 3066 639 3128 dixere
656 3069 766 3144 nostri,
783 3065 887 3128 Graeci
909 3065 1064 3141 Erythrum
1079 3079 1128 3122 are

170 3147 314 3226 Erythra,
329 3159 394 3228 aut,
411 3160 442 3210 ut
462 3151 509 3212 alii
518 3196 528 3229 ,
545 3151 617 3212 solis
632 3169 809 3231 repercussu
825 3151 912 3212 talem
924 3150 1003 3210 reddi
1017 3149 1131 3222 existinn

170 3241 217 3294 tes
238 3234 386 3322 colorem,
409 3236 457 3296 alii
480 3237 515 3297 ab
539 3235 648 3298 barema
667 3245 824 3316 terraque,
849 3235 898 3294 alii
919 3233 966 3294 tali
984 3252 1073 3313 aquae
1087 3234 1123 3308 ip

170 3325 280 3402 natura

120 3412 170 3463 108
243 3401 295 3466 24.
318 3402 408 3465 Sed'
400 3424 428 3464 rm
447 3405 518 3466 duos
536 3405 710 3466 dividitur
686 3423 795 3466 sununs
831 3421 856 3464 rs
872 3421 920 3483 qur
942 3403 977 3463 ab
994 3404 1130 3462 orientes

170 3487 306 3552 Persicus
319 3489 497 3569 appellatur,
516 3487 606 3573 lxxvi
619 3487 648 3550 m
660 3507 795 3570 passuum
814 3487 948 3564 circuitu,
966 3481 1123 3548 utllratostl
