2364 3930
179 135 243 200 208
526 131 555 186 O.
574 131 673 186 PLINI
693 131 849 186 SECUNDI

128 287 270 346 aoccoiro
290 283 449 362 multisque
474 280 512 343 ob
535 280 563 342 id
588 281 738 344 veneficiis
761 282 913 344 infament.
946 281 1089 346 dissident
1103 281 1172 342 thoes

180 393 213 436 ae
236 373 351 454 leones,
379 379 410 434 et
432 372 555 434 minima
576 388 670 450 aeque
694 389 728 432 ac
756 372 890 432 maxima.
937 371 1120 442 formicosam
1138 388 1171 430 ar·

180 464 283 525 borem
313 479 424 524 urucae
455 468 569 522 cavent
620 458 711 522 librat
740 478 868 521 araneus
899 479 931 522 se
961 461 1011 522 [ilo
1044 463 1077 524 iu
1103 467 1171 538 capul

180 555 328 632 serpentis
355 557 511 631 porrectae
535 548 591 610 sub
614 548 721 610 unrbra
751 549 867 611 arboris
899 568 970 612 suae
1000 558 1131 628 tantaque
1153 549 1172 606 u'

180 660 283 704 morsu
307 639 465 702 cerebrum
487 637 692 720 adprehendit,
715 647 750 700 ut
773 639 905 700 stridens
927 639 1054 703 subinde
1077 647 1105 700 et
1124 657 1171 698 rer-

181 733 272 811 tigine
301 738 395 792 rotata
423 747 461 790 ne
489 728 571 790 dlum
600 728 720 808 quidem
737 728 906 808 pendentis
934 747 1089 808 rumpere,
1117 727 1171 786 adeo

180 839 240 886 uon
264 821 366 898 fugere
390 825 487 897 queat.
532 836 589 878 nec
612 818 680 878 linis
703 825 771 880 ante
794 825 922 895 mortem
945 826 1002 880 est,

128 902 178 951 207
247 901 321 990 (96)
353 907 470 970 Rursus
493 908 579 968 amici
602 917 732 986 pavones
759 914 790 968 et
813 906 981 988 columbae,
1011 913 1133 977 turtures
1151 915 1169 964 et

180 999 311 1078 psittaci,
339 997 470 1058 mendae
498 1004 528 1058 et
555 1004 704 1078 turtures,
736 999 841 1058 cornix
874 1003 904 1057 et
933 995 1064 1058 ardiolae
1091 1003 1171 1056 contra

181 1085 313 1165 vulpium
340 1105 435 1167 genus
461 1083 671 1148 communibus
697 1087 876 1164 inimicitiis,
904 1085 999 1165 harpe
1030 1092 1060 1146 et
1087 1085 1172 1144 mirus

182 1184 285 1238 contra
303 1176 457 1236 triorchin.
485 1176 565 1256 quid,
588 1193 648 1236 non
673 1183 703 1236 et
725 1175 861 1238 adlectus
883 1175 994 1236 indicia
1018 1183 1086 1236 suut
1105 1175 1172 1234 etiam

129 1269 221 1326 ⁸.⁶1in
241 1264 443 1345 serpentibus,
471 1265 661 1326 inmitissimo
680 1264 850 1326 animalium
869 1261 1005 1344 genere?
1033 1265 1170 1326 dictasunt

183 1373 258 1434 quae
287 1353 411 1414 Arcadia
438 1361 539 1414 narrat
567 1354 604 1414 de
634 1353 754 1414 domino
787 1352 817 1431 [a
847 1353 991 1432 dracone]
1024 1362 1130 1414 serrato
1152 1361 1169 1408 rt

130 1455 181 1505 208
192 1445 291 1524 agnito
318 1461 390 1504 voce
419 1442 549 1504 draconi.
595 1442 631 1504 de
661 1443 761 1522 aspide
790 1443 966 1509 miraculum
996 1442 1170 1524 Phylarcho

182 1532 331 1594 reddatur.
377 1534 403 1592 is
426 1534 506 1594 enim
530 1539 633 1594 auctor
657 1540 712 1613 est,
736 1551 806 1594 cum
829 1533 864 1594 ad
887 1551 1026 1600 marisam
1047 1531 1172 1596 cuiusdam

182 1625 303 1684 veniens
322 1623 353 1701 in
368 1621 499 1702 Aegypto
519 1621 648 1684 aleretur
668 1621 790 1684 adsidue
814 1625 900 1686 enixa
923 1623 1050 1705 catulos,
1073 1639 1172 1702 quorun

183 1711 218 1772 ab
247 1730 307 1772 uno
335 1711 428 1774 filium
455 1710 581 1790 hospitis
610 1712 837 1793 interemptum,
868 1712 947 1774 illam
981 1730 1125 1774 reversam
1148 1707 1172 1768 ad

183 1801 428 1864 consuetudinem
452 1799 511 1865 eibi
533 1799 715 1862 intellexisse
739 1801 856 1881 culpam
884 1810 913 1862 et
935 1821 1043 1864 necem
1065 1799 1171 1864 londino

184 1891 290 1971 catulo,
314 1909 369 1954 nec
391 1898 495 1970 postea
517 1892 549 1952 in
573 1897 686 1955 tectrun
709 1891 741 1952 id
763 1909 921 1962 reversam.
1172 1899 1173 1952 l

130 1990 182 2040 aba
253 1975 310 2042 77.
326 1975 400 2064 (97)
424 1979 527 2042 Somm
541 1983 675 2060 quaestio
695 1999 755 2042 non
775 1979 933 2044 obscuram
950 1981 1172 2046 coniectationem

183 2070 280 2132 habet.
309 2073 339 2130 in
358 2069 553 2132 terrestribus
573 2071 671 2140 omnia
687 2087 763 2150 quae
784 2074 938 2136 coniveant
956 2069 1171 2138 dormiremus

185 2161 294 2220 festum
317 2168 371 2221 est.
408 2158 545 2239 aquatilia
569 2178 691 2239 quoque
713 2162 853 2240 exiguum
876 2159 1012 2242 quidem,
1036 2155 1170 2234 eunucu

185 2249 221 2310 de
246 2251 353 2310 ceteris
377 2247 525 2331 dubitant,
554 2247 684 2316 dormire
708 2258 807 2314 tamen
831 2252 1015 2332 existimant,
1042 2266 1099 2310 noo
1122 2263 1169 2324 ouq

184 2339 281 2398 lorum
312 2346 500 2420 argumento,
534 2340 606 2417 quia
632 2357 692 2400 non
722 2338 833 2401 hahent
863 2357 969 2421 genas,
1002 2357 1103 2402 venitm
1127 2338 1168 2416 ipq

186 2430 285 2508 quiete
309 2437 475 2517 cernuntur
497 2427 611 2507 placida
635 2447 691 2490 ceu
713 2436 861 2511 soporata,
884 2447 983 2508 neque
1007 2428 1085 2491 aliud
1106 2435 1167 2510 quoq

185 2518 294 2580 caudas
321 2519 468 2578 moventia
497 2525 527 2579 et
553 2517 590 2578 ad
617 2517 779 2580 tumultum
809 2518 936 2598 aliquem
966 2515 1166 2602 expavescenth

131 2607 229 2670 210de
253 2607 372 2688 thynnis
396 2607 594 2670 confidentius
616 2607 797 2670 adfirmatur.
833 2610 915 2670 iuxta
942 2609 1024 2688 ripas
1048 2609 1119 2668 enim
1137 2613 1165 2696 atq

184 2706 284 2777 petras
308 2698 472 2777 dormiunt,
494 2696 574 2775 plani
597 2703 696 2757 autem
718 2699 846 2776 piscium
869 2699 900 2758 in
929 2697 1017 2778 vado,
1050 2704 1082 2758 ut
1105 2713 1135 2754 m
1163 2711 1164 2714 ¹

185 2805 272 2866 saepe
296 2786 445 2847 tollantur.
483 2804 552 2846 nam
575 2784 707 2866 delphini
729 2785 937 2866 ballaenaeque
951 2793 1120 2857 ,stertentes

185 2877 242 2936 ianr
267 2876 436 2936 audiuntur.
482 2877 595 2938 insecta
618 2893 738 2955 quoque
766 2875 896 2958 dormire
925 2875 1046 2938 silentio
1068 2891 1129 2954 appa

188 2983 262 3043 quae
287 2984 324 3026 nc
348 2965 510 3028 luminibus
533 2965 653 3045 quidem
677 2964 802 3026 admotis
826 2967 1002 3026 excitentur.

112 3064 181 3115 r211
252 3048 326 3138 (98)
349 3054 444 3118 Homo
468 3057 586 3135 genitus
608 3055 755 3135 premitur
778 3072 882 3120 somno
904 3073 959 3134 per
982 3054 1091 3134 aliquot
1110 3069 1132 3110 m

187 3202 278 3212 -.....,..„
284 3207 296 3211 ..
302 3206 400 3212 ψ...

185 3347 191 3357 ι
259 3284 329 3340 lob
347 3282 377 3336 id
393 3289 425 3338 a.
450 3281 480 3336 id
497 3298 520 3336 r.
542 3283 546 3350 Ι
565 3283 647 3338 thoes
665 3298 690 3338 v.
715 3281 766 3349 cfr.
779 3280 868 3336 Arist
882 3281 900 3335 l.
915 3281 932 3335 l.
946 3297 970 3334 o.
985 3284 1028 3336 14.
1053 3280 1136 3346 elops

182 3349 315 3410 1ho·1ta.
340 3352 462 3412 hio-1¹².
487 3353 600 3410 tro-11.
624 3353 665 3410 io·
683 3358 714 3407 B.
787 3358 803 3406 3
823 3350 1024 3408 erucaer²1t².
1049 3347 1135 3406 muno

266 3433 299 3482 13
318 3427 435 3482 uomens
453 3441 499 3494 eqo
516 3427 605 3494 posui.
697 3431 730 3480 14
749 3424 847 3494 agnita
863 3429 888 3478 e
905 3441 919 3478 e
936 3439 1009 3480 corn·
1034 3423 1040 3492 Ι
1067 3421 1134 3475 draeo

182 3494 263 3573 nlla.
335 3493 825 3566 eleoniuoant(-nn-1t²t)r¹1t¹t
854 3495 946 3550 -inant
962 3495 1005 3548 1².
1033 3493 1115 3548 -tuant

182 3563 366 3641 {muanblth
429 3568 571 3637 asquia.
590 3568 713 3637 quiere.
782 3573 816 3624 25
835 3567 1014 3624 alianr¹ad
1075 3570 1129 3617 ide

183 3628 344 3692 drsnred.
418 3646 452 3694 31
471 3645 595 3710 quara.
