2286 3938
305 165 512 240 Parnassio
850 207 916 254 m

17 338 180 414 mdepravata
195 355 374 414 progressus
392 337 479 397 fieret
497 337 537 395 ad
554 335 843 412 depravatissimam,
863 336 916 397 sed

17 427 154 487 itanum
167 443 256 486 caesa
272 426 446 503 compendio
464 425 633 502 scripturae
651 427 753 485 uterer
772 428 803 485 et
825 444 915 502 pares

17 535 56 576 aas
71 516 211 591 syllabasve
233 517 266 575 in
288 517 434 592 principio
458 516 566 575 autin
592 515 652 574 fine
680 515 842 576 verborum
868 533 915 575 re·

17 613 65 678 ten
81 605 209 665 interdum
226 623 287 665 non
310 607 395 682 potui
417 605 456 664 ab
479 605 532 664 illo
556 604 660 664 ordine
682 623 744 665 non
765 597 914 666 recedere

17 691 58 753 *ded
69 713 115 753 nna
130 698 171 754 est
190 713 254 773 ree,
277 696 362 754 cuiue
384 698 419 755 ut
441 695 561 756 veniam
583 695 659 752 mihi
681 694 754 754 deut
776 695 914 772 legentes

16 783 151 862 tosvehm:
171 785 418 862 inaequalitatem
440 784 506 846 dico
525 783 676 860 quandam
698 785 915 862 commentarii,

16 867 124 948 hprimo
152 876 274 949 aspectu
306 873 395 934 facile
432 873 551 934 notabit
587 873 766 950 quicumque
797 873 915 949 priores

16 947 94 1112 kam
111 963 323 1038 posterioribus
352 964 579 1040 comparaverit.
625 963 734 1022 horum
761 963 841 1022 enim
867 965 915 1022 est

54 1053 173 1128 eopiosior
203 1061 296 1130 quam
326 1053 448 1114 illorum
480 1052 648 1126 adnotatio,
685 1071 762 1129 quae
794 1051 916 1129 quidem

16 1129 81 1222 truta
98 1145 163 1202 nata
184 1146 232 1203 est
258 1161 320 1203 non
346 1144 444 1203 solum
471 1161 507 1201 er
534 1143 704 1202 accessione
732 1141 841 1202 codicis
868 1160 915 1200 re-

16 1225 76 1306 Μ,
94 1231 169 1291 cuius
187 1233 331 1292 lectiones
354 1231 424 1291 inde
447 1228 562 1292 alibro
581 1231 625 1290 XI
643 1233 765 1308 praesto
789 1233 861 1290 sunt
883 1234 915 1290 et

16 1311 142 1394 peterem
163 1339 182 1380 a
203 1323 313 1382 ceteris
337 1323 522 1398 discrepant,
550 1340 657 1381 verum
684 1320 778 1380 etiam
805 1338 841 1380 ex
868 1338 914 1397 ec,

16 1397 59 1467 lh
79 1410 180 1470 ultimis
207 1412 296 1472 libris
324 1413 442 1471 mutato
471 1412 574 1488 aliqua
604 1429 641 1470 ex
669 1413 758 1486 parte
787 1409 913 1470 oonsilio

38 1500 151 1560 radices
174 1501 268 1561 etlam
287 1501 434 1561 editiones
453 1501 625 1577 superiores
643 1501 817 1558 constanter
836 1517 917 1558 com-

16 1475 80 1751 Ἑηή.
108 1591 216 1650 mutati
239 1591 481 1654 autemconsilii
503 1591 578 1650 haec
600 1607 691 1648 eausa
713 1589 780 1648 fuit.
826 1588 913 1648 initio

39 1695 63 1735 ne
75 1679 100 1736 in
114 1679 236 1740 nimiam
254 1679 486 1757 amplitudinem
504 1678 738 1739 commentarius
757 1681 915 1755 cresceret,

16 1739 46 1830 Iu
54 1768 166 1828 codicum
180 1771 350 1847 scripturae
363 1769 440 1829 nihil
454 1767 599 1830 adnotavi
611 1767 670 1827 nisi
689 1767 914 1827 emendationes

97 1863 232 1936 receptae
260 1863 411 1937 paucasve
442 1859 643 1934 coniecturas,
674 1875 748 1933 quaa
778 1875 839 1916 non
868 1857 912 1916 iu-

56 1965 84 2024 es,
104 1949 233 2011 sednon
251 1949 439 2026 reciptendas
458 1949 607 2024 ducerem,
631 1947 752 2024 additis,
774 1946 828 2005 ubi
846 1944 913 2004 fieri

46 2041 215 2110 ,auctuum
238 2039 424 2116 nominibus3
453 2055 529 2115 quae
553 2037 593 2096 ad
615 2039 731 2096 certum
759 2037 915 2096 auctorem
1028 2074 1031 2082 ·

15 2121 89 2200 fron
104 2132 252 2204 poterant,
278 2147 329 2188 eas
353 2127 576 2188 emendationes
599 2126 831 2186 noviss'rmorum
854 2124 915 2184 edi-

15 2209 99 2366 tnore
116 2219 258 2296 apposita
275 2219 381 2278 littera
401 2237 420 2277 v
443 2216 612 2294 significavi
634 2234 651 2274 e
673 2215 801 2292 vulgata
824 2232 916 2292 quam

42 2304 142 2366 lectione
160 2309 330 2368 translatas
353 2327 428 2367 esse.
454 2307 614 2383 vulgatam
632 2307 735 2365 autem
752 2304 916 2366 lectionem

27 2389 112 2471 dilgia
140 2389 216 2479 (vol.
239 2397 255 2456 I
277 2397 372 2474 praef.
395 2417 424 2473 p.
447 2389 568 2476 LXIII)
598 2393 818 2471 intellegebant
848 2413 915 2454 eam

15 2481 200 2566 thalecampii
228 2487 321 2547 editio
349 2487 483 2564 exhibet3
515 2503 608 2562 quare
637 2503 675 2543 ne
706 2503 763 2561 ego
795 2483 916 2560 quidem

15 2569 83 2634 tiores
98 2575 334 2653 Delecampiana
352 2576 498 2636 editIonee
516 2574 718 2651 Inspiciendes
744 2592 810 2633 esse
828 2575 915 2648 puta-

66 2669 143 2742 atque
167 2667 207 2726 ad
231 2667 311 2727 hunc
337 2666 461 2726 modum
487 2667 578 2742 longe
605 2665 768 2723 maximam
793 2663 916 2738 partem

46 2751 100 2815 'onis
128 2757 381 2834 conscripseram,
411 2757 613 2831 conscriptam
642 2753 822 2830 typothetae
851 2750 915 2809 iam

35 2859 118 2924 veram,
140 2867 211 2907 cum
234 2848 266 2906 in
289 2849 398 2924 quarta
420 2845 546 2922 plagula
569 2842 749 2920 corrigenda
770 2840 831 2899 VH
850 2841 915 2899 210

42 2932 147 3009 riptione
176 2937 294 2996 Graeca
321 2935 510 2995 Nausicratis
539 2951 649 2992 nomen
679 2930 870 2991 emendatum
897 2947 916 2988 a

22 3015 38 3076 'c
50 3043 90 3096 per
111 3045 245 3086 errorem
264 3025 418 3102 Scaligero
441 3023 592 3083 tributum
615 3041 682 3082 esse
706 3019 915 3080 animadverti.

15 3121 59 3168 tun
77 3115 288 3176 emendationis
312 3116 467 3175 auctorem
489 3112 646 3190 requirens
673 3111 706 3169 in
731 3109 916 3169 bibliotheca

15 3201 155 3265 *editiones
186 3205 412 3266 vetustissimas
448 3203 629 3263 evolvissem
663 3203 695 3259 et
723 3198 914 3259 Nausioratis

15 3281 67 3351 hta
77 3291 228 3354 Theodoro
244 3293 334 3370 Gaza,
351 3296 387 3352 ut
404 3293 479 3352 mihi
496 3290 626 3367 videtur,
644 3280 836 3370 restihrturn)
853 3287 917 3346 iam

15 3369 86 3440 dione
104 3383 223 3444 Veneta
244 3403 271 3443 a.
297 3385 382 3443 1472
407 3381 680 3459 deprehendissem,
704 3381 735 3438 et
758 3379 835 3437 hanc
856 3376 915 3435 Ve-

15 3473 71 3527 net
94 3472 254 3535 editionem
280 3473 476 3532 Parmensem
505 3490 532 3530 a.
559 3472 657 3546 1476,
687 3468 866 3543 ubIcumqne
897 3483 917 3522 a

15 3563 200 3638 absumptura
219 3563 424 3638 discesseram,
447 3561 564 3637 inspexi
583 3561 614 3618 et
637 3577 713 3634 quae
732 3557 764 3615 in
780 3553 914 3632 plagulis

15 3647 83 3714 erile
105 3657 187 3713 erant
217 3654 262 3712 ita
292 3651 420 3728 correxi,
451 3653 487 3710 ut
515 3651 651 3708 litteram
679 3667 698 3706 c
726 3646 765 3705 iis
796 3645 916 3703 tentum
