2302 3938
215 217 298 268 nur.
318 219 409 268 rursu.
427 219 459 266 v.
484 203 772 284 20-24.(17-2t.)
942 197 1003 264 201

26 371 121 451 phraten
141 381 169 432 et
184 391 256 452 quae
280 373 316 434 ad
343 373 444 434 Belum
465 377 622 450 vocantur,
650 371 859 448 Tardytenses.
893 369 1005 449 reliqua

26 465 98 516 autem
116 456 193 534 Syria
216 457 308 519 habet
332 458 482 538 (exceptis
504 475 579 535 quae
605 475 668 517 cum
688 455 838 535 Euphrate
858 455 1005 534 dicentur)
1141 527 1142 538 χ

26 539 207 620 Arbethusios,
229 541 438 620 Beroeensee,
460 540 684 620 Epiphanenses
705 541 741 601 ad
756 540 912 617 Orontem,
935 537 1007 599 hao-

26 625 117 684 direnos
139 628 184 706 qui
210 626 246 687 ad
271 626 409 687 Libanum
434 627 692 705 cognominantur,
723 624 902 700 Leucadios,
930 622 1008 683 Lari-

6 723 98 785 ssaeos,
120 718 234 788 praeter
249 709 423 773 tetrarchian
438 711 468 771 in
483 727 576 788 regna
591 709 753 789 descriptas
769 709 902 770 barbaris
917 707 1007 768 nomi·

26 793 196 854 nibusXVll.·
1142 813 1143 858 Τ

66 874 107 938 24.
134 876 214 958 (20.)
235 877 274 940 Et
294 879 332 941 de
354 879 502 959 Euphrate
528 879 586 941 hoe
608 880 637 940 in
665 879 732 941 loco
755 879 867 942 dixisse
892 880 1006 957 aptissi-
1024 878 1059 934 83
1142 923 1143 930 1

26 963 178 1025 nuniuerit.
212 964 307 1024 oritur
327 965 357 1024 in
378 965 564 1043 praefectura
579 963 737 1026 Armeniae
756 966 874 1024 maioris
892 961 1008 1024 Carani-

26 1045 78 1124 tide,
93 1053 120 1106 nt
133 1047 291 1126 prodidere
307 1066 346 1108 ex
360 1050 396 1109 iis
416 1051 464 1128 qui
481 1050 614 1128 proxime
629 1049 762 1110 viderant
776 1047 920 1109 Domitius
937 1045 1008 1108 Gor-

5 1129 73 1200 nbulo
89 1131 114 1190 in
128 1141 228 1194 moute
243 1131 327 1210 Aga,
349 1131 478 1194 Licinius
495 1131 644 1193 Mucianus
665 1134 718 1194 sub
740 1131 886 1193 radicibus
903 1132 1008 1192 montis

26 1231 83 1292 quem
103 1212 234 1296 Capoten
250 1216 397 1296 appellat,
418 1235 506 1296 supra
521 1215 661 1278 Zimaram
675 1215 729 1278 Xll
744 1216 774 1276 Μ
789 1235 940 1296 passuum,
956 1217 1008 1276 ini·
1143 1291 1144 1294 Ἴ

26 1299 51 1356 tio
63 1298 211 1376 Pyxurates
226 1302 402 1364 nominatus.
432 1300 495 1362 huit
506 1299 665 1378 Deruenen
678 1304 811 1380 primum,
830 1319 899 1362 mox
913 1300 1009 1361 Anae·
1143 1305 1144 1308 ’

26 1383 97 1461 ticam,
109 1383 267 1447 Armeniae
282 1387 423 1464 regiones
439 1405 454 1446 a
472 1384 657 1465 Cappadocia
679 1385 848 1448 excludens.
879 1383 1007 1446 Dascusa
1025 1393 1060 1446 84

25 1467 84 1527 abest
97 1486 110 1528 a
125 1467 238 1531 Zimara
253 1468 362 1530 LXXV
378 1469 408 1531 Μ
424 1487 577 1551 passuum,
599 1470 667 1531 inde
690 1473 842 1548 nauigatur
857 1470 1008 1530 Sartonam

7 1547 38 1607 tl
53 1550 74 1610 ll
89 1570 237 1632 passuum,
268 1553 430 1617 Melitenen
454 1553 657 1634 Cappadociae
679 1553 789 1616 XXllll
814 1554 843 1614 Μ
863 1572 1007 1634 passuum,

26 1632 132 1716 Elegeam
148 1637 310 1700 Armeniae
324 1637 353 1700 X
369 1639 399 1700 Μ
419 1658 556 1719 passuum
577 1640 708 1719 acceptis
733 1639 895 1700 huminibus
917 1637 1009 1715 Lyco,

27 1719 132 1800 Aroania,
153 1724 284 1785 Arsano.
320 1724 395 1803 apud
414 1723 557 1802 Elegeam
580 1725 708 1784 occurrit
730 1725 758 1785 ei
781 1722 892 1784 Taurus
913 1740 1008 1794 mons,

26 1821 61 1863 me
79 1809 180 1869 restitit
210 1827 380 1888 quamquam
406 1808 461 1869 Xll
488 1807 517 1868 Μ
543 1825 619 1887 pass.
647 1808 799 1870 latitudine
826 1808 1008 1888 praevalens.

27 1887 119 1950 lunam
134 1901 245 1954 vocant
258 1894 488 1973 inrumpentem,
504 1910 573 1952 mox
588 1893 637 1954 ubi
650 1894 812 1973 perfregit,
828 1891 1009 1972 Euphraten,

10 1971 75 2034 uultra
97 1993 210 2056 quoque
233 1995 370 2038 saxosum
391 1987 421 2040 et
443 1977 613 2038 violentum.
655 1977 794 2039 Arabiam
818 1977 885 2038 inde
914 1977 1008 2054 laeva,
1025 1982 1059 2036 85

28 2053 147 2120 Orrhoeon
166 2061 275 2122 dictam
292 2064 463 2143 regionem,
487 2061 655 2126 trischoena
673 2081 826 2141 mensura,
847 2061 1009 2141 dextraque

29 2137 211 2223 Commagenen
233 2145 430 2225 disterminat,
460 2149 559 2226 pontis
581 2155 676 2208 tamen
703 2149 789 2208 etiam
813 2147 862 2206 ubi
886 2147 1009 2208 Taurum

28 2234 140 2305 eupughat
165 2233 292 2311 patiens.
328 2231 404 2312 apud
426 2229 641 2310 Claudiopolim
667 2228 870 2312 Cappadociae
895 2249 1010 2293 cursum

28 2309 177 2374 udoccaeum
192 2315 267 2375 solis
286 2317 356 2392 egit.
389 2317 483 2395 primo
502 2316 577 2376 hunc
595 2316 657 2378 illic
675 2317 703 2376 in
719 2333 815 2395 pugna
831 2314 941 2377 Taurus
963 2335 1009 2376 au·

12 2391 76 2472 tlert,
97 2399 247 2478 uictusque
269 2407 299 2459 et
322 2399 454 2461 abscisus
473 2401 591 2462 sibimet
611 2401 772 2462 ullomodo
792 2401 880 2461 vincit
901 2419 935 2462 ac
955 2401 1010 2460 lra-

27 2485 77 2537 ctun
91 2483 209 2561 expellit
230 2484 259 2543 in
274 2485 434 2546 meridiem.
469 2487 509 2546 ita
525 2495 645 2546 naturae
666 2485 811 2546 dimicatio
835 2485 885 2545 illa
906 2503 1010 2564 aequa·

28 2563 118 2626 turhoc
137 2576 301 2647 euntequo
316 2569 395 2646 uult,
417 2569 661 2648 illoprohibente
683 2569 897 2648 irequavelit.
928 2587 1010 2628 aca·
1063 2561 1078 2582 ‘¹

28 2651 127 2736 tarraptis
141 2654 249 2713 iterum
265 2654 428 2732 navigatur.
456 2652 507 2714 XL
523 2651 552 2714 Μ
570 2671 705 2734 passuum
719 2654 787 2715 inde
800 2651 1010 2730 Commagenes

29 2739 86 2808 aput
100 2735 255 2798 Samosata.
315 2801 317 2806 ,

12 2829 22 2868 t
69 2815 139 2902 (21.)
166 2822 278 2883 Arabia
305 2825 494 2904 supradicta
520 2823 610 2886 habet
636 2823 744 2905 oppida
770 2822 911 2885 Edessam
938 2839 1012 2901 quae
1029 2827 1063 2882 86

31 2903 136 2972 quondam
151 2906 309 2968 Antiochia
320 2908 483 2988 dicebatur,
497 2907 683 2970 Callirrhoen
698 2927 714 2970 a
728 2910 810 2970 fonte
827 2909 1011 2985 nominatam,

33 2979 124 3049 Carrhas
141 2989 241 3052 Crassi
256 2991 340 3054 clade
356 2993 467 3058 nubile.
496 2993 627 3071 Iungitur
644 2993 829 3074 praelectum
843 2991 1011 3072 Mesopota·

32 3070 80 3160 piae
97 3073 128 3134 ab
150 3075 283 3153 Assyriis
304 3079 448 3156 originem
471 3078 609 3158 trahens,
635 3079 665 3138 in
686 3096 742 3157 qua
763 3077 953 3138 Anthemusia
981 3085 1012 3137 et
1072 3111 1081 3120 ,

32 3145 204 3234 litophorium
216 3161 331 3241 oppida.
360 3180 429 3223 mox
440 3163 556 3224 Arabes
575 3163 622 3242 qui
635 3161 769 3223 Praetavi
786 3171 934 3222 vocantur.
959 3162 1011 3221 ho·

13 3245 161 3322 truncaput
175 3243 306 3324 Singara.
337 3247 528 3308 aSamosatis
550 3257 662 3325 autem,
686 3247 780 3309 latere
795 3245 914 3322 Syriae,
938 3245 1012 3306 llar-

34 3330 176 3393 susannis
198 3330 299 3392 inbuit.
341 3329 466 3410 Cingilla
488 3330 704 3409 Commagenen
724 3331 801 3408 linit,
827 3330 1012 3394 lmeucornm

35 3403 107 3469 civitas
123 3413 227 3494 incipit.
251 3416 358 3496 oppida
374 3417 526 3477 adluuntur
541 3415 704 3497 Epiphania
722 3425 752 3477 et
767 3413 921 3476 Antiochia
937 3431 1011 3492 quac

35 3487 57 3545 td
69 3490 218 3574 Euphraten
234 3511 384 3580 vocantur,
399 3503 469 3562 item
481 3500 609 3580 Zeugma
624 3499 730 3562 LXXll
745 3497 859 3561 milibus
876 3515 1011 3577 passuum
1054 3577 1056 3584 y
