2396 3940
260 189 345 246 Nau.
363 191 455 247 Hier.
475 191 528 246 ΧΗ
547 197 652 248 13-14
672 193 799 263 (ae-ae)
974 194 1039 264 293

17 341 44 400 id
76 358 140 400 nec
169 341 230 402 ullo
258 359 421 421 congressu
449 342 627 404 seminarum
654 338 883 428 funerumque,
900 355 969 407 cnm
996 347 1041 408 in-

17 430 119 491 cidant
140 448 192 492 eas
210 431 333 492 arbores
351 439 402 494 aut
420 439 545 514 metant,
568 432 672 515 pollui,
695 440 784 513 atque
802 435 844 495 ita
865 433 1041 515 religionem
1088 457 1092 464 ·

17 523 132 581 mercis
155 524 267 602 augeri.
314 521 433 600 quidam
455 523 661 601 promiscuum
688 531 737 586 tus
764 525 801 584 iis
827 524 946 604 pupulis
974 543 1040 588 esse

16 609 144 671 tradunt
165 613 198 672 in
222 610 316 692 eduis,
338 611 387 672 alii
409 629 464 692 per
486 613 567 674 vices
590 629 737 674 annorum
759 611 858 676 dividi.

81 693 164 783 (31)
192 699 254 762 Nec
278 699 393 764 arboris
415 703 510 780 ipsius
534 703 673 781 quaesit
699 703 790 764 facies
818 711 942 766 consta.
988 723 1038 766 res
1057 713 1091 764 tu

15 791 41 848 in
66 789 184 850 Arabia
206 792 352 870 gessimus
380 799 410 852 et
432 790 565 852 Romana
593 806 675 854 arma
701 794 733 854 in
760 811 896 872 magnam
923 802 1039 874 partem

15 881 78 939 eius
108 887 323 962 penetravere,
350 879 439 942 Gaius
467 883 556 942 etiam
580 880 688 944 Caesar
710 881 836 962 Augusti
863 883 943 944 filins
969 883 1039 946 inde

16 969 145 1048 gloriam
167 972 266 1050 petiit,
294 988 349 1032 nec
373 970 533 1048 tamenab
560 970 635 1054 ullo,
663 971 743 1051 quod
771 973 910 1051 equidem
938 976 1039 1057 sciam,

16 1055 124 1120 Latino
159 1058 301 1120 arborum
334 1077 436 1122 earum
472 1060 580 1122 tradita
617 1069 663 1122 est
699 1062 799 1122 iacies.
855 1061 1037 1126 Graecorum
1057 1073 1091 1126 56

15 1148 156 1229 exempla
179 1151 307 1210 variant:
331 1149 380 1212 alii
403 1149 473 1214 solio
496 1152 568 1232 piri,
596 1152 711 1212 minore
735 1151 888 1214 dumtaxat
911 1160 942 1214 et
970 1153 1037 1214 her-

14 1235 75 1299 bidi
96 1238 221 1320 coloris,
238 1239 406 1321 prodidere,
430 1239 479 1304 alii
496 1239 623 1302 lentisco
647 1239 774 1303 similem
792 1240 940 1303 subrutilo
959 1241 1039 1326 folio,
1063 1237 1065 1241 ’

16 1329 142 1408 quidam
172 1327 377 1390 terebinthum
407 1347 490 1411 esse,
523 1337 554 1390 et
583 1329 641 1392 hoc
669 1333 767 1392 visum
796 1330 944 1410 Antigono
974 1334 1039 1412 regi

16 1418 113 1479 adlato
136 1418 254 1480 lrutice.
290 1417 377 1480 luba
400 1437 454 1480 rex
476 1421 514 1480 iis
536 1419 736 1481 voluminibus
760 1439 834 1500 quae
855 1423 980 1502 “scripsit
1003 1422 1039 1484 ad

8 1507 43 1568 C.
69 1506 234 1569 Caesarem
257 1509 383 1588 Augusti
405 1508 499 1570 tilium
527 1509 681 1572 ardentem
703 1510 780 1572 lama
802 1511 926 1574 Arabiae
949 1511 1040 1573 tradit

16 1599 153 1660 contorti
177 1615 243 1660 esse
267 1599 411 1682 caudicis,
439 1600 529 1660 ramis
557 1602 652 1662 aceris
680 1603 806 1664 maxime
829 1601 960 1682 Pontici,
989 1620 1038 1662 su-

16 1707 84 1748 cum
109 1687 282 1768 amygdalae
305 1689 393 1750 modo
417 1691 568 1771 emittere,
596 1689 729 1770 talesque
757 1693 788 1752 in
812 1689 965 1752 Carmania
988 1709 1038 1770 ap·

16 1794 125 1862 parere
150 1779 235 1838 etin
258 1777 390 1858 Aegypto
418 1786 496 1840 satas
524 1779 623 1840 studio
646 1779 885 1842 Ptolemaeorum
913 1799 1037 1861 regnan·

16 1871 98 1928 dum.
142 1869 255 1928 cortice
279 1867 355 1928 lauri
380 1887 445 1930 esse
469 1876 595 1952 constat,
618 1869 739 1949 quidam
762 1877 792 1942 et
814 1870 919 1932 folium
942 1871 1037 1933 simile
1058 1884 1091 1935 at

15 1955 131 2019 dixere.
184 1956 250 2018 talis
281 1965 362 2018 certe
393 1959 450 2020 luit
480 1958 568 2020 arbor
600 1958 752 2027 Sardibus.
803 1979 871 2021 nam
899 1969 929 2022 et
951 1961 1038 2020 Asiae

16 2053 103 2128 teges
125 2047 247 2109 serendi
270 2065 373 2109 curam
387 2047 574 2114 ,habuerunt
611 2051 662 2128 qui
684 2067 750 2118 mea
772 2057 868 2110 aetate
890 2049 979 2129 legati
1002 2067 1039 2110 ex

15 2137 127 2200 Arabia
150 2145 298 2210 uenerunt
322 2139 420 2200 omnia
442 2141 604 2200 incertiora
622 2139 769 2221 lecerunt,
792 2139 872 2218 quod
894 2141 961 2200 iure
985 2141 1037 2200 mi·

15 2243 137 2309 remur,
166 2229 259 2308 virgis
283 2229 372 2290 etiam
394 2230 471 2290 turis
499 2229 536 2290 ad
563 2245 619 2290 nos
647 2227 897 2313 commeantibus,
928 2229 1038 2310 quibus

15 2317 97 2380 credi
113 2325 216 2398 potest
234 2325 360 2380 matrem
375 2335 493 2398 quoque
511 2325 639 2380 teretem
658 2318 746 2380 enodi
759 2319 902 2381 fruticare
920 2327 1038 2382 trunco.

81 2401 162 2491 (32)
190 2406 262 2470 Meti
285 2401 376 2470 selnel
398 2426 476 2469 anno
501 2408 614 2470 solebat
637 2410 753 2470 minore
783 2411 939 2472 occasione
966 2429 1036 2471 uen-
1056 2422 1091 2473 as

15 2495 116 2560 dendi
171 2499 231 2558 iam
261 2504 404 2577 quaestus
434 2497 557 2560 alteram
587 2497 766 2560 vindemiam
798 2499 901 2560 adfert.
953 2501 1038 2578 prior

14 2595 105 2667 atque
133 2585 277 2648 naturalis
299 2587 447 2650 vindemia
470 2590 549 2650 circa
577 2590 659 2652 canis
682 2596 782 2650 ortum
808 2587 1037 2668 flagrantissimo

13 2686 117 2760 aestu,
147 2675 349 2738 incidentibus
373 2695 431 2757 qua
458 2679 585 2740 maxime
613 2679 749 2742 videatur
776 2695 842 2738 esse
870 2693 1037 2757 praegnans

13 2767 274 2846 tenuissimusque
311 2767 394 2828 tendi
431 2776 542 2830 cortex.
603 2767 717 2829 laxatur
754 2767 803 2828 bic
839 2765 940 2849 plaga,
976 2783 1038 2826 non

4 2857 168 2938 adimitur.
220 2856 289 2918 inde
321 2856 441 2936 prosilit
473 2877 577 2939 spuma
608 2857 750 2937 pinguis.
791 2856 865 2918 baec
897 2863 1050 2925 concreta,

14 2945 170 3028 densatur,
194 2944 246 3007 ubi
264 2945 323 3006 loci
346 2955 452 3008 natura
474 2956 578 3028 poscat
600 2954 698 3026 tegete
721 2945 837 3026 palmea
860 2947 1038 3029 excipiente,

14 3035 108 3097 aliubi
133 3053 202 3096 area
226 3037 448 3120 circtrmpavita.
483 3039 590 3118 purius
613 3036 663 3098 illo
686 3035 785 3120 modo,
808 3035 861 3098 sed
883 3035 941 3098 hoc
963 3055 1037 3116 pon·
1082 3119 1085 3126 Ι

88 3287 141 3336 Μ
160 3280 326 3351 religionem
344 3281 445 3338 mercis
465 3283 533 3351 (ces
551 3283 584 3351 n)
602 3279 810 3338 linconiDal.
847 3296 912 3336 -one
930 3293 1037 3334 merces

14 3371 62 3408 ru.
136 3359 161 3408 ’3
180 3354 276 3408 tuan.
302 3353 346 3408 ius
365 3369 409 3408 ro.
500 3358 632 3408 aearum
649 3351 922 3420 nadcod.Obiff.o.
951 3350 1038 3405 etiam

11 3431 46 3478 B.
131 3431 163 3478 14
177 3429 244 3493 post
257 3425 402 3480 ardentem
422 3423 564 3492 ‘deficiunt
581 3427 673 3478 XVII
686 3423 822 3494 capitulo'
842 3425 875 3479 iu
891 3428 930 3490 Β,-
948 3423 1038 3477 denuo

13 3497 119 3565 incipit
136 3495 227 3568 §103
244 3497 428 3564 myrobalano
446 3496 577 3566 pretium.
655 3501 687 3552 21
707 3497 845 3552 venerunt
861 3511 886 3550 o.
915 3496 991 3548 rant
1009 3494 1037 3548 ll.

90 3573 125 3622 23
138 3569 259 3622 teretem
272 3567 356 3624 bled.
367 3567 425 3624 oet.
451 3569 491 3624 -te
505 3585 528 3622 r.
555 3571 595 3624 ·te
614 3570 644 3623 et
661 3568 719 3625 eod.
729 3568 795 3624 Dal.
807 3567 899 3622 Hasd.
925 3568 995 3620 -tem
1009 3567 1039 3620 et

12 3641 151 3695 edmerus
161 3638 220 3695 Gcl.
297 3645 331 3696 25
350 3639 408 3696 iam
425 3639 490 3695 No.
518 3640 595 3696 uiam
613 3657 637 3696 r.
663 3641 668 3710 l
692 3639 865 3694 uindemiam
884 3640 948 3694 ded.
960 3637 1036 3692 Vere.

12 3712 80 3765 uid-
97 3711 141 3768 1t³.
169 3711 246 3768 uiam
264 3713 347 3770 redd.
356 3717 418 3770 neit.
491 3718 524 3766 31
546 3711 815 3783 circumponimenta
833 3730 857 3768 a.
