2286 3938
251 228 334 283 men.
353 227 445 284 uosr.
464 228 518 282 vn
537 233 606 282 1-c
627 229 716 297 (ι-ιι
970 224 992 289 3

5 387 101 437 naturae
126 393 196 439 vero
224 395 327 440 remur
353 380 399 439 vis
425 385 514 457 atque
540 380 679 439 maiestas
706 379 737 437 in
765 377 903 439 omnibus
927 397 1023 444 mor

2 470 86 528 mentis
105 467 160 528 lide
185 475 280 549 caret,
303 470 329 528 si
352 469 419 547 quis
441 467 530 528 modo
548 475 649 548 partos
672 468 738 528 elus
761 485 795 528 ac
818 486 878 528 non
896 475 990 529 totam

2 557 187 636 complectatur
209 559 316 618 auimo.
349 575 387 618 ne
410 575 540 637 pavones
562 575 597 618 ac
619 559 741 636 tigrium
763 557 988 637 pantherarum·

1 664 43 724 cyno
57 646 178 707 maculas
202 654 234 707 et
250 655 296 708 tot
314 647 484 708 animalium
502 649 635 726 picturas
657 663 900 729 commemorem,
922 665 989 728 par-

18 754 51 794 om
73 736 149 797 dictu
178 736 232 797 sed
258 738 428 797 inmensum
454 737 673 818 aestimatione,
702 742 748 796 tot
770 737 904 815 gentium
927 755 989 798 ser-

0 843 89 908 octones,
116 832 161 887 tot
184 825 316 907 linguae,
346 823 427 886 tanta
453 825 595 904 loquendi
618 827 759 906 varietas,
789 833 824 886 ut
847 833 988 887 externus

0 915 71 974 iono
89 933 185 994 paene
207 933 268 976 non
292 913 482 975 sithominis
504 917 577 976 vice.
609 917 668 974 iam
691 916 723 975 in
746 916 820 977 laoie
844 915 1022 996 vultuqucs

4 1013 76 1063 ostro
101 1023 171 1066 cum
198 1007 260 1066 sint
284 1004 387 1065 decem
415 1011 466 1065 aut
488 1004 576 1085 paulo
599 1004 686 1085 plura
713 1005 859 1086 membra,
891 1005 988 1066 nullas

1 1091 50 1152 *locs
68 1096 97 1153 in
117 1101 163 1154 tot
187 1093 308 1154 milibus
326 1093 480 1155 hominnm
502 1094 679 1156 indiscretas
703 1095 816 1174 efligies
835 1096 989 1176 exsistere,

4 1183 54 1242 ooo
74 1201 120 1243 ars
142 1183 226 1245 nulla
248 1185 281 1243 in
298 1185 402 1263 paucis
424 1201 551 1245 numero
569 1191 702 1263 praestet
720 1183 903 1245 adsectando.
931 1202 988 1244 nec

10 1289 70 1331 men
96 1291 149 1352 ego
181 1275 213 1332 in
241 1272 393 1352 plerisque
421 1291 527 1334 eorum
556 1272 740 1351 obstringam
766 1273 855 1334 fidem
882 1291 988 1354 meam,

0 1363 126 1440 ιιιιιιιιιι
155 1362 194 1422 ad
217 1369 356 1422 auctores
378 1362 517 1442 relegaho
541 1363 593 1441 qui
616 1361 714 1423 dubiis
738 1363 902 1424 reddentur
925 1380 987 1424 om-

1 1451 71 1532 fons,
100 1451 192 1513 niodo
220 1470 259 1512 ne
288 1453 327 1512 sit
353 1452 471 1512 lastidio
495 1450 624 1512 Graecos
653 1454 738 1532 sequi
766 1460 848 1512 tanto
875 1453 988 1512 maiore

1 1555 74 1599 orum
95 1541 249 1622 diligentia
272 1540 318 1600 vel
342 1559 414 1602 cura
436 1543 608 1602 vetustiore.

43 1623 71 1691 2.
90 1623 141 1712 (2)
165 1630 243 1692 Esse
259 1629 436 1710 Scytharum
454 1648 577 1711 genera,
601 1637 631 1690 et
650 1631 778 1710 quidem·
789 1631 887 1712 plura,
911 1649 986 1710 quac
1006 1646 1021 1692 o

3 1718 143 1796 corporibus
166 1720 307 1781 humanis
320 1713 522 1781 'vescerentur
538 1719 741 1782 indicavimus.
773 1720 803 1780 ld
826 1721 925 1800 ipsum
943 1713 1042 1818 in-ssssg

3 1806 107 1869 oedihile
130 1809 276 1890 fortasse,
307 1811 340 1868 ni
367 1811 532 1889 cogitemus
558 1812 590 1870 in
618 1809 715 1870 medio
743 1807 815 1870 orbe
838 1817 988 1870 terrarum

4 1913 17 1954 o
35 1896 122 1959 Sicilia
146 1907 179 1960 ιι
202 1897 286 1960 ltalia
309 1898 403 1960 luisse
426 1907 531 1978 gentes
558 1897 648 1960 hocius
671 1900 811 1979 monstri,
845 1897 986 1980 Cyclopas

5 1990 15 2046 l
30 1985 250 2070 laestrygonas,
283 1994 314 2049 et
340 1991 512 2068 nuperrime
536 1995 619 2049 trans
641 1987 730 2068 Alpes
756 1987 907 2048 hominem
933 1991 986 2048 im-

5 2075 71 2136 mlari
88 2081 226 2157 gentium
249 2095 354 2138 earum
371 2095 454 2138 more
474 2077 604 2160 solitum,
627 2078 707 2157 quod
725 2075 847 2158 pardum
870 2096 887 2138 a
904 2095 986 2138 man·

6 2163 65 2226 cmo
90 2167 186 2229 abest.
237 2167 292 2227 scd
317 2169 400 2227 iorxta
427 2185 480 2227 eos
506 2169 559 2246 qui
586 2173 657 2228 soant
688 2168 724 2227 ad
752 2169 986 2247 septentrionem
1006 2183 1039 2231 ιο

7 2257 57 2336 orsi,
75 2256 153 2317 haud
173 2255 283 2336 procul
301 2255 421 2336 abipso
445 2255 592 2335 aquilonis
615 2263 722 2316 exortu
745 2273 896 2336 specuque
921 2259 985 2318 eius

7 2340 62 2424 loto,
88 2364 179 2425 quem
202 2345 304 2406 locum
326 2343 516 2406 Gesclithron
540 2345 700 2426 appellant,
729 2346 899 2426 produntur
921 2341 1039 2433 Διί-ξιξ

7 2437 72 2513 taspi,
94 2453 172 2514 quos
196 2435 340 2515 diximus,
363 2453 423 2495 uno
446 2433 533 2496 oculo
557 2437 588 2495 in
607 2435 705 2496 fronte
726 2435 822 2496 media
845 2437 985 2515 insignes.
1006 2423 1012 2445 '

7 2521 75 2583 dhus
96 2525 222 2585 adsidue
245 2523 357 2585 bellum
380 2543 445 2584 esse
469 2526 549 2586 circa
571 2523 689 2585 metalla
712 2543 781 2586 cum
804 2527 917 2605 grypis,
943 2524 985 2583 fe-

7 2625 69 2672 nom
89 2615 206 2676 volorcri
224 2631 335 2693 genere
359 2613 556 2694 qualevulgo
578 2614 708 2674 traditur
731 2621 856 2674 eruente
879 2631 915 2673 ex
935 2631 985 2673 cu·

7 2697 73 2762 lcum
98 2722 224 2784 aurum,
254 2705 329 2763 mire
351 2704 515 2782 eupiditate
542 2704 667 2764 otieris
691 2701 928 2763 custodientibus
956 2709 986 2762 et

6 2791 124 2874 rimaspis
153 2792 357 2875 rapientibus,
386 2792 474 2854 multi
496 2794 549 2854 sed
571 2795 697 2853 maxime
720 2791 852 2852 illustres
875 2790 984 2852 Hero-

7 2879 73 2941 lotos
100 2891 130 2945 et
157 2884 325 2943 Aristeas
351 2881 573 2943 Proconnesius
603 2881 747 2942 scribunt.
791 2899 883 2961 super
912 2880 984 2942 alios
1004 2898 1036 2945 11

8 2975 68 3031 olom
87 2971 355 3053 Anthropophagos
375 2971 500 3052 Scythas
523 2973 554 3032 in
577 2971 704 3050 quadm
727 2971 857 3031 convalle
880 2989 986 3050 magma

8 3062 195 3123 momentis
221 3064 305 3141 regio
337 3070 383 3122 est
410 3079 486 3140 quae
512 3068 636 3121 vocatur
663 3059 836 3142 Abarimon,
866 3063 899 3121 in
926 3079 987 3140 qua

7 3143 116 3212 docstres
138 3154 245 3212 vivunt
266 3149 403 3211 homines
430 3153 542 3212 aversis
563 3157 633 3230 post
660 3169 747 3210 crura
769 3150 892 3231 plantis,
924 3152 983 3210 cxi·

8 3237 50 3295 tiae
73 3241 249 3323 velocitatis,
280 3241 392 3320 passim
414 3259 484 3301 curn
507 3240 580 3300 feris
602 3247 749 3319 ragentes.
794 3239 850 3301 hos
873 3242 904 3300 in
926 3239 984 3300 alio

7 3371 179 3390 ¹¹··——-.-—

6 3509 7 3516 y
37 3453 61 3524 Ι3
80 3465 201 3517 pavones
225 3450 270 3515 ll.‚·
297 3465 336 3504 coo
356 3465 499 3518 pavonum
522 3447 651 3504 colores?
728 3453 762 3502 18
785 3465 819 3502 ao
841 3445 933 3501 sicilia.
954 3448 984 3500 ιι

6 3511 57 3570 itha
71 3519 118 3574 a¹ol
133 3519 205 3576 noo.
234 3538 269 3575 ac
287 3519 379 3575 sicilia
397 3535 508 3589 quoque
527 3521 556 3575 et
572 3520 655 3574 italia
671 3517 716 3573 ι’.
742 3518 878 3574 abitalia
894 3533 928 3572 ae
947 3516 983 3570 si-

6 3583 46 3640 mlia
59 3590 95 3645 n².
121 3609 155 3648 so
173 3589 266 3648 sicilie
283 3609 307 3646 r.
362 3597 397 3646 23
414 3590 593 3647 Gssclithron
611 3593 673 3662 (γῆς
686 3591 822 3658 κλεῖθρον)
839 3588 984 3644 Turnebus

6 3655 45 3712 lb.
59 3666 102 3729 24,
113 3667 159 3720 42.
178 3665 230 3732 cfr.
249 3663 338 3719 Solio.
357 3667 407 3733 15,
420 3668 468 3721 20.
492 3663 670 3734 gesolilhnon
688 3661 724 3716 ι’.
749 3658 928 3731 ςιιιὶίιοιιι.

6 3725 26 3780 25
39 3732 100 3799 gnie
116 3734 160 3789 1².
189 3734 281 3808 cypris
299 3735 365 3790 lvd.
438 3741 471 3790 31
490 3735 583 3790 imave
601 3735 645 3789 2¹.

785 3821 821 3875 1*
