2308 3936
210 182 291 231 uer.
309 185 400 234 mar.
417 185 455 233 11.
477 181 598 238 69-73.
617 173 768 258 (ou-75.)
956 178 1015 240 105

32 336 173 415 eademque
198 338 227 398 in
248 339 350 402 Sicilia
375 341 521 424 exoriens.
558 342 632 404 solis
653 341 800 402 deiectum
820 343 962 425 Vipstano
987 356 1017 409 et

31 421 135 482 Fonteio
147 439 235 499 coss,
255 425 304 503 qui
315 423 400 486 fuere
415 435 481 490 ante
494 444 605 506 paucos
618 443 720 502 annos,
736 426 842 488 iactum
857 431 951 508 pridie
965 430 1015 492 lra-

32 505 117 566 leudas
129 504 218 567 Maias
234 505 392 587 Campania
406 509 478 572 bora
500 510 559 570 diei
574 512 648 572 inter
671 513 823 591 septimam
839 521 868 573 et
884 523 1016 576 octauam

32 589 118 666 sensit,
142 587 271 652 (lorbulo
293 593 352 653 dux
371 594 400 654 iu
415 593 551 656 Armenia
574 596 650 655 inter
671 594 773 656 horam
788 595 846 658 diei
877 595 1017 659 decimam

17 681 55 738 set
71 674 241 736 undecimam
264 677 390 756 prodidit
408 679 500 740 risum
523 680 644 740 circuitu
666 679 748 757 globi
770 680 826 742 alia
848 681 913 742 aliis
935 683 1017 744 dcta-

32 768 102 834 gente
117 769 146 820 et
160 759 337 823 occultante.
376 764 452 844 quod
467 764 492 824 si
507 763 593 844 plana
609 773 690 824 esset
705 774 800 842 terra,
823 765 907 827 simul
923 767 1017 828 omnia

30 854 185 921 apparerent
207 847 336 924 cunctis,
358 857 520 929 noctesque
541 865 599 910 non
622 849 726 910 iicreut
745 850 923 931 inaequales,
953 870 1017 912 narn

30 945 106 1005 aeque
125 928 189 990 aliis
213 948 299 1012 quam
315 933 345 992 in
360 933 457 996 medic
478 933 541 994 sitis
556 935 638 1013 paria
654 933 808 996 duodecim
824 934 959 996 horarum
975 936 1016 994 in·

30 1011 132 1072 terualla
157 1025 364 1095 cernerentur,
392 1035 467 1096 quae
490 1035 566 1078 nune
590 1035 648 1078 non
670 1019 698 1078 in
723 1020 800 1079 omni
825 1028 908 1099 parte
933 1019 1018 1080 simili

8 1096 98 1155 innodo
112 1109 285 1176 congruunt.

75 1181 120 1240 71.
139 1183 225 1264 (73.)
242 1183 313 1246 Ideo
328 1203 384 1246 nec
399 1203 458 1246 uox
481 1186 620 1266 diesque,
646 1187 775 1267 quamvis
791 1188 910 1264 eadem,
935 1196 995 1247 toto
1008 1194 1057 1251 181

30 1263 86 1324 orbe
101 1267 183 1328 simul
200 1278 262 1344 est,
280 1270 416 1349 oppositu
431 1270 512 1348 globi
527 1280 645 1332 noctem
658 1279 706 1331 aut
720 1269 828 1331 ambitu
844 1271 921 1332 diem
935 1271 1016 1332 adie-

28 1359 103 1410 rante.
129 1351 228 1414 llultis
243 1352 300 1414 boc
315 1356 460 1432 cognitum
476 1356 694 1435 experimentis,
711 1356 740 1414 in
753 1354 855 1417 Africa
867 1355 1017 1436 Hispania·

29 1451 71 1511 que
87 1437 204 1498 turrium
219 1436 397 1517 Hannibalis,
415 1440 443 1500 in
457 1439 529 1501 Asia
543 1457 617 1500 vero
632 1448 754 1520 propter
769 1440 909 1519 piraticos
924 1449 1017 1500 terro·

7 1537 65 1578 ures
88 1521 170 1581 simili
194 1523 379 1602 specularum
399 1524 547 1604 praesidio
571 1525 715 1600 excitato,
740 1523 854 1603 inquis
876 1542 1017 1604 praenun-

29 1605 70 1663 tios
84 1607 162 1684 ignes
175 1617 260 1668 sexta
275 1608 347 1670 bora
364 1609 422 1669 diei
438 1625 581 1669 accensos
597 1625 688 1687 saepe
705 1618 876 1688 conpertum
900 1618 944 1669 est
960 1618 1017 1668 ter·

29 1689 56 1747 tia
73 1692 165 1750 noetis
187 1709 204 1752 a
222 1701 309 1770 tergo
332 1694 438 1753 ultimis
460 1693 550 1754 visos.
588 1693 720 1756 eiusdem
735 1691 896 1754 Alexandri
917 1710 1020 1754 cursor

29 1771 179 1836 Philonides
200 1794 240 1836 ex
255 1778 383 1854 Sicyone
404 1777 470 1838 Elin
488 1776 574 1838 mille
601 1785 631 1837 et
650 1777 776 1838 ducenta
797 1777 888 1839 stadia
913 1795 1019 1838 novem

29 1857 72 1916 diei
86 1859 214 1920 confecit
228 1859 325 1937 boris,
344 1862 488 1942 indeque,
513 1862 642 1940 quamue
660 1861 767 1923 declivi
788 1862 910 1938 itinere,
934 1863 1020 1922 tertia

7 1945 105 2004 anoctis
120 1943 194 2004 bora
204 1963 357 2008 remensus
373 1956 419 2007 est
433 1946 561 2024 saepius.
579 1963 677 2022 cauea,
694 1946 772 2027 quod
786 1946 862 2006 eunti
879 1963 942 2006 cunr
955 1945 1018 2006 sole

28 2027 68 2086 iter
83 2037 154 2105 erat,
175 2030 300 2090 eundem
315 2049 450 2092 remeans
466 2030 582 2091 obvium
603 2031 749 2091 contrario
766 2029 1021 2110 praetervertebat

29 2127 141 2172 omursu.
169 2131 227 2194 qua
243 2114 281 2174 de
300 2133 387 2176 causa
403 2116 438 2176 ad
454 2131 591 2178 occasum
606 2115 788 2194 navigantes,
808 2115 937 2194 quamvis
952 2114 1020 2176 bre-

29 2197 126 2258 uissima
144 2197 211 2274 die,
233 2200 352 2260 vincunt
373 2201 466 2280 spatia
486 2209 645 2260 nocturnae
667 2200 859 2278 navigationis
876 2209 905 2260 ut
926 2199 1020 2260 solem

29 2281 101 2357 ipsum
119 2283 302 2344 comitantes.
607 2281 609 2285 ’

6 2375 22 2416 2⁵
77 2366 123 2426 72.
141 2367 227 2448 (74.)
246 2367 384 2447 Vasaque
405 2367 602 2448 horoscopica
618 2385 676 2429 nou
693 2367 800 2448 ubique
817 2368 920 2429 eadem
936 2375 1000 2426 sunt
1011 2373 1063 2430 182

27 2452 89 2526 usu,
107 2453 135 2511 in
149 2453 281 2513 trecenis
296 2453 408 2530 stadiis,
425 2462 472 2515 aut
487 2461 517 2513 ut
532 2452 702 2530 longissime
719 2453 747 2513 in
763 2451 944 2532 quingentis,
960 2469 1020 2512 mu-

28 2535 135 2596 tantibus
150 2545 247 2597 seruet
257 2537 366 2598 umbris
378 2537 461 2598 solis.
480 2537 579 2616 itaque
591 2536 719 2599 umbilici
732 2537 835 2616 (quem
846 2551 1021 2614 gnomonem

29 2619 175 2702 appellant)
199 2621 304 2684 umbra
327 2623 356 2682 iu
370 2622 509 2702 Aegypto
531 2621 690 2682 meridiano
706 2631 839 2702 tempore
855 2619 1021 2698 aequinocti

30 2701 63 2762 die
76 2707 159 2784 paulo
176 2706 244 2786 plus
260 2724 347 2786 quarn
362 2706 506 2768 dimidiam
521 2707 673 2784 gnomonis
689 2723 853 2766 mensuram
870 2703 976 2778 efficit,
993 2703 1021 2761 in

9 2788 85 2849 aurbe
100 2790 190 2852 Roma
204 2808 283 2852 noua
299 2809 368 2870 pars
383 2791 536 2870 gnomonis
551 2791 637 2852 deest
650 2789 780 2867 umbrae,
796 2790 825 2862 in
840 2787 949 2867 oppido
961 2786 1020 2846 An-

33 2890 87 2936 caua
99 2885 236 2956 superest
251 2876 350 2956 quinta
364 2875 527 2952 tricesima,
544 2875 573 2934 in
589 2883 672 2955 parte
688 2873 790 2936 ltaliae
807 2889 881 2953 quae
896 2869 1021 2932 Venetia

32 2959 175 3036 appellatur
189 2960 296 3021 iisdem
310 2961 390 3022 boris
406 2960 506 3022 umbra
518 2960 655 3038 gnomoni
672 2977 724 3039 par
741 2959 780 3018 iit.

77 3045 122 3106 73.
138 3046 223 3126 (75.)
247 3046 340 3106 Simili
360 3046 447 3107 modo
470 3045 584 3106 tradunt
604 3045 633 3103 in
655 3044 752 3120 Syene
771 3042 897 3122 oppido,
923 3041 1001 3121 quod
1013 3052 1064 3108 183

33 3136 66 3186 est
80 3147 161 3208 supra
177 3130 387 3192 Alexandriam
403 3131 529 3210 quinque
550 3127 667 3190 milibus
688 3127 826 3203 stadium,
852 3127 958 3186 solstiti
974 3126 1021 3186 die

9 3213 110 3272 anadio
123 3215 228 3276 nullam
245 3214 375 3275 umbram
389 3215 456 3291 iaci,
474 3223 652 3293 puteumque
669 3213 732 3272 eius
748 3212 940 3290 experimenti
956 3227 1021 3289 gra·

33 3295 61 3354 tia
74 3298 171 3360 lactum
190 3308 285 3360 totum
307 3297 475 3360 inluminari.
506 3315 545 3358 ex
562 3315 620 3379 qao
636 3314 781 3378 apparere
796 3305 855 3356 turn
871 3295 965 3356 solem
980 3293 1021 3354 illi

35 3375 87 3440 loco
103 3400 183 3462 supra
198 3385 344 3445 uerticem
360 3401 443 3459 esse,
462 3382 540 3462 quod
557 3381 630 3442 etin
646 3381 725 3442 ludia
743 3398 830 3461 supra
845 3379 949 3440 llumen
963 3377 1021 3451 Hy·

35 3466 109 3538 posim
122 3467 182 3528 lieri
196 3478 334 3549 ternpore
351 3467 455 3530 eodem
468 3465 649 3528 Onesicritus
661 3465 771 3526 scribit.
809 3472 978 3541 constatque
994 3461 1022 3519 in
